{
    "schema":{
        "fields":[
            {
                "name":"index",
                "type":"integer"
            },
            {
                "name":"아파트명",
                "type":"string"
            },
            {
                "name":"매매타입",
                "type":"string"
            },
            {
                "name":"전용면적(m2)",
                "type":"string"
            },
            {
                "name":"전용면적(평)",
                "type":"string"
            },
            {
                "name":"법정동주소",
                "type":"string"
            },
            {
                "name":"도로명주소",
                "type":"string"
            },
            {
                "name":"세대수",
                "type":"integer"
            },
            {
                "name":"입주년차",
                "type":"integer"
            },
            {
                "name":"용적률점수",
                "type":"string"
            },
            {
                "name":"건폐율점수",
                "type":"string"
            },
            {
                "name":"세대당주차수",
                "type":"integer"
            },
            {
                "name":"난방방식",
                "type":"integer"
            },
            {
                "name":"공급면적",
                "type":"string"
            },
            {
                "name":"전용률",
                "type":"string"
            },
            {
                "name":"욕실수",
                "type":"integer"
            },
            {
                "name":"현관타입",
                "type":"integer"
            },
            {
                "name":"주거총점",
                "type":"number"
            },
            {
                "name":"지역구공급총점",
                "type":"number"
            },
            {
                "name":"역세권",
                "type":"string"
            },
            {
                "name":"30분내 이동가능 거점",
                "type":"string"
            },
            {
                "name":"1시간내 이동가능 거점",
                "type":"string"
            },
            {
                "name":"교통총점",
                "type":"string"
            },
            {
                "name":"백화점",
                "type":"integer"
            },
            {
                "name":"아울렛몰",
                "type":"integer"
            },
            {
                "name":"대형마트",
                "type":"integer"
            },
            {
                "name":"은행",
                "type":"integer"
            },
            {
                "name":"병원",
                "type":"integer"
            },
            {
                "name":"종합병원",
                "type":"integer"
            },
            {
                "name":"공원",
                "type":"integer"
            },
            {
                "name":"혐오시설",
                "type":"integer"
            },
            {
                "name":"인프라총점",
                "type":"number"
            },
            {
                "name":"초등학군",
                "type":"number"
            },
            {
                "name":"중학군",
                "type":"number"
            },
            {
                "name":"학군총점",
                "type":"number"
            },
            {
                "name":"인구수",
                "type":"number"
            },
            {
                "name":"인구증감",
                "type":"number"
            },
            {
                "name":"인구총점",
                "type":"number"
            },
            {
                "name":"일자리",
                "type":"number"
            },
            {
                "name":"소득수준",
                "type":"number"
            },
            {
                "name":"일자리총점",
                "type":"number"
            },
            {
                "name":"가치 총점",
                "type":"number"
            },
            {
                "name":"매매실거래년",
                "type":"number"
            },
            {
                "name":"매매실거래가",
                "type":"number"
            },
            {
                "name":"평단가",
                "type":"string"
            },
            {
                "name":"전세실거래년",
                "type":"number"
            },
            {
                "name":"전세실거래가",
                "type":"number"
            },
            {
                "name":"전세가율",
                "type":"number"
            },
            {
                "name":"장기전세가율평균",
                "type":"string"
            },
            {
                "name":"전세가율거품지수",
                "type":"string"
            },
            {
                "name":"검색코드",
                "type":"integer"
            },
            {
                "name":"세대수",
                "type":"number"
            },
            {
                "name":"난방",
                "type":"string"
            },
            {
                "name":"주차",
                "type":"string"
            },
            {
                "name":"현관구조",
                "type":"string"
            },
            {
                "name":"관리비평균",
                "type":"number"
            },
            {
                "name":"방수",
                "type":"integer"
            },
            {
                "name":"욕실개수",
                "type":"integer"
            },
            {
                "name":"준공년월",
                "type":"string"
            },
            {
                "name":"준공년차",
                "type":"number"
            },
            {
                "name":"가까운역이름",
                "type":"string"
            },
            {
                "name":"가까운역거리",
                "type":"string"
            },
            {
                "name":"역세권여부",
                "type":"string"
            },
            {
                "name":"30분이내주요거점역",
                "type":"string"
            },
            {
                "name":"30분거점역이름",
                "type":"string"
            },
            {
                "name":"1시간이내주요거점역",
                "type":"string"
            },
            {
                "name":"1시간거점역이름",
                "type":"string"
            },
            {
                "name":"3km이내백화점수",
                "type":"integer"
            },
            {
                "name":"5km이내아울렛몰수",
                "type":"integer"
            },
            {
                "name":"1km이내대형먀트수",
                "type":"integer"
            },
            {
                "name":"500m이내은행수",
                "type":"integer"
            },
            {
                "name":"500m이내병원수",
                "type":"integer"
            },
            {
                "name":"5km이내대형병원수",
                "type":"integer"
            },
            {
                "name":"500m이내공원수",
                "type":"integer"
            },
            {
                "name":"3km이내혐오시설수",
                "type":"integer"
            },
            {
                "name":"300m이내상권",
                "type":"integer"
            },
            {
                "name":"300m이내점포수",
                "type":"integer"
            },
            {
                "name":"초등학교학업성취도",
                "type":"number"
            },
            {
                "name":"초등학교거리",
                "type":"number"
            },
            {
                "name":"중학교학업성취도",
                "type":"number"
            },
            {
                "name":"500m이내학원가",
                "type":"integer"
            },
            {
                "name":"500m이내학원수",
                "type":"integer"
            },
            {
                "name":"용적률",
                "type":"integer"
            },
            {
                "name":"건폐율",
                "type":"integer"
            },
            {
                "name":"Y",
                "type":"number"
            },
            {
                "name":"X",
                "type":"number"
            },
            {
                "name":"rank",
                "type":"number"
            },
            {
                "name":"area_info",
                "type":"string"
            },
            {
                "name":"sales_info",
                "type":"string"
            },
            {
                "name":"last_sales",
                "type":"string"
            },
            {
                "name":"maintenance",
                "type":"string"
            },
            {
                "name":"price_per",
                "type":"string"
            },
            {
                "name":"room",
                "type":"string"
            },
            {
                "name":"bath",
                "type":"string"
            },
            {
                "name":"rank_history",
                "type":"string"
            },
            {
                "name":"rank_gap",
                "type":"integer"
            }
        ],
        "primaryKey":[
            "index"
        ],
        "pandas_version":"1.4.0"
    },
    "data":[
        {
            "index":52,
            "아파트명":"힐스테이트화순",
            "매매타입":"아파트",
            "전용면적(m2)":"110.37",
            "전용면적(평)":"33평",
            "법정동주소":"전라남도 화순군 화순읍 교리 405",
            "도로명주소":"전라남도 화순군 칠충로 141-7",
            "세대수":50,
            "입주년차":100,
            "용적률점수":"--",
            "건폐율점수":"--",
            "세대당주차수":0,
            "난방방식":30,
            "공급면적":"--",
            "전용률":"--",
            "욕실수":100,
            "현관타입":100,
            "주거총점":60.5,
            "지역구공급총점":100.0,
            "역세권":"NA",
            "30분내 이동가능 거점":"NA",
            "1시간내 이동가능 거점":"NA",
            "교통총점":"NA",
            "백화점":0,
            "아울렛몰":0,
            "대형마트":100,
            "은행":20,
            "병원":60,
            "종합병원":80,
            "공원":80,
            "혐오시설":0,
            "인프라총점":43.4,
            "초등학군":100.0,
            "중학군":44.36,
            "학군총점":44.962,
            "인구수":6.08,
            "인구증감":-2.55,
            "인구총점":3.491,
            "일자리":4.8,
            "소득수준":60.31,
            "일자리총점":21.453,
            "가치 총점":50.7867,
            "매매실거래년":20210802.0,
            "매매실거래가":31830.0,
            "평단가":1019,
            "전세실거래년":null,
            "전세실거래가":null,
            "전세가율":null,
            "장기전세가율평균":"NA",
            "전세가율거품지수":"NA",
            "검색코드":124827,
            "세대수":604.0,
            "난방":"개별난방",
            "주차":"0 (세대당 0.0대)",
            "현관구조":"계단식",
            "관리비평균":null,
            "방수":3,
            "욕실개수":2,
            "준공년월":"2021-07-01",
            "준공년차":1.0,
            "가까운역이름":"NA",
            "가까운역거리":"NA",
            "역세권여부":"NA",
            "30분이내주요거점역":"NA",
            "30분거점역이름":"NA",
            "1시간이내주요거점역":"NA",
            "1시간거점역이름":"NA",
            "3km이내백화점수":0,
            "5km이내아울렛몰수":0,
            "1km이내대형먀트수":2,
            "500m이내은행수":2,
            "500m이내병원수":24,
            "5km이내대형병원수":1,
            "500m이내공원수":1,
            "3km이내혐오시설수":0,
            "300m이내상권":1,
            "300m이내점포수":223,
            "초등학교학업성취도":90.02,
            "초등학교거리":567.5006181728,
            "중학교학업성취도":73.0,
            "500m이내학원가":0,
            "500m이내학원수":0,
            "용적률":0,
            "건폐율":0,
            "Y":35.061088,
            "X":126.982362,
            "rank":1.0,
            "area_info":"33평(110.37),33평(110.75),33평(111.32),42평(141.49),71평(234.76),71평(234.76)",
            "sales_info":"3.405억 (2021-08-02),3.326억 (2021-06-09),3.183억 (2021-08-02),4.694억 (2021-07-03),8.954억 (2021-05-12),거래 정보 없음",
            "last_sales":"2021-08-02,31830.0,33평(111.32)",
            "maintenance":"nan,nan,nan,nan,nan,nan",
            "price_per":"1019,992,945,1096,1260,nan",
            "room":"3,3,3,4,4,4",
            "bath":"2,2,2,2,3,3",
            "rank_history":[
                [
                    "202205",
                    1
                ],
                [
                    "202204",
                    1
                ],
                [
                    "202203",
                    1
                ],
                [
                    "202202",
                    1
                ],
                [
                    "202201",
                    3
                ]
            ],
            "rank_gap":0
        },
        {
            "index":35,
            "아파트명":"화순삼천한양립스",
            "매매타입":"아파트",
            "전용면적(m2)":"80.52",
            "전용면적(평)":"24평",
            "법정동주소":"전라남도 화순군 화순읍 삼천리 1070",
            "도로명주소":"전라남도 화순군 쌍충로 13-20",
            "세대수":50,
            "입주년차":100,
            "용적률점수":"--",
            "건폐율점수":"--",
            "세대당주차수":30,
            "난방방식":30,
            "공급면적":"--",
            "전용률":"--",
            "욕실수":100,
            "현관타입":100,
            "주거총점":65.0,
            "지역구공급총점":100.0,
            "역세권":"NA",
            "30분내 이동가능 거점":"NA",
            "1시간내 이동가능 거점":"NA",
            "교통총점":"NA",
            "백화점":0,
            "아울렛몰":0,
            "대형마트":100,
            "은행":0,
            "병원":0,
            "종합병원":80,
            "공원":0,
            "혐오시설":0,
            "인프라총점":27.0,
            "초등학군":100.0,
            "중학군":44.36,
            "학군총점":44.962,
            "인구수":6.08,
            "인구증감":-2.55,
            "인구총점":3.491,
            "일자리":4.8,
            "소득수준":60.31,
            "일자리총점":21.453,
            "가치 총점":48.4867,
            "매매실거래년":20200316.0,
            "매매실거래가":24079.0,
            "평단가":673,
            "전세실거래년":null,
            "전세실거래가":null,
            "전세가율":null,
            "장기전세가율평균":"NA",
            "전세가율거품지수":"NA",
            "검색코드":126378,
            "세대수":612.0,
            "난방":"개별난방",
            "주차":"741 (세대당 1.21대)",
            "현관구조":"계단식",
            "관리비평균":null,
            "방수":3,
            "욕실개수":2,
            "준공년월":"2020-03-18",
            "준공년차":2.0,
            "가까운역이름":"NA",
            "가까운역거리":"NA",
            "역세권여부":"NA",
            "30분이내주요거점역":"NA",
            "30분거점역이름":"NA",
            "1시간이내주요거점역":"NA",
            "1시간거점역이름":"NA",
            "3km이내백화점수":0,
            "5km이내아울렛몰수":0,
            "1km이내대형먀트수":3,
            "500m이내은행수":0,
            "500m이내병원수":1,
            "5km이내대형병원수":1,
            "500m이내공원수":0,
            "3km이내혐오시설수":0,
            "300m이내상권":0,
            "300m이내점포수":0,
            "초등학교학업성취도":90.02,
            "초등학교거리":1391.0068784171,
            "중학교학업성취도":73.0,
            "500m이내학원가":0,
            "500m이내학원수":0,
            "용적률":213,
            "건폐율":22,
            "Y":35.053954,
            "X":126.979838,
            "rank":2.0,
            "area_info":"24평(80.52),32평(107.67),33평(112.18),45평(149.42)",
            "sales_info":"1.64억 (2020-03-11),2.4079억 (2020-03-16),2.5354억 (2020-03-10),3.5415억 (2020-03-03)",
            "last_sales":"2020-03-16,24079.0,32평(107.67)",
            "maintenance":"nan,nan,nan,nan",
            "price_per":"673,739,747,783",
            "room":"3,3,3,4",
            "bath":"2,2,2,2",
            "rank_history":[
                [
                    "202205",
                    2
                ],
                [
                    "202204",
                    2
                ],
                [
                    "202203",
                    2
                ],
                [
                    "202202",
                    2
                ],
                [
                    "202201",
                    1
                ]
            ],
            "rank_gap":0
        },
        {
            "index":30,
            "아파트명":"화순산이고운",
            "매매타입":"아파트",
            "전용면적(m2)":"100.16",
            "전용면적(평)":"30평",
            "법정동주소":"전라남도 화순군 화순읍 삼천리 1048",
            "도로명주소":"전라남도 화순군 쌍충로 14",
            "세대수":50,
            "입주년차":80,
            "용적률점수":"--",
            "건폐율점수":"--",
            "세대당주차수":30,
            "난방방식":30,
            "공급면적":"--",
            "전용률":"--",
            "욕실수":100,
            "현관타입":100,
            "주거총점":61.0,
            "지역구공급총점":100.0,
            "역세권":"NA",
            "30분내 이동가능 거점":"NA",
            "1시간내 이동가능 거점":"NA",
            "교통총점":"NA",
            "백화점":0,
            "아울렛몰":0,
            "대형마트":100,
            "은행":0,
            "병원":0,
            "종합병원":80,
            "공원":0,
            "혐오시설":0,
            "인프라총점":27.0,
            "초등학군":100.0,
            "중학군":44.36,
            "학군총점":44.962,
            "인구수":6.08,
            "인구증감":-2.55,
            "인구총점":3.491,
            "일자리":4.8,
            "소득수준":60.31,
            "일자리총점":21.453,
            "가치 총점":46.8867,
            "매매실거래년":20220429.0,
            "매매실거래가":30000.0,
            "평단가":848,
            "전세실거래년":20220430.0,
            "전세실거래가":25000.0,
            "전세가율":97.28,
            "장기전세가율평균":"NA",
            "전세가율거품지수":"NA",
            "검색코드":109874,
            "세대수":406.0,
            "난방":"개별난방",
            "주차":"514 (세대당 1.27대)",
            "현관구조":"계단식",
            "관리비평균":165763.0,
            "방수":3,
            "욕실개수":2,
            "준공년월":"2016-11-14",
            "준공년차":6.0,
            "가까운역이름":"NA",
            "가까운역거리":"NA",
            "역세권여부":"NA",
            "30분이내주요거점역":"NA",
            "30분거점역이름":"NA",
            "1시간이내주요거점역":"NA",
            "1시간거점역이름":"NA",
            "3km이내백화점수":0,
            "5km이내아울렛몰수":0,
            "1km이내대형먀트수":3,
            "500m이내은행수":0,
            "500m이내병원수":0,
            "5km이내대형병원수":1,
            "500m이내공원수":0,
            "3km이내혐오시설수":0,
            "300m이내상권":0,
            "300m이내점포수":0,
            "초등학교학업성취도":90.0,
            "초등학교거리":1216.6497008099,
            "중학교학업성취도":73.0,
            "500m이내학원가":0,
            "500m이내학원수":0,
            "용적률":190,
            "건폐율":22,
            "Y":35.05374,
            "X":126.982525,
            "rank":3.0,
            "area_info":"30평(100.16),34평(112.46)",
            "sales_info":"2.57억 (2022-02-12),3.0억 (2022-04-29)",
            "last_sales":"2022-04-29,30000.0,34평(112.46)",
            "maintenance":"165763.0,186761.0",
            "price_per":"848,881",
            "room":"3,4",
            "bath":"2,2",
            "rank_history":[
                [
                    "202205",
                    3
                ],
                [
                    "202204",
                    3
                ],
                [
                    "202203",
                    3
                ],
                [
                    "202202",
                    3
                ],
                [
                    "202201",
                    2
                ]
            ],
            "rank_gap":0
        },
        {
            "index":25,
            "아파트명":"화순부영3차",
            "매매타입":"아파트",
            "전용면적(m2)":"54.3",
            "전용면적(평)":"16평",
            "법정동주소":"전라남도 화순군 화순읍 만연리 243",
            "도로명주소":"전라남도 화순군 광덕로 180",
            "세대수":90,
            "입주년차":0,
            "용적률점수":"--",
            "건폐율점수":"--",
            "세대당주차수":0,
            "난방방식":30,
            "공급면적":"--",
            "전용률":"--",
            "욕실수":50,
            "현관타입":10,
            "주거총점":40.5,
            "지역구공급총점":100.0,
            "역세권":"NA",
            "30분내 이동가능 거점":"NA",
            "1시간내 이동가능 거점":"NA",
            "교통총점":"NA",
            "백화점":0,
            "아울렛몰":0,
            "대형마트":80,
            "은행":0,
            "병원":60,
            "종합병원":80,
            "공원":100,
            "혐오시설":0,
            "인프라총점":43.0,
            "초등학군":100.0,
            "중학군":44.36,
            "학군총점":56.962,
            "인구수":6.08,
            "인구증감":-2.55,
            "인구총점":3.491,
            "일자리":4.8,
            "소득수준":60.31,
            "일자리총점":21.453,
            "가치 총점":46.8867,
            "매매실거래년":18000101.0,
            "매매실거래가":null,
            "평단가":"nan",
            "전세실거래년":20220502.0,
            "전세실거래가":3462.0,
            "전세가율":null,
            "장기전세가율평균":"NA",
            "전세가율거품지수":"NA",
            "검색코드":16953,
            "세대수":1244.0,
            "난방":"개별난방",
            "주차":"857 (세대당 0.69대)",
            "현관구조":"복도식",
            "관리비평균":83213.0,
            "방수":2,
            "욕실개수":1,
            "준공년월":"1997-12-20",
            "준공년차":25.0,
            "가까운역이름":"NA",
            "가까운역거리":"NA",
            "역세권여부":"NA",
            "30분이내주요거점역":"NA",
            "30분거점역이름":"NA",
            "1시간이내주요거점역":"NA",
            "1시간거점역이름":"NA",
            "3km이내백화점수":0,
            "5km이내아울렛몰수":0,
            "1km이내대형먀트수":1,
            "500m이내은행수":1,
            "500m이내병원수":16,
            "5km이내대형병원수":1,
            "500m이내공원수":2,
            "3km이내혐오시설수":0,
            "300m이내상권":1,
            "300m이내점포수":446,
            "초등학교학업성취도":89.99,
            "초등학교거리":153.6470993711,
            "중학교학업성취도":73.0,
            "500m이내학원가":2,
            "500m이내학원수":29,
            "용적률":263,
            "건폐율":24,
            "Y":35.061141,
            "X":126.993482,
            "rank":4.0,
            "area_info":"16평(54.3),20평(68.04)",
            "sales_info":"거래 정보 없음,거래 정보 없음",
            "last_sales":"1800-01-01,nan,20평(68.04)",
            "maintenance":"83213.0,104266.0",
            "price_per":"nan,nan",
            "room":"2,2",
            "bath":"1,1",
            "rank_history":[
                [
                    "202205",
                    4
                ],
                [
                    "202204",
                    8
                ],
                [
                    "202203",
                    9
                ],
                [
                    "202202",
                    9
                ],
                [
                    "202201",
                    10
                ]
            ],
            "rank_gap":4
        },
        {
            "index":28,
            "아파트명":"화순부영6차",
            "매매타입":"아파트",
            "전용면적(m2)":"68.01",
            "전용면적(평)":"20평",
            "법정동주소":"전라남도 화순군 화순읍 신기리 405-3",
            "도로명주소":"전라남도 화순군 광덕로 215",
            "세대수":90,
            "입주년차":20,
            "용적률점수":"--",
            "건폐율점수":"--",
            "세대당주차수":0,
            "난방방식":30,
            "공급면적":"--",
            "전용률":"--",
            "욕실수":50,
            "현관타입":10,
            "주거총점":44.5,
            "지역구공급총점":100.0,
            "역세권":"NA",
            "30분내 이동가능 거점":"NA",
            "1시간내 이동가능 거점":"NA",
            "교통총점":"NA",
            "백화점":0,
            "아울렛몰":0,
            "대형마트":80,
            "은행":20,
            "병원":60,
            "종합병원":80,
            "공원":80,
            "혐오시설":0,
            "인프라총점":35.4,
            "초등학군":100.0,
            "중학군":44.36,
            "학군총점":56.962,
            "인구수":6.08,
            "인구증감":-2.55,
            "인구총점":3.491,
            "일자리":4.8,
            "소득수준":60.31,
            "일자리총점":21.453,
            "가치 총점":46.5867,
            "매매실거래년":18000101.0,
            "매매실거래가":null,
            "평단가":"nan",
            "전세실거래년":20220502.0,
            "전세실거래가":3849.0,
            "전세가율":null,
            "장기전세가율평균":"NA",
            "전세가율거품지수":"NA",
            "검색코드":16955,
            "세대수":1485.0,
            "난방":"개별난방",
            "주차":"1,006 (세대당 0.68대)",
            "현관구조":"복도식",
            "관리비평균":null,
            "방수":2,
            "욕실개수":1,
            "준공년월":"1998-10-22",
            "준공년차":24.0,
            "가까운역이름":"NA",
            "가까운역거리":"NA",
            "역세권여부":"NA",
            "30분이내주요거점역":"NA",
            "30분거점역이름":"NA",
            "1시간이내주요거점역":"NA",
            "1시간거점역이름":"NA",
            "3km이내백화점수":0,
            "5km이내아울렛몰수":0,
            "1km이내대형먀트수":1,
            "500m이내은행수":2,
            "500m이내병원수":13,
            "5km이내대형병원수":1,
            "500m이내공원수":1,
            "3km이내혐오시설수":0,
            "300m이내상권":2,
            "300m이내점포수":88,
            "초등학교학업성취도":89.99,
            "초등학교거리":486.4819001971,
            "중학교학업성취도":73.0,
            "500m이내학원가":2,
            "500m이내학원수":29,
            "용적률":263,
            "건폐율":22,
            "Y":35.064549,
            "X":126.991314,
            "rank":5.0,
            "area_info":"20평(68.01),24평(81.41)",
            "sales_info":"거래 정보 없음,거래 정보 없음",
            "last_sales":"1800-01-01,nan,24평(81.41)",
            "maintenance":"nan,nan",
            "price_per":"nan,nan",
            "room":"2,3",
            "bath":"1,1",
            "rank_history":[
                [
                    "202205",
                    5
                ],
                [
                    "202204",
                    5
                ],
                [
                    "202203",
                    7
                ],
                [
                    "202202",
                    7
                ],
                [
                    "202201",
                    8
                ]
            ],
            "rank_gap":0
        },
        {
            "index":3,
            "아파트명":"금호타운",
            "매매타입":"아파트",
            "전용면적(m2)":"89.82",
            "전용면적(평)":"27평",
            "법정동주소":"전라남도 화순군 화순읍 만연리 237-1",
            "도로명주소":"전라남도 화순군 광덕로 203",
            "세대수":50,
            "입주년차":0,
            "용적률점수":"--",
            "건폐율점수":"--",
            "세대당주차수":0,
            "난방방식":30,
            "공급면적":"--",
            "전용률":"--",
            "욕실수":50,
            "현관타입":100,
            "주거총점":35.5,
            "지역구공급총점":100.0,
            "역세권":"NA",
            "30분내 이동가능 거점":"NA",
            "1시간내 이동가능 거점":"NA",
            "교통총점":"NA",
            "백화점":0,
            "아울렛몰":0,
            "대형마트":100,
            "은행":70,
            "병원":60,
            "종합병원":80,
            "공원":100,
            "혐오시설":0,
            "인프라총점":49.5,
            "초등학군":100.0,
            "중학군":44.36,
            "학군총점":56.962,
            "인구수":6.08,
            "인구증감":-2.55,
            "인구총점":3.491,
            "일자리":4.8,
            "소득수준":60.31,
            "일자리총점":21.453,
            "가치 총점":46.5117,
            "매매실거래년":20220502.0,
            "매매실거래가":18100.0,
            "평단가":666,
            "전세실거래년":20220401.0,
            "전세실거래가":14000.0,
            "전세가율":77.35,
            "장기전세가율평균":"NA",
            "전세가율거품지수":"NA",
            "검색코드":4936,
            "세대수":506.0,
            "난방":"개별난방",
            "주차":"397 (세대당 0.78대)",
            "현관구조":"계단식",
            "관리비평균":147956.0,
            "방수":3,
            "욕실개수":1,
            "준공년월":"1997-12-19",
            "준공년차":25.0,
            "가까운역이름":"NA",
            "가까운역거리":"NA",
            "역세권여부":"NA",
            "30분이내주요거점역":"NA",
            "30분거점역이름":"NA",
            "1시간이내주요거점역":"NA",
            "1시간거점역이름":"NA",
            "3km이내백화점수":0,
            "5km이내아울렛몰수":0,
            "1km이내대형먀트수":2,
            "500m이내은행수":3,
            "500m이내병원수":17,
            "5km이내대형병원수":1,
            "500m이내공원수":2,
            "3km이내혐오시설수":0,
            "300m이내상권":1,
            "300m이내점포수":446,
            "초등학교학업성취도":89.99,
            "초등학교거리":375.5040267497,
            "중학교학업성취도":73.0,
            "500m이내학원가":2,
            "500m이내학원수":29,
            "용적률":219,
            "건폐율":18,
            "Y":35.062646,
            "X":126.991249,
            "rank":6.0,
            "area_info":"27평(89.82),31평(103.44)",
            "sales_info":"1.81억 (2022-05-02),1.865억 (2022-03-28)",
            "last_sales":"2022-05-02,18100.0,27평(89.82)",
            "maintenance":"147956.0,175445.0",
            "price_per":"666,596",
            "room":"3,3",
            "bath":"1,1",
            "rank_history":[
                [
                    "202205",
                    6
                ],
                [
                    "202204",
                    4
                ],
                [
                    "202203",
                    4
                ],
                [
                    "202202",
                    4
                ],
                [
                    "202201",
                    7
                ]
            ],
            "rank_gap":-2
        },
        {
            "index":32,
            "아파트명":"화순삼일파라뷰에듀시티(민간임대)",
            "매매타입":"아파트",
            "전용면적(m2)":"93.01",
            "전용면적(평)":"28평",
            "법정동주소":"전라남도 화순군 화순읍 벽라리 480번지 일원",
            "도로명주소":"전라남도 화순군 오성로 485",
            "세대수":50,
            "입주년차":100,
            "용적률점수":"--",
            "건폐율점수":"--",
            "세대당주차수":60,
            "난방방식":30,
            "공급면적":"--",
            "전용률":"--",
            "욕실수":100,
            "현관타입":100,
            "주거총점":69.5,
            "지역구공급총점":100.0,
            "역세권":"NA",
            "30분내 이동가능 거점":"NA",
            "1시간내 이동가능 거점":"NA",
            "교통총점":"NA",
            "백화점":0,
            "아울렛몰":0,
            "대형마트":0,
            "은행":0,
            "병원":0,
            "종합병원":80,
            "공원":0,
            "혐오시설":0,
            "인프라총점":12.0,
            "초등학군":100.0,
            "중학군":43.14,
            "학군총점":44.413,
            "인구수":6.08,
            "인구증감":-2.55,
            "인구총점":3.491,
            "일자리":4.8,
            "소득수준":60.31,
            "일자리총점":21.453,
            "가치 총점":46.34455,
            "매매실거래년":18000101.0,
            "매매실거래가":null,
            "평단가":"nan",
            "전세실거래년":20210930.0,
            "전세실거래가":15000.0,
            "전세가율":null,
            "장기전세가율평균":"NA",
            "전세가율거품지수":"NA",
            "검색코드":125042,
            "세대수":513.0,
            "난방":"개별난방",
            "주차":"701 (세대당 1.37대)",
            "현관구조":"계단식",
            "관리비평균":null,
            "방수":3,
            "욕실개수":2,
            "준공년월":"2021-10-01",
            "준공년차":1.0,
            "가까운역이름":"NA",
            "가까운역거리":"NA",
            "역세권여부":"NA",
            "30분이내주요거점역":"NA",
            "30분거점역이름":"NA",
            "1시간이내주요거점역":"NA",
            "1시간거점역이름":"NA",
            "3km이내백화점수":0,
            "5km이내아울렛몰수":0,
            "1km이내대형먀트수":0,
            "500m이내은행수":0,
            "500m이내병원수":0,
            "5km이내대형병원수":1,
            "500m이내공원수":0,
            "3km이내혐오시설수":0,
            "300m이내상권":0,
            "300m이내점포수":0,
            "초등학교학업성취도":90.07,
            "초등학교거리":184.2781647142,
            "중학교학업성취도":71.5,
            "500m이내학원가":0,
            "500m이내학원수":0,
            "용적률":0,
            "건폐율":15,
            "Y":35.052789,
            "X":126.961877,
            "rank":7.0,
            "area_info":"28평(93.01),34평(114.83),34평(115.26)",
            "sales_info":"거래 정보 없음,거래 정보 없음,거래 정보 없음",
            "last_sales":"1800-01-01,nan,34평(115.26)",
            "maintenance":"nan,nan,nan",
            "price_per":"nan,nan,nan",
            "room":"3,3,3",
            "bath":"2,2,2",
            "rank_history":[
                [
                    "202205",
                    7
                ],
                [
                    "202204",
                    6
                ],
                [
                    "202203",
                    5
                ],
                [
                    "202202",
                    5
                ],
                [
                    "202201",
                    4
                ]
            ],
            "rank_gap":-1
        },
        {
            "index":27,
            "아파트명":"화순부영5차",
            "매매타입":"아파트",
            "전용면적(m2)":"68.68",
            "전용면적(평)":"20평",
            "법정동주소":"전라남도 화순군 화순읍 만연리 244",
            "도로명주소":"전라남도 화순군 광덕로 202",
            "세대수":90,
            "입주년차":0,
            "용적률점수":"--",
            "건폐율점수":"--",
            "세대당주차수":0,
            "난방방식":30,
            "공급면적":"--",
            "전용률":"--",
            "욕실수":50,
            "현관타입":10,
            "주거총점":40.5,
            "지역구공급총점":100.0,
            "역세권":"NA",
            "30분내 이동가능 거점":"NA",
            "1시간내 이동가능 거점":"NA",
            "교통총점":"NA",
            "백화점":0,
            "아울렛몰":0,
            "대형마트":80,
            "은행":0,
            "병원":60,
            "종합병원":80,
            "공원":100,
            "혐오시설":0,
            "인프라총점":33.0,
            "초등학군":100.0,
            "중학군":44.36,
            "학군총점":56.962,
            "인구수":6.08,
            "인구증감":-2.55,
            "인구총점":3.491,
            "일자리":4.8,
            "소득수준":60.31,
            "일자리총점":21.453,
            "가치 총점":44.3867,
            "매매실거래년":18000101.0,
            "매매실거래가":null,
            "평단가":"nan",
            "전세실거래년":20220429.0,
            "전세실거래가":4176.0,
            "전세가율":null,
            "장기전세가율평균":"NA",
            "전세가율거품지수":"NA",
            "검색코드":16954,
            "세대수":1026.0,
            "난방":"개별난방",
            "주차":"642 (세대당 0.63대)",
            "현관구조":"복도식",
            "관리비평균":104288.0,
            "방수":2,
            "욕실개수":1,
            "준공년월":"1997-12-31",
            "준공년차":25.0,
            "가까운역이름":"NA",
            "가까운역거리":"NA",
            "역세권여부":"NA",
            "30분이내주요거점역":"NA",
            "30분거점역이름":"NA",
            "1시간이내주요거점역":"NA",
            "1시간거점역이름":"NA",
            "3km이내백화점수":0,
            "5km이내아울렛몰수":0,
            "1km이내대형먀트수":1,
            "500m이내은행수":1,
            "500m이내병원수":15,
            "5km이내대형병원수":1,
            "500m이내공원수":3,
            "3km이내혐오시설수":0,
            "300m이내상권":0,
            "300m이내점포수":0,
            "초등학교학업성취도":89.99,
            "초등학교거리":180.7869663947,
            "중학교학업성취도":73.0,
            "500m이내학원가":2,
            "500m이내학원수":29,
            "용적률":264,
            "건폐율":24,
            "Y":35.062521,
            "X":126.993597,
            "rank":8.0,
            "area_info":"20평(68.68)",
            "sales_info":"거래 정보 없음",
            "last_sales":"1800-01-01,nan,20평(68.68)",
            "maintenance":"104288.0",
            "price_per":"nan",
            "room":"2",
            "bath":"1",
            "rank_history":[
                [
                    "202205",
                    8
                ],
                [
                    "202204",
                    8
                ],
                [
                    "202203",
                    9
                ],
                [
                    "202202",
                    9
                ],
                [
                    "202201",
                    10
                ]
            ],
            "rank_gap":0
        },
        {
            "index":49,
            "아파트명":"화순청전",
            "매매타입":"아파트",
            "전용면적(m2)":"75.36",
            "전용면적(평)":"22평",
            "법정동주소":"전라남도 화순군 화순읍 일심리 670",
            "도로명주소":"전라남도 화순군 광덕로 156",
            "세대수":50,
            "입주년차":0,
            "용적률점수":"--",
            "건폐율점수":"--",
            "세대당주차수":0,
            "난방방식":30,
            "공급면적":"--",
            "전용률":"--",
            "욕실수":50,
            "현관타입":100,
            "주거총점":35.5,
            "지역구공급총점":100.0,
            "역세권":"NA",
            "30분내 이동가능 거점":"NA",
            "1시간내 이동가능 거점":"NA",
            "교통총점":"NA",
            "백화점":0,
            "아울렛몰":0,
            "대형마트":100,
            "은행":0,
            "병원":60,
            "종합병원":80,
            "공원":100,
            "혐오시설":0,
            "인프라총점":36.0,
            "초등학군":100.0,
            "중학군":44.36,
            "학군총점":56.962,
            "인구수":6.08,
            "인구증감":-2.55,
            "인구총점":3.491,
            "일자리":4.8,
            "소득수준":60.31,
            "일자리총점":21.453,
            "가치 총점":43.1367,
            "매매실거래년":20220430.0,
            "매매실거래가":9200.0,
            "평단가":403,
            "전세실거래년":20211127.0,
            "전세실거래가":7000.0,
            "전세가율":76.09,
            "장기전세가율평균":"NA",
            "전세가율거품지수":"NA",
            "검색코드":14944,
            "세대수":692.0,
            "난방":"개별난방",
            "주차":"430 (세대당 0.62대)",
            "현관구조":"계단식",
            "관리비평균":107256.0,
            "방수":3,
            "욕실개수":1,
            "준공년월":"1996-06-28",
            "준공년차":26.0,
            "가까운역이름":"NA",
            "가까운역거리":"NA",
            "역세권여부":"NA",
            "30분이내주요거점역":"NA",
            "30분거점역이름":"NA",
            "1시간이내주요거점역":"NA",
            "1시간거점역이름":"NA",
            "3km이내백화점수":0,
            "5km이내아울렛몰수":0,
            "1km이내대형먀트수":2,
            "500m이내은행수":1,
            "500m이내병원수":15,
            "5km이내대형병원수":1,
            "500m이내공원수":4,
            "3km이내혐오시설수":0,
            "300m이내상권":0,
            "300m이내점포수":0,
            "초등학교학업성취도":89.99,
            "초등학교거리":324.7617014519,
            "중학교학업성취도":73.0,
            "500m이내학원가":1,
            "500m이내학원수":21,
            "용적률":236,
            "건폐율":25,
            "Y":35.058835,
            "X":126.993598,
            "rank":9.0,
            "area_info":"22평(75.36),31평(102.82)",
            "sales_info":"0.92억 (2022-04-30),1.67억 (2022-02-12)",
            "last_sales":"2022-04-30,9200.0,22평(75.36)",
            "maintenance":"107256.0,151327.0",
            "price_per":"403,536",
            "room":"3,3",
            "bath":"1,2",
            "rank_history":[
                [
                    "202205",
                    9
                ],
                [
                    "202204",
                    10
                ],
                [
                    "202203",
                    10
                ],
                [
                    "202202",
                    10
                ],
                [
                    "202201",
                    6
                ]
            ],
            "rank_gap":1
        },
        {
            "index":13,
            "아파트명":"미륭타운,유창3차",
            "매매타입":"아파트",
            "전용면적(m2)":"72.87",
            "전용면적(평)":"22평",
            "법정동주소":"전라남도 화순군 화순읍 광덕리 321",
            "도로명주소":"전라남도 화순군 광덕로 139",
            "세대수":50,
            "입주년차":0,
            "용적률점수":"--",
            "건폐율점수":"--",
            "세대당주차수":0,
            "난방방식":30,
            "공급면적":"--",
            "전용률":"--",
            "욕실수":50,
            "현관타입":100,
            "주거총점":35.5,
            "지역구공급총점":100.0,
            "역세권":"NA",
            "30분내 이동가능 거점":"NA",
            "1시간내 이동가능 거점":"NA",
            "교통총점":"NA",
            "백화점":0,
            "아울렛몰":0,
            "대형마트":100,
            "은행":0,
            "병원":60,
            "종합병원":80,
            "공원":100,
            "혐오시설":0,
            "인프라총점":36.0,
            "초등학군":100.0,
            "중학군":44.36,
            "학군총점":56.962,
            "인구수":6.08,
            "인구증감":-2.55,
            "인구총점":3.491,
            "일자리":4.8,
            "소득수준":60.31,
            "일자리총점":21.453,
            "가치 총점":43.1367,
            "매매실거래년":20220420.0,
            "매매실거래가":9000.0,
            "평단가":471,
            "전세실거래년":null,
            "전세실거래가":null,
            "전세가율":null,
            "장기전세가율평균":"NA",
            "전세가율거품지수":"NA",
            "검색코드":4938,
            "세대수":420.0,
            "난방":"개별난방",
            "주차":"204 (세대당 0.49대)",
            "현관구조":"계단식",
            "관리비평균":null,
            "방수":3,
            "욕실개수":1,
            "준공년월":"1992-06-25",
            "준공년차":30.0,
            "가까운역이름":"NA",
            "가까운역거리":"NA",
            "역세권여부":"NA",
            "30분이내주요거점역":"NA",
            "30분거점역이름":"NA",
            "1시간이내주요거점역":"NA",
            "1시간거점역이름":"NA",
            "3km이내백화점수":0,
            "5km이내아울렛몰수":0,
            "1km이내대형먀트수":3,
            "500m이내은행수":1,
            "500m이내병원수":14,
            "5km이내대형병원수":1,
            "500m이내공원수":3,
            "3km이내혐오시설수":0,
            "300m이내상권":0,
            "300m이내점포수":0,
            "초등학교학업성취도":90.0,
            "초등학교거리":390.9397791688,
            "중학교학업성취도":73.0,
            "500m이내학원가":1,
            "500m이내학원수":21,
            "용적률":234,
            "건폐율":24,
            "Y":35.057575,
            "X":126.991662,
            "rank":9.0,
            "area_info":"22평(72.87),22평(75.4),31평(103.74)",
            "sales_info":"1.04억 (2020-10-08),0.9억 (2022-04-20),1.1억 (2022-04-03)",
            "last_sales":"2022-04-20,9000.0,22평(75.4)",
            "maintenance":"nan,nan,nan",
            "price_per":"471,394,350",
            "room":"3,3,3",
            "bath":"1,1,2",
            "rank_history":[
                [
                    "202205",
                    9
                ],
                [
                    "202204",
                    9
                ],
                [
                    "202203",
                    8
                ],
                [
                    "202202",
                    8
                ],
                [
                    "202201",
                    5
                ]
            ],
            "rank_gap":0
        },
        {
            "index":10,
            "아파트명":"대성베르힐",
            "매매타입":"아파트",
            "전용면적(m2)":"107.18",
            "전용면적(평)":"32평",
            "법정동주소":"전라남도 화순군 화순읍 대리 102",
            "도로명주소":"전라남도 화순군 칠충로 61-28",
            "세대수":30,
            "입주년차":60,
            "용적률점수":"--",
            "건폐율점수":"--",
            "세대당주차수":30,
            "난방방식":30,
            "공급면적":"--",
            "전용률":"--",
            "욕실수":100,
            "현관타입":100,
            "주거총점":50.0,
            "지역구공급총점":100.0,
            "역세권":"NA",
            "30분내 이동가능 거점":"NA",
            "1시간내 이동가능 거점":"NA",
            "교통총점":"NA",
            "백화점":0,
            "아울렛몰":0,
            "대형마트":100,
            "은행":0,
            "병원":10,
            "종합병원":80,
            "공원":0,
            "혐오시설":0,
            "인프라총점":28.0,
            "초등학군":100.0,
            "중학군":43.14,
            "학군총점":44.413,
            "인구수":6.08,
            "인구증감":-2.55,
            "인구총점":3.491,
            "일자리":4.8,
            "소득수준":60.31,
            "일자리총점":21.453,
            "가치 총점":42.54455,
            "매매실거래년":20220316.0,
            "매매실거래가":20000.0,
            "평단가":678,
            "전세실거래년":20211120.0,
            "전세실거래가":17000.0,
            "전세가율":77.27,
            "장기전세가율평균":"NA",
            "전세가율거품지수":"NA",
            "검색코드":105083,
            "세대수":354.0,
            "난방":"개별난방",
            "주차":"369 (세대당 1.04대)",
            "현관구조":"계단식",
            "관리비평균":184269.0,
            "방수":3,
            "욕실개수":2,
            "준공년월":"2009-09-21",
            "준공년차":13.0,
            "가까운역이름":"NA",
            "가까운역거리":"NA",
            "역세권여부":"NA",
            "30분이내주요거점역":"NA",
            "30분거점역이름":"NA",
            "1시간이내주요거점역":"NA",
            "1시간거점역이름":"NA",
            "3km이내백화점수":0,
            "5km이내아울렛몰수":0,
            "1km이내대형먀트수":2,
            "500m이내은행수":0,
            "500m이내병원수":2,
            "5km이내대형병원수":1,
            "500m이내공원수":0,
            "3km이내혐오시설수":0,
            "300m이내상권":0,
            "300m이내점포수":0,
            "초등학교학업성취도":90.07,
            "초등학교거리":1218.5294765626,
            "중학교학업성취도":71.5,
            "500m이내학원가":0,
            "500m이내학원수":0,
            "용적률":234,
            "건폐율":18,
            "Y":35.056904,
            "X":126.976203,
            "rank":10.0,
            "area_info":"32평(107.18),34평(112.84),35평(117.4)",
            "sales_info":"2.2억 (2022-02-16),2.75억 (2022-03-08),2.0억 (2022-03-16)",
            "last_sales":"2022-03-16,20000.0,35평(117.4)",
            "maintenance":"184269.0,183914.0,184251.0",
            "price_per":"678,805,563",
            "room":"3,3,3",
            "bath":"2,2,2",
            "rank_history":[
                [
                    "202205",
                    10
                ],
                [
                    "202204",
                    7
                ],
                [
                    "202203",
                    6
                ],
                [
                    "202202",
                    6
                ],
                [
                    "202201",
                    9
                ]
            ],
            "rank_gap":-3
        },
        {
            "index":21,
            "아파트명":"화순부영2차",
            "매매타입":"아파트",
            "전용면적(m2)":"56.54",
            "전용면적(평)":"17평",
            "법정동주소":"전라남도 화순군 화순읍 광덕리 300",
            "도로명주소":"전라남도 화순군 광덕로 155",
            "세대수":50,
            "입주년차":0,
            "용적률점수":"--",
            "건폐율점수":"--",
            "세대당주차수":0,
            "난방방식":30,
            "공급면적":"--",
            "전용률":"--",
            "욕실수":50,
            "현관타입":10,
            "주거총점":26.5,
            "지역구공급총점":100.0,
            "역세권":"NA",
            "30분내 이동가능 거점":"NA",
            "1시간내 이동가능 거점":"NA",
            "교통총점":"NA",
            "백화점":0,
            "아울렛몰":0,
            "대형마트":100,
            "은행":0,
            "병원":60,
            "종합병원":80,
            "공원":100,
            "혐오시설":0,
            "인프라총점":46.0,
            "초등학군":100.0,
            "중학군":44.36,
            "학군총점":56.962,
            "인구수":6.08,
            "인구증감":-2.55,
            "인구총점":3.491,
            "일자리":4.8,
            "소득수준":60.31,
            "일자리총점":21.453,
            "가치 총점":42.0367,
            "매매실거래년":20220421.0,
            "매매실거래가":19500.0,
            "평단가":"nan",
            "전세실거래년":20211230.0,
            "전세실거래가":3692.0,
            "전세가율":null,
            "장기전세가율평균":"NA",
            "전세가율거품지수":"NA",
            "검색코드":4939,
            "세대수":453.0,
            "난방":"개별난방",
            "주차":"322 (세대당 0.71대)",
            "현관구조":"복도식",
            "관리비평균":62481.0,
            "방수":1,
            "욕실개수":1,
            "준공년월":"1995-09-22",
            "준공년차":27.0,
            "가까운역이름":"NA",
            "가까운역거리":"NA",
            "역세권여부":"NA",
            "30분이내주요거점역":"NA",
            "30분거점역이름":"NA",
            "1시간이내주요거점역":"NA",
            "1시간거점역이름":"NA",
            "3km이내백화점수":0,
            "5km이내아울렛몰수":0,
            "1km이내대형먀트수":3,
            "500m이내은행수":1,
            "500m이내병원수":15,
            "5km이내대형병원수":1,
            "500m이내공원수":4,
            "3km이내혐오시설수":0,
            "300m이내상권":1,
            "300m이내점포수":446,
            "초등학교학업성취도":89.99,
            "초등학교거리":445.0411705922,
            "중학교학업성취도":73.0,
            "500m이내학원가":1,
            "500m이내학원수":21,
            "용적률":261,
            "건폐율":26,
            "Y":35.058612,
            "X":126.991705,
            "rank":11.0,
            "area_info":"17평(56.54),25평(85.1),33평(111.63),47평(155.94)",
            "sales_info":"거래 정보 없음,0.87억 (2021-09-30),1.08억 (2022-03-29),1.95억 (2022-04-21)",
            "last_sales":"2022-04-21,19500.0,47평(155.94)",
            "maintenance":"62481.0,94098.0,133180.0,206781.0",
            "price_per":"nan,337,319,413",
            "room":"1,3,3,4",
            "bath":"1,1,2,2",
            "rank_history":[
                [
                    "202205",
                    11
                ],
                [
                    "202204",
                    12
                ],
                [
                    "202203",
                    12
                ],
                [
                    "202202",
                    12
                ],
                [
                    "202201",
                    11
                ]
            ],
            "rank_gap":1
        },
        {
            "index":20,
            "아파트명":"한국아델리움",
            "매매타입":"아파트",
            "전용면적(m2)":"122.79",
            "전용면적(평)":"37평",
            "법정동주소":"전라남도 화순군 화순읍 대리 37-8",
            "도로명주소":"전라남도 화순군 칠충로 83-11",
            "세대수":30,
            "입주년차":20,
            "용적률점수":"--",
            "건폐율점수":"--",
            "세대당주차수":30,
            "난방방식":30,
            "공급면적":"--",
            "전용률":"--",
            "욕실수":100,
            "현관타입":100,
            "주거총점":42.0,
            "지역구공급총점":100.0,
            "역세권":"NA",
            "30분내 이동가능 거점":"NA",
            "1시간내 이동가능 거점":"NA",
            "교통총점":"NA",
            "백화점":0,
            "아울렛몰":0,
            "대형마트":100,
            "은행":0,
            "병원":30,
            "종합병원":80,
            "공원":0,
            "혐오시설":0,
            "인프라총점":30.0,
            "초등학군":100.0,
            "중학군":44.36,
            "학군총점":44.962,
            "인구수":6.08,
            "인구증감":-2.55,
            "인구총점":3.491,
            "일자리":4.8,
            "소득수준":60.31,
            "일자리총점":21.453,
            "가치 총점":40.0367,
            "매매실거래년":20220421.0,
            "매매실거래가":18900.0,
            "평단가":508,
            "전세실거래년":20211106.0,
            "전세실거래가":13000.0,
            "전세가율":68.78,
            "장기전세가율평균":"NA",
            "전세가율거품지수":"NA",
            "검색코드":106429,
            "세대수":356.0,
            "난방":"개별난방",
            "주차":"365 (세대당 1.03대)",
            "현관구조":"계단식",
            "관리비평균":145990.0,
            "방수":3,
            "욕실개수":2,
            "준공년월":"2002-02-28",
            "준공년차":20.0,
            "가까운역이름":"NA",
            "가까운역거리":"NA",
            "역세권여부":"NA",
            "30분이내주요거점역":"NA",
            "30분거점역이름":"NA",
            "1시간이내주요거점역":"NA",
            "1시간거점역이름":"NA",
            "3km이내백화점수":0,
            "5km이내아울렛몰수":0,
            "1km이내대형먀트수":2,
            "500m이내은행수":0,
            "500m이내병원수":5,
            "5km이내대형병원수":1,
            "500m이내공원수":0,
            "3km이내혐오시설수":0,
            "300m이내상권":0,
            "300m이내점포수":0,
            "초등학교학업성취도":90.02,
            "초등학교거리":1000.5223856436,
            "중학교학업성취도":73.0,
            "500m이내학원가":0,
            "500m이내학원수":0,
            "용적률":197,
            "건폐율":19,
            "Y":35.058349,
            "X":126.978608,
            "rank":12.0,
            "area_info":"37평(122.79)",
            "sales_info":"1.89억 (2022-04-21)",
            "last_sales":"2022-04-21,18900.0,37평(122.79)",
            "maintenance":"145990.0",
            "price_per":"508",
            "room":"3",
            "bath":"2",
            "rank_history":[
                [
                    "202205",
                    12
                ],
                [
                    "202204",
                    11
                ],
                [
                    "202203",
                    11
                ],
                [
                    "202202",
                    11
                ],
                [
                    "202201",
                    13
                ]
            ],
            "rank_gap":-1
        },
        {
            "index":43,
            "아파트명":"화순서라4차",
            "매매타입":"아파트",
            "전용면적(m2)":"39.92",
            "전용면적(평)":"12평",
            "법정동주소":"전라남도 화순군 화순읍 일심리 861",
            "도로명주소":"전라남도 화순군 알메로 86",
            "세대수":50,
            "입주년차":0,
            "용적률점수":"--",
            "건폐율점수":"--",
            "세대당주차수":0,
            "난방방식":30,
            "공급면적":"--",
            "전용률":"--",
            "욕실수":50,
            "현관타입":100,
            "주거총점":35.5,
            "지역구공급총점":100.0,
            "역세권":"NA",
            "30분내 이동가능 거점":"NA",
            "1시간내 이동가능 거점":"NA",
            "교통총점":"NA",
            "백화점":0,
            "아울렛몰":0,
            "대형마트":0,
            "은행":0,
            "병원":60,
            "종합병원":80,
            "공원":100,
            "혐오시설":0,
            "인프라총점":21.0,
            "초등학군":100.0,
            "중학군":44.36,
            "학군총점":56.962,
            "인구수":6.08,
            "인구증감":-2.55,
            "인구총점":3.491,
            "일자리":4.8,
            "소득수준":60.31,
            "일자리총점":21.453,
            "가치 총점":39.3867,
            "매매실거래년":20220422.0,
            "매매실거래가":8100.0,
            "평단가":347,
            "전세실거래년":20180502.0,
            "전세실거래가":2800.0,
            "전세가율":66.67,
            "장기전세가율평균":"NA",
            "전세가율거품지수":"NA",
            "검색코드":102555,
            "세대수":562.0,
            "난방":"개별난방",
            "주차":"268 (세대당 0.48대)",
            "현관구조":"계단식",
            "관리비평균":64937.0,
            "방수":1,
            "욕실개수":1,
            "준공년월":"1997-10-02",
            "준공년차":25.0,
            "가까운역이름":"NA",
            "가까운역거리":"NA",
            "역세권여부":"NA",
            "30분이내주요거점역":"NA",
            "30분거점역이름":"NA",
            "1시간이내주요거점역":"NA",
            "1시간거점역이름":"NA",
            "3km이내백화점수":0,
            "5km이내아울렛몰수":0,
            "1km이내대형먀트수":0,
            "500m이내은행수":1,
            "500m이내병원수":14,
            "5km이내대형병원수":1,
            "500m이내공원수":2,
            "3km이내혐오시설수":0,
            "300m이내상권":0,
            "300m이내점포수":0,
            "초등학교학업성취도":89.99,
            "초등학교거리":152.6129245445,
            "중학교학업성취도":73.0,
            "500m이내학원가":2,
            "500m이내학원수":29,
            "용적률":217,
            "건폐율":22,
            "Y":35.062834,
            "X":126.995369,
            "rank":13.0,
            "area_info":"12평(39.92),21평(71.71),23평(76.4)",
            "sales_info":"0.42억 (2022-02-28),0.79억 (2022-04-21),0.81억 (2022-04-22)",
            "last_sales":"2022-04-22,8100.0,23평(76.4)",
            "maintenance":"64937.0,126787.0,138558.0",
            "price_per":"347,364,350",
            "room":"1,2,3",
            "bath":"1,1,1",
            "rank_history":[
                [
                    "202205",
                    13
                ],
                [
                    "202204",
                    16
                ],
                [
                    "202203",
                    16
                ],
                [
                    "202202",
                    15
                ],
                [
                    "202201",
                    12
                ]
            ],
            "rank_gap":3
        },
        {
            "index":46,
            "아파트명":"화순유창허니문맨션2차",
            "매매타입":"아파트",
            "전용면적(m2)":"78.67",
            "전용면적(평)":"23평",
            "법정동주소":"전라남도 화순군 화순읍 만연리 230",
            "도로명주소":"전라남도 화순군 광덕로 165",
            "세대수":0,
            "입주년차":0,
            "용적률점수":"--",
            "건폐율점수":"--",
            "세대당주차수":0,
            "난방방식":30,
            "공급면적":"--",
            "전용률":"--",
            "욕실수":50,
            "현관타입":100,
            "주거총점":18.0,
            "지역구공급총점":100.0,
            "역세권":"NA",
            "30분내 이동가능 거점":"NA",
            "1시간내 이동가능 거점":"NA",
            "교통총점":"NA",
            "백화점":0,
            "아울렛몰":0,
            "대형마트":100,
            "은행":0,
            "병원":60,
            "종합병원":80,
            "공원":100,
            "혐오시설":0,
            "인프라총점":46.0,
            "초등학군":100.0,
            "중학군":44.36,
            "학군총점":56.962,
            "인구수":6.08,
            "인구증감":-2.55,
            "인구총점":3.491,
            "일자리":4.8,
            "소득수준":60.31,
            "일자리총점":21.453,
            "가치 총점":38.6367,
            "매매실거래년":20220401.0,
            "매매실거래가":8000.0,
            "평단가":336,
            "전세실거래년":20211229.0,
            "전세실거래가":7000.0,
            "전세가율":87.5,
            "장기전세가율평균":"NA",
            "전세가율거품지수":"NA",
            "검색코드":14945,
            "세대수":180.0,
            "난방":"개별난방",
            "주차":"86 (세대당 0.48대)",
            "현관구조":"계단식",
            "관리비평균":122245.0,
            "방수":3,
            "욕실개수":1,
            "준공년월":"1993-12-21",
            "준공년차":29.0,
            "가까운역이름":"NA",
            "가까운역거리":"NA",
            "역세권여부":"NA",
            "30분이내주요거점역":"NA",
            "30분거점역이름":"NA",
            "1시간이내주요거점역":"NA",
            "1시간거점역이름":"NA",
            "3km이내백화점수":0,
            "5km이내아울렛몰수":0,
            "1km이내대형먀트수":3,
            "500m이내은행수":1,
            "500m이내병원수":16,
            "5km이내대형병원수":1,
            "500m이내공원수":3,
            "3km이내혐오시설수":0,
            "300m이내상권":1,
            "300m이내점포수":446,
            "초등학교학업성취도":89.99,
            "초등학교거리":350.7420734508,
            "중학교학업성취도":73.0,
            "500m이내학원가":2,
            "500m이내학원수":29,
            "용적률":203,
            "건폐율":24,
            "Y":35.059731,
            "X":126.99191,
            "rank":14.0,
            "area_info":"23평(78.67)",
            "sales_info":"0.8억 (2022-04-01)",
            "last_sales":"2022-04-01,8000.0,23평(78.67)",
            "maintenance":"122245.0",
            "price_per":"336",
            "room":"3",
            "bath":"1",
            "rank_history":[
                [
                    "202205",
                    14
                ],
                [
                    "202204",
                    17
                ],
                [
                    "202203",
                    17
                ],
                [
                    "202202",
                    16
                ],
                [
                    "202201",
                    14
                ]
            ],
            "rank_gap":3
        },
        {
            "index":47,
            "아파트명":"화순청미래",
            "매매타입":"아파트",
            "전용면적(m2)":"116.8",
            "전용면적(평)":"35평",
            "법정동주소":"전라남도 화순군 화순읍 대리 361",
            "도로명주소":"전라남도 화순군 칠충로 23",
            "세대수":0,
            "입주년차":60,
            "용적률점수":"--",
            "건폐율점수":"--",
            "세대당주차수":30,
            "난방방식":30,
            "공급면적":"--",
            "전용률":"--",
            "욕실수":100,
            "현관타입":100,
            "주거총점":39.5,
            "지역구공급총점":100.0,
            "역세권":"NA",
            "30분내 이동가능 거점":"NA",
            "1시간내 이동가능 거점":"NA",
            "교통총점":"NA",
            "백화점":0,
            "아울렛몰":0,
            "대형마트":80,
            "은행":0,
            "병원":0,
            "종합병원":80,
            "공원":0,
            "혐오시설":0,
            "인프라총점":24.0,
            "초등학군":100.0,
            "중학군":43.14,
            "학군총점":44.413,
            "인구수":6.08,
            "인구증감":-2.55,
            "인구총점":3.491,
            "일자리":4.8,
            "소득수준":60.31,
            "일자리총점":21.453,
            "가치 총점":37.34455,
            "매매실거래년":20220414.0,
            "매매실거래가":18700.0,
            "평단가":615,
            "전세실거래년":20210412.0,
            "전세실거래가":15000.0,
            "전세가율":68.97,
            "장기전세가율평균":"NA",
            "전세가율거품지수":"NA",
            "검색코드":106423,
            "세대수":138.0,
            "난방":"개별난방",
            "주차":"176 (세대당 1.28대)",
            "현관구조":"계단식",
            "관리비평균":null,
            "방수":3,
            "욕실개수":2,
            "준공년월":"2009-08-03",
            "준공년차":13.0,
            "가까운역이름":"NA",
            "가까운역거리":"NA",
            "역세권여부":"NA",
            "30분이내주요거점역":"NA",
            "30분거점역이름":"NA",
            "1시간이내주요거점역":"NA",
            "1시간거점역이름":"NA",
            "3km이내백화점수":0,
            "5km이내아울렛몰수":0,
            "1km이내대형먀트수":1,
            "500m이내은행수":0,
            "500m이내병원수":1,
            "5km이내대형병원수":1,
            "500m이내공원수":0,
            "3km이내혐오시설수":0,
            "300m이내상권":0,
            "300m이내점포수":0,
            "초등학교학업성취도":90.07,
            "초등학교거리":983.0167632292,
            "중학교학업성취도":71.5,
            "500m이내학원가":0,
            "500m이내학원수":0,
            "용적률":192,
            "건폐율":25,
            "Y":35.054123,
            "X":126.974528,
            "rank":15.0,
            "area_info":"35평(116.8),36평(121.57)",
            "sales_info":"2.175억 (2022-03-30),1.87억 (2022-04-14)",
            "last_sales":"2022-04-14,18700.0,36평(121.57)",
            "maintenance":"nan,nan",
            "price_per":"615,508",
            "room":"3,3",
            "bath":"2,2",
            "rank_history":[
                [
                    "202205",
                    15
                ],
                [
                    "202204",
                    13
                ],
                [
                    "202203",
                    13
                ],
                [
                    "202202",
                    13
                ],
                [
                    "202201",
                    15
                ]
            ],
            "rank_gap":-2
        },
        {
            "index":0,
            "아파트명":"공간빌리지",
            "매매타입":"아파트",
            "전용면적(m2)":"103.15",
            "전용면적(평)":"31평",
            "법정동주소":"전라남도 화순군 화순읍 교리 70-1",
            "도로명주소":"전라남도 화순군 진각로 181-19",
            "세대수":30,
            "입주년차":0,
            "용적률점수":"--",
            "건폐율점수":"--",
            "세대당주차수":0,
            "난방방식":30,
            "공급면적":"--",
            "전용률":"--",
            "욕실수":100,
            "현관타입":100,
            "주거총점":33.5,
            "지역구공급총점":100.0,
            "역세권":"NA",
            "30분내 이동가능 거점":"NA",
            "1시간내 이동가능 거점":"NA",
            "교통총점":"NA",
            "백화점":0,
            "아울렛몰":0,
            "대형마트":100,
            "은행":0,
            "병원":0,
            "종합병원":80,
            "공원":0,
            "혐오시설":0,
            "인프라총점":27.0,
            "초등학군":100.0,
            "중학군":44.36,
            "학군총점":44.962,
            "인구수":6.08,
            "인구증감":-2.55,
            "인구총점":3.491,
            "일자리":4.8,
            "소득수준":60.31,
            "일자리총점":21.453,
            "가치 총점":35.8867,
            "매매실거래년":20220330.0,
            "매매실거래가":11900.0,
            "평단가":381,
            "전세실거래년":20210910.0,
            "전세실거래가":10500.0,
            "전세가율":88.24,
            "장기전세가율평균":"NA",
            "전세가율거품지수":"NA",
            "검색코드":14942,
            "세대수":302.0,
            "난방":"개별난방",
            "주차":"154 (세대당 0.51대)",
            "현관구조":"계단식",
            "관리비평균":118290.0,
            "방수":3,
            "욕실개수":2,
            "준공년월":"1992-06-12",
            "준공년차":30.0,
            "가까운역이름":"NA",
            "가까운역거리":"NA",
            "역세권여부":"NA",
            "30분이내주요거점역":"NA",
            "30분거점역이름":"NA",
            "1시간이내주요거점역":"NA",
            "1시간거점역이름":"NA",
            "3km이내백화점수":0,
            "5km이내아울렛몰수":0,
            "1km이내대형먀트수":2,
            "500m이내은행수":1,
            "500m이내병원수":0,
            "5km이내대형병원수":1,
            "500m이내공원수":0,
            "3km이내혐오시설수":0,
            "300m이내상권":0,
            "300m이내점포수":0,
            "초등학교학업성취도":90.02,
            "초등학교거리":154.3006461792,
            "중학교학업성취도":73.0,
            "500m이내학원가":0,
            "500m이내학원수":0,
            "용적률":249,
            "건폐율":29,
            "Y":35.067095,
            "X":126.985362,
            "rank":16.0,
            "area_info":"31평(103.15),33평(111.31),34평(114.07)",
            "sales_info":"1.19억 (2022-03-30),1.2억 (2022-02-18),1.12억 (2022-02-24)",
            "last_sales":"2022-03-30,11900.0,31평(103.15)",
            "maintenance":"118290.0,128742.0,128697.0",
            "price_per":"381,356,324",
            "room":"3,3,3",
            "bath":"2,2,2",
            "rank_history":[
                [
                    "202205",
                    16
                ],
                [
                    "202204",
                    14
                ],
                [
                    "202203",
                    14
                ],
                [
                    "202202",
                    14
                ],
                [
                    "202201",
                    17
                ]
            ],
            "rank_gap":-2
        },
        {
            "index":5,
            "아파트명":"대광2차",
            "매매타입":"아파트",
            "전용면적(m2)":"53.54",
            "전용면적(평)":"16평",
            "법정동주소":"전라남도 화순군 화순읍 대리 121",
            "도로명주소":"전라남도 화순군 칠충로 44",
            "세대수":50,
            "입주년차":20,
            "용적률점수":"--",
            "건폐율점수":"--",
            "세대당주차수":0,
            "난방방식":30,
            "공급면적":"--",
            "전용률":"--",
            "욕실수":50,
            "현관타입":10,
            "주거총점":30.5,
            "지역구공급총점":100.0,
            "역세권":"NA",
            "30분내 이동가능 거점":"NA",
            "1시간내 이동가능 거점":"NA",
            "교통총점":"NA",
            "백화점":0,
            "아울렛몰":0,
            "대형마트":100,
            "은행":0,
            "병원":0,
            "종합병원":80,
            "공원":0,
            "혐오시설":0,
            "인프라총점":27.0,
            "초등학군":100.0,
            "중학군":43.14,
            "학군총점":44.413,
            "인구수":6.08,
            "인구증감":-2.55,
            "인구총점":3.491,
            "일자리":4.8,
            "소득수준":60.31,
            "일자리총점":21.453,
            "가치 총점":34.49455,
            "매매실거래년":20220430.0,
            "매매실거래가":6100.0,
            "평단가":339,
            "전세실거래년":20220118.0,
            "전세실거래가":6000.0,
            "전세가율":109.09,
            "장기전세가율평균":"NA",
            "전세가율거품지수":"NA",
            "검색코드":16949,
            "세대수":494.0,
            "난방":"개별난방",
            "주차":"195 (세대당 0.39대)",
            "현관구조":"복도식",
            "관리비평균":77912.0,
            "방수":2,
            "욕실개수":1,
            "준공년월":"1998-03-11",
            "준공년차":24.0,
            "가까운역이름":"NA",
            "가까운역거리":"NA",
            "역세권여부":"NA",
            "30분이내주요거점역":"NA",
            "30분거점역이름":"NA",
            "1시간이내주요거점역":"NA",
            "1시간거점역이름":"NA",
            "3km이내백화점수":0,
            "5km이내아울렛몰수":0,
            "1km이내대형먀트수":2,
            "500m이내은행수":0,
            "500m이내병원수":1,
            "5km이내대형병원수":1,
            "500m이내공원수":0,
            "3km이내혐오시설수":0,
            "300m이내상권":0,
            "300m이내점포수":0,
            "초등학교학업성취도":90.07,
            "초등학교거리":1259.2845699292,
            "중학교학업성취도":71.5,
            "500m이내학원가":0,
            "500m이내학원수":0,
            "용적률":356,
            "건폐율":25,
            "Y":35.054203,
            "X":126.977585,
            "rank":17.0,
            "area_info":"16평(53.54),20평(66.12)",
            "sales_info":"0.55억 (2022-04-21),0.61억 (2022-04-30)",
            "last_sales":"2022-04-30,6100.0,20평(66.12)",
            "maintenance":"77912.0,96203.0",
            "price_per":"339,304",
            "room":"2,2",
            "bath":"1,1",
            "rank_history":[
                [
                    "202205",
                    17
                ],
                [
                    "202204",
                    15
                ],
                [
                    "202203",
                    18
                ],
                [
                    "202202",
                    17
                ],
                [
                    "202201",
                    19
                ]
            ],
            "rank_gap":-2
        },
        {
            "index":7,
            "아파트명":"대광로제비앙",
            "매매타입":"아파트",
            "전용면적(m2)":"55.58",
            "전용면적(평)":"16평",
            "법정동주소":"전라남도 화순군 화순읍 대리 97-3",
            "도로명주소":"전라남도 화순군 칠충로 53",
            "세대수":50,
            "입주년차":0,
            "용적률점수":"--",
            "건폐율점수":"--",
            "세대당주차수":0,
            "난방방식":30,
            "공급면적":"--",
            "전용률":"--",
            "욕실수":50,
            "현관타입":10,
            "주거총점":26.5,
            "지역구공급총점":100.0,
            "역세권":"NA",
            "30분내 이동가능 거점":"NA",
            "1시간내 이동가능 거점":"NA",
            "교통총점":"NA",
            "백화점":0,
            "아울렛몰":0,
            "대형마트":100,
            "은행":0,
            "병원":10,
            "종합병원":80,
            "공원":0,
            "혐오시설":0,
            "인프라총점":28.0,
            "초등학군":100.0,
            "중학군":43.14,
            "학군총점":44.413,
            "인구수":6.08,
            "인구증감":-2.55,
            "인구총점":3.491,
            "일자리":4.8,
            "소득수준":60.31,
            "일자리총점":21.453,
            "가치 총점":33.14455,
            "매매실거래년":20220429.0,
            "매매실거래가":6900.0,
            "평단가":303,
            "전세실거래년":20220324.0,
            "전세실거래가":6000.0,
            "전세가율":117.65,
            "장기전세가율평균":"NA",
            "전세가율거품지수":"NA",
            "검색코드":16946,
            "세대수":453.0,
            "난방":"개별난방",
            "주차":"178 (세대당 0.39대)",
            "현관구조":"복도식",
            "관리비평균":null,
            "방수":1,
            "욕실개수":1,
            "준공년월":"1996-07-27",
            "준공년차":26.0,
            "가까운역이름":"NA",
            "가까운역거리":"NA",
            "역세권여부":"NA",
            "30분이내주요거점역":"NA",
            "30분거점역이름":"NA",
            "1시간이내주요거점역":"NA",
            "1시간거점역이름":"NA",
            "3km이내백화점수":0,
            "5km이내아울렛몰수":0,
            "1km이내대형먀트수":2,
            "500m이내은행수":0,
            "500m이내병원수":2,
            "5km이내대형병원수":1,
            "500m이내공원수":0,
            "3km이내혐오시설수":0,
            "300m이내상권":0,
            "300m이내점포수":0,
            "초등학교학업성취도":90.07,
            "초등학교거리":1249.4123833423,
            "중학교학업성취도":71.5,
            "500m이내학원가":0,
            "500m이내학원수":0,
            "용적률":328,
            "건폐율":28,
            "Y":35.055569,
            "X":126.977129,
            "rank":18.0,
            "area_info":"16평(55.58),20평(68.25),24평(81.35)",
            "sales_info":"0.51억 (2022-02-05),0.69억 (2022-04-29),0.9억 (2022-04-27)",
            "last_sales":"2022-04-29,6900.0,20평(68.25)",
            "maintenance":"nan,nan,nan",
            "price_per":"303,334,365",
            "room":"1,2,3",
            "bath":"1,1,2",
            "rank_history":[
                [
                    "202205",
                    18
                ],
                [
                    "202204",
                    18
                ],
                [
                    "202203",
                    18
                ],
                [
                    "202202",
                    17
                ],
                [
                    "202201",
                    18
                ]
            ],
            "rank_gap":0
        },
        {
            "index":41,
            "아파트명":"화순서라3차",
            "매매타입":"아파트",
            "전용면적(m2)":"71.95",
            "전용면적(평)":"21평",
            "법정동주소":"전라남도 화순군 화순읍 벽라리 37",
            "도로명주소":"전라남도 화순군 오성로 558",
            "세대수":50,
            "입주년차":0,
            "용적률점수":"--",
            "건폐율점수":"--",
            "세대당주차수":0,
            "난방방식":30,
            "공급면적":"--",
            "전용률":"--",
            "욕실수":50,
            "현관타입":100,
            "주거총점":35.5,
            "지역구공급총점":100.0,
            "역세권":"NA",
            "30분내 이동가능 거점":"NA",
            "1시간내 이동가능 거점":"NA",
            "교통총점":"NA",
            "백화점":0,
            "아울렛몰":0,
            "대형마트":0,
            "은행":0,
            "병원":0,
            "종합병원":80,
            "공원":0,
            "혐오시설":0,
            "인프라총점":12.0,
            "초등학군":100.0,
            "중학군":43.14,
            "학군총점":44.413,
            "인구수":6.08,
            "인구증감":-2.55,
            "인구총점":3.491,
            "일자리":4.8,
            "소득수준":60.31,
            "일자리총점":21.453,
            "가치 총점":32.74455,
            "매매실거래년":20220426.0,
            "매매실거래가":7800.0,
            "평단가":252,
            "전세실거래년":20180930.0,
            "전세실거래가":5000.0,
            "전세가율":90.91,
            "장기전세가율평균":"NA",
            "전세가율거품지수":"NA",
            "검색코드":102117,
            "세대수":420.0,
            "난방":"개별난방",
            "주차":"172 (세대당 0.41대)",
            "현관구조":"계단식",
            "관리비평균":113216.0,
            "방수":2,
            "욕실개수":1,
            "준공년월":"1996-05-06",
            "준공년차":26.0,
            "가까운역이름":"NA",
            "가까운역거리":"NA",
            "역세권여부":"NA",
            "30분이내주요거점역":"NA",
            "30분거점역이름":"NA",
            "1시간이내주요거점역":"NA",
            "1시간거점역이름":"NA",
            "3km이내백화점수":0,
            "5km이내아울렛몰수":0,
            "1km이내대형먀트수":0,
            "500m이내은행수":0,
            "500m이내병원수":0,
            "5km이내대형병원수":1,
            "500m이내공원수":0,
            "3km이내혐오시설수":0,
            "300m이내상권":0,
            "300m이내점포수":0,
            "초등학교학업성취도":90.07,
            "초등학교거리":539.2014625396,
            "중학교학업성취도":71.5,
            "500m이내학원가":0,
            "500m이내학원수":0,
            "용적률":307,
            "건폐율":21,
            "Y":35.052541,
            "X":126.969812,
            "rank":19.0,
            "area_info":"21평(71.95),23평(77.43)",
            "sales_info":"0.55억 (2021-12-22),0.78억 (2022-04-26)",
            "last_sales":"2022-04-26,7800.0,23평(77.43)",
            "maintenance":"113216.0,123871.0",
            "price_per":"252,333",
            "room":"2,3",
            "bath":"1,2",
            "rank_history":[
                [
                    "202205",
                    19
                ],
                [
                    "202204",
                    21
                ],
                [
                    "202203",
                    21
                ],
                [
                    "202202",
                    19
                ],
                [
                    "202201",
                    16
                ]
            ],
            "rank_gap":2
        },
        {
            "index":18,
            "아파트명":"유창허니문맨션",
            "매매타입":"아파트",
            "전용면적(m2)":"82.42",
            "전용면적(평)":"24평",
            "법정동주소":"전라남도 화순군 화순읍 200-1",
            "도로명주소":"전라남도 화순군 대교로 18",
            "세대수":0,
            "입주년차":0,
            "용적률점수":"--",
            "건폐율점수":"--",
            "세대당주차수":0,
            "난방방식":30,
            "공급면적":"--",
            "전용률":"--",
            "욕실수":50,
            "현관타입":100,
            "주거총점":18.0,
            "지역구공급총점":100.0,
            "역세권":"NA",
            "30분내 이동가능 거점":"NA",
            "1시간내 이동가능 거점":"NA",
            "교통총점":"NA",
            "백화점":0,
            "아울렛몰":0,
            "대형마트":100,
            "은행":0,
            "병원":60,
            "종합병원":80,
            "공원":0,
            "혐오시설":0,
            "인프라총점":33.0,
            "초등학군":100.0,
            "중학군":44.36,
            "학군총점":44.962,
            "인구수":6.08,
            "인구증감":-2.55,
            "인구총점":3.491,
            "일자리":4.8,
            "소득수준":60.31,
            "일자리총점":21.453,
            "가치 총점":31.1867,
            "매매실거래년":20220413.0,
            "매매실거래가":8500.0,
            "평단가":401,
            "전세실거래년":null,
            "전세실거래가":null,
            "전세가율":null,
            "장기전세가율평균":"NA",
            "전세가율거품지수":"NA",
            "검색코드":102121,
            "세대수":88.0,
            "난방":"개별난방",
            "주차":"41 (세대당 0.47대)",
            "현관구조":"계단식",
            "관리비평균":null,
            "방수":2,
            "욕실개수":1,
            "준공년월":"1991-09-12",
            "준공년차":31.0,
            "가까운역이름":"NA",
            "가까운역거리":"NA",
            "역세권여부":"NA",
            "30분이내주요거점역":"NA",
            "30분거점역이름":"NA",
            "1시간이내주요거점역":"NA",
            "1시간거점역이름":"NA",
            "3km이내백화점수":0,
            "5km이내아울렛몰수":0,
            "1km이내대형먀트수":2,
            "500m이내은행수":1,
            "500m이내병원수":19,
            "5km이내대형병원수":1,
            "500m이내공원수":0,
            "3km이내혐오시설수":0,
            "300m이내상권":0,
            "300m이내점포수":0,
            "초등학교학업성취도":90.02,
            "초등학교거리":449.2632531647,
            "중학교학업성취도":73.0,
            "500m이내학원가":0,
            "500m이내학원수":0,
            "용적률":383,
            "건폐율":32,
            "Y":35.063156,
            "X":126.981047,
            "rank":20.0,
            "area_info":"24평(82.42),27평(89.61)",
            "sales_info":"1.0억 (2020-12-10),0.85억 (2022-04-13)",
            "last_sales":"2022-04-13,8500.0,27평(89.61)",
            "maintenance":"nan,nan",
            "price_per":"401,313",
            "room":"2,3",
            "bath":"1,2",
            "rank_history":[
                [
                    "202205",
                    20
                ],
                [
                    "202204",
                    19
                ],
                [
                    "202203",
                    19
                ],
                [
                    "202202",
                    9999
                ]
            ],
            "rank_gap":-1
        },
        {
            "index":39,
            "아파트명":"화순서라2차",
            "매매타입":"아파트",
            "전용면적(m2)":"78.22",
            "전용면적(평)":"23평",
            "법정동주소":"전라남도 화순군 화순읍 교리 70-5",
            "도로명주소":"전라남도 화순군 진각로 181-20",
            "세대수":0,
            "입주년차":0,
            "용적률점수":"--",
            "건폐율점수":"--",
            "세대당주차수":0,
            "난방방식":30,
            "공급면적":"--",
            "전용률":"--",
            "욕실수":100,
            "현관타입":100,
            "주거총점":23.0,
            "지역구공급총점":100.0,
            "역세권":"NA",
            "30분내 이동가능 거점":"NA",
            "1시간내 이동가능 거점":"NA",
            "교통총점":"NA",
            "백화점":0,
            "아울렛몰":0,
            "대형마트":80,
            "은행":0,
            "병원":0,
            "종합병원":80,
            "공원":0,
            "혐오시설":0,
            "인프라총점":24.0,
            "초등학군":100.0,
            "중학군":44.36,
            "학군총점":44.962,
            "인구수":6.08,
            "인구증감":-2.55,
            "인구총점":3.491,
            "일자리":4.8,
            "소득수준":60.31,
            "일자리총점":21.453,
            "가치 총점":30.9367,
            "매매실거래년":20220411.0,
            "매매실거래가":7500.0,
            "평단가":316,
            "전세실거래년":20200603.0,
            "전세실거래가":4000.0,
            "전세가율":53.33,
            "장기전세가율평균":"NA",
            "전세가율거품지수":"NA",
            "검색코드":101156,
            "세대수":196.0,
            "난방":"개별난방",
            "주차":"100 (세대당 0.51대)",
            "현관구조":"계단식",
            "관리비평균":107236.0,
            "방수":3,
            "욕실개수":2,
            "준공년월":"1995-09-06",
            "준공년차":27.0,
            "가까운역이름":"NA",
            "가까운역거리":"NA",
            "역세권여부":"NA",
            "30분이내주요거점역":"NA",
            "30분거점역이름":"NA",
            "1시간이내주요거점역":"NA",
            "1시간거점역이름":"NA",
            "3km이내백화점수":0,
            "5km이내아울렛몰수":0,
            "1km이내대형먀트수":1,
            "500m이내은행수":1,
            "500m이내병원수":0,
            "5km이내대형병원수":1,
            "500m이내공원수":0,
            "3km이내혐오시설수":0,
            "300m이내상권":0,
            "300m이내점포수":0,
            "초등학교학업성취도":90.02,
            "초등학교거리":237.5955946543,
            "중학교학업성취도":73.0,
            "500m이내학원가":0,
            "500m이내학원수":0,
            "용적률":267,
            "건폐율":26,
            "Y":35.067879,
            "X":126.98533,
            "rank":21.0,
            "area_info":"23평(78.22),23평(78.23)",
            "sales_info":"0.75억 (2022-04-11),거래 정보 없음",
            "last_sales":"2022-04-11,7500.0,23평(78.22)",
            "maintenance":"107236.0,107243.0",
            "price_per":"316,nan",
            "room":"3,3",
            "bath":"2,2",
            "rank_history":[
                [
                    "202205",
                    21
                ],
                [
                    "202204",
                    20
                ],
                [
                    "202203",
                    20
                ],
                [
                    "202202",
                    18
                ],
                [
                    "202201",
                    20
                ]
            ],
            "rank_gap":-1
        },
        {
            "index":16,
            "아파트명":"오성2차",
            "매매타입":"아파트",
            "전용면적(m2)":"59.1",
            "전용면적(평)":"17평",
            "법정동주소":"전라남도 화순군 화순읍 계소리 135-1",
            "도로명주소":"전라남도 화순군 오성로 468",
            "세대수":0,
            "입주년차":20,
            "용적률점수":"--",
            "건폐율점수":"--",
            "세대당주차수":0,
            "난방방식":30,
            "공급면적":"--",
            "전용률":"--",
            "욕실수":50,
            "현관타입":100,
            "주거총점":22.0,
            "지역구공급총점":100.0,
            "역세권":"NA",
            "30분내 이동가능 거점":"NA",
            "1시간내 이동가능 거점":"NA",
            "교통총점":"NA",
            "백화점":0,
            "아울렛몰":0,
            "대형마트":0,
            "은행":0,
            "병원":0,
            "종합병원":80,
            "공원":0,
            "혐오시설":0,
            "인프라총점":12.0,
            "초등학군":100.0,
            "중학군":43.14,
            "학군총점":44.413,
            "인구수":6.08,
            "인구증감":-2.55,
            "인구총점":3.491,
            "일자리":4.8,
            "소득수준":60.31,
            "일자리총점":21.453,
            "가치 총점":27.34455,
            "매매실거래년":20220429.0,
            "매매실거래가":5400.0,
            "평단가":302,
            "전세실거래년":20220107.0,
            "전세실거래가":3500.0,
            "전세가율":64.81,
            "장기전세가율평균":"NA",
            "전세가율거품지수":"NA",
            "검색코드":102118,
            "세대수":299.0,
            "난방":"개별난방",
            "주차":"156 (세대당 0.52대)",
            "현관구조":"계단식",
            "관리비평균":89229.0,
            "방수":2,
            "욕실개수":1,
            "준공년월":"1998-10-27",
            "준공년차":24.0,
            "가까운역이름":"NA",
            "가까운역거리":"NA",
            "역세권여부":"NA",
            "30분이내주요거점역":"NA",
            "30분거점역이름":"NA",
            "1시간이내주요거점역":"NA",
            "1시간거점역이름":"NA",
            "3km이내백화점수":0,
            "5km이내아울렛몰수":0,
            "1km이내대형먀트수":0,
            "500m이내은행수":0,
            "500m이내병원수":0,
            "5km이내대형병원수":1,
            "500m이내공원수":0,
            "3km이내혐오시설수":0,
            "300m이내상권":0,
            "300m이내점포수":0,
            "초등학교학업성취도":90.07,
            "초등학교거리":390.3372734511,
            "중학교학업성취도":71.5,
            "500m이내학원가":0,
            "500m이내학원수":0,
            "용적률":340,
            "건폐율":30,
            "Y":35.051564,
            "X":126.959794,
            "rank":22.0,
            "area_info":"17평(59.1),23평(77.49)",
            "sales_info":"0.54억 (2022-04-29),0.66억 (2022-04-14)",
            "last_sales":"2022-04-29,5400.0,17평(59.1)",
            "maintenance":"89229.0,124868.0",
            "price_per":"302,281",
            "room":"2,2",
            "bath":"1,1",
            "rank_history":[
                [
                    "202205",
                    22
                ],
                [
                    "202204",
                    23
                ],
                [
                    "202203",
                    23
                ],
                [
                    "202202",
                    21
                ],
                [
                    "202201",
                    21
                ]
            ],
            "rank_gap":1
        },
        {
            "index":51,
            "아파트명":"흥용한고을",
            "매매타입":"아파트",
            "전용면적(m2)":"50.63",
            "전용면적(평)":"15평",
            "법정동주소":"전라남도 화순군 화순읍 대리 155",
            "도로명주소":"전라남도 화순군 한고을길 12",
            "세대수":0,
            "입주년차":20,
            "용적률점수":"--",
            "건폐율점수":"--",
            "세대당주차수":0,
            "난방방식":30,
            "공급면적":"--",
            "전용률":"--",
            "욕실수":50,
            "현관타입":10,
            "주거총점":13.0,
            "지역구공급총점":100.0,
            "역세권":"NA",
            "30분내 이동가능 거점":"NA",
            "1시간내 이동가능 거점":"NA",
            "교통총점":"NA",
            "백화점":0,
            "아울렛몰":0,
            "대형마트":80,
            "은행":0,
            "병원":0,
            "종합병원":80,
            "공원":0,
            "혐오시설":0,
            "인프라총점":24.0,
            "초등학군":100.0,
            "중학군":43.14,
            "학군총점":44.413,
            "인구수":6.08,
            "인구증감":-2.55,
            "인구총점":3.491,
            "일자리":4.8,
            "소득수준":60.31,
            "일자리총점":21.453,
            "가치 총점":26.74455,
            "매매실거래년":20220318.0,
            "매매실거래가":4000.0,
            "평단가":261,
            "전세실거래년":20211021.0,
            "전세실거래가":3500.0,
            "전세가율":87.5,
            "장기전세가율평균":"NA",
            "전세가율거품지수":"NA",
            "검색코드":110463,
            "세대수":159.0,
            "난방":"개별난방",
            "주차":"115 (세대당 0.72대)",
            "현관구조":"복도식",
            "관리비평균":102534.0,
            "방수":2,
            "욕실개수":1,
            "준공년월":"1999-03-23",
            "준공년차":23.0,
            "가까운역이름":"NA",
            "가까운역거리":"NA",
            "역세권여부":"NA",
            "30분이내주요거점역":"NA",
            "30분거점역이름":"NA",
            "1시간이내주요거점역":"NA",
            "1시간거점역이름":"NA",
            "3km이내백화점수":0,
            "5km이내아울렛몰수":0,
            "1km이내대형먀트수":1,
            "500m이내은행수":0,
            "500m이내병원수":1,
            "5km이내대형병원수":1,
            "500m이내공원수":0,
            "3km이내혐오시설수":0,
            "300m이내상권":0,
            "300m이내점포수":0,
            "초등학교학업성취도":90.07,
            "초등학교거리":1026.3328255421,
            "중학교학업성취도":71.5,
            "500m이내학원가":0,
            "500m이내학원수":0,
            "용적률":204,
            "건폐율":27,
            "Y":35.055521,
            "X":126.974587,
            "rank":23.0,
            "area_info":"15평(50.63)",
            "sales_info":"0.4억 (2022-03-18)",
            "last_sales":"2022-03-18,4000.0,15평(50.63)",
            "maintenance":"102534.0",
            "price_per":"261",
            "room":"2",
            "bath":"1",
            "rank_history":[
                [
                    "202205",
                    23
                ],
                [
                    "202204",
                    22
                ],
                [
                    "202203",
                    22
                ],
                [
                    "202202",
                    20
                ],
                [
                    "202201",
                    22
                ]
            ],
            "rank_gap":-1
        }
    ]
}