{
    "schema":{
        "fields":[
            {
                "name":"index",
                "type":"integer"
            },
            {
                "name":"아파트명",
                "type":"string"
            },
            {
                "name":"매매타입",
                "type":"string"
            },
            {
                "name":"전용면적(m2)",
                "type":"string"
            },
            {
                "name":"전용면적(평)",
                "type":"string"
            },
            {
                "name":"법정동주소",
                "type":"string"
            },
            {
                "name":"도로명주소",
                "type":"string"
            },
            {
                "name":"세대수",
                "type":"integer"
            },
            {
                "name":"입주년차",
                "type":"integer"
            },
            {
                "name":"용적률점수",
                "type":"string"
            },
            {
                "name":"건폐율점수",
                "type":"string"
            },
            {
                "name":"세대당주차수",
                "type":"integer"
            },
            {
                "name":"난방방식",
                "type":"integer"
            },
            {
                "name":"공급면적",
                "type":"string"
            },
            {
                "name":"전용률",
                "type":"string"
            },
            {
                "name":"욕실수",
                "type":"integer"
            },
            {
                "name":"현관타입",
                "type":"integer"
            },
            {
                "name":"주거총점",
                "type":"number"
            },
            {
                "name":"지역구공급총점",
                "type":"number"
            },
            {
                "name":"역세권",
                "type":"string"
            },
            {
                "name":"30분내 이동가능 거점",
                "type":"string"
            },
            {
                "name":"1시간내 이동가능 거점",
                "type":"string"
            },
            {
                "name":"교통총점",
                "type":"string"
            },
            {
                "name":"백화점",
                "type":"integer"
            },
            {
                "name":"아울렛몰",
                "type":"integer"
            },
            {
                "name":"대형마트",
                "type":"integer"
            },
            {
                "name":"은행",
                "type":"integer"
            },
            {
                "name":"병원",
                "type":"integer"
            },
            {
                "name":"종합병원",
                "type":"integer"
            },
            {
                "name":"공원",
                "type":"integer"
            },
            {
                "name":"혐오시설",
                "type":"integer"
            },
            {
                "name":"인프라총점",
                "type":"number"
            },
            {
                "name":"초등학군",
                "type":"number"
            },
            {
                "name":"중학군",
                "type":"number"
            },
            {
                "name":"학군총점",
                "type":"number"
            },
            {
                "name":"인구수",
                "type":"number"
            },
            {
                "name":"인구증감",
                "type":"number"
            },
            {
                "name":"인구총점",
                "type":"number"
            },
            {
                "name":"일자리",
                "type":"number"
            },
            {
                "name":"소득수준",
                "type":"number"
            },
            {
                "name":"일자리총점",
                "type":"number"
            },
            {
                "name":"가치 총점",
                "type":"number"
            },
            {
                "name":"매매실거래년",
                "type":"number"
            },
            {
                "name":"매매실거래가",
                "type":"number"
            },
            {
                "name":"평단가",
                "type":"string"
            },
            {
                "name":"전세실거래년",
                "type":"number"
            },
            {
                "name":"전세실거래가",
                "type":"number"
            },
            {
                "name":"전세가율",
                "type":"number"
            },
            {
                "name":"장기전세가율평균",
                "type":"string"
            },
            {
                "name":"전세가율거품지수",
                "type":"string"
            },
            {
                "name":"검색코드",
                "type":"integer"
            },
            {
                "name":"세대수",
                "type":"number"
            },
            {
                "name":"난방",
                "type":"string"
            },
            {
                "name":"주차",
                "type":"string"
            },
            {
                "name":"현관구조",
                "type":"string"
            },
            {
                "name":"관리비평균",
                "type":"number"
            },
            {
                "name":"방수",
                "type":"integer"
            },
            {
                "name":"욕실개수",
                "type":"integer"
            },
            {
                "name":"준공년월",
                "type":"string"
            },
            {
                "name":"준공년차",
                "type":"number"
            },
            {
                "name":"가까운역이름",
                "type":"string"
            },
            {
                "name":"가까운역거리",
                "type":"string"
            },
            {
                "name":"역세권여부",
                "type":"string"
            },
            {
                "name":"30분이내주요거점역",
                "type":"string"
            },
            {
                "name":"30분거점역이름",
                "type":"string"
            },
            {
                "name":"1시간이내주요거점역",
                "type":"string"
            },
            {
                "name":"1시간거점역이름",
                "type":"string"
            },
            {
                "name":"3km이내백화점수",
                "type":"integer"
            },
            {
                "name":"5km이내아울렛몰수",
                "type":"integer"
            },
            {
                "name":"1km이내대형먀트수",
                "type":"integer"
            },
            {
                "name":"500m이내은행수",
                "type":"integer"
            },
            {
                "name":"500m이내병원수",
                "type":"integer"
            },
            {
                "name":"5km이내대형병원수",
                "type":"integer"
            },
            {
                "name":"500m이내공원수",
                "type":"integer"
            },
            {
                "name":"3km이내혐오시설수",
                "type":"integer"
            },
            {
                "name":"300m이내상권",
                "type":"integer"
            },
            {
                "name":"300m이내점포수",
                "type":"integer"
            },
            {
                "name":"초등학교학업성취도",
                "type":"number"
            },
            {
                "name":"초등학교거리",
                "type":"number"
            },
            {
                "name":"중학교학업성취도",
                "type":"number"
            },
            {
                "name":"500m이내학원가",
                "type":"integer"
            },
            {
                "name":"500m이내학원수",
                "type":"integer"
            },
            {
                "name":"용적률",
                "type":"integer"
            },
            {
                "name":"건폐율",
                "type":"integer"
            },
            {
                "name":"Y",
                "type":"number"
            },
            {
                "name":"X",
                "type":"number"
            },
            {
                "name":"rank",
                "type":"number"
            },
            {
                "name":"area_info",
                "type":"string"
            },
            {
                "name":"sales_info",
                "type":"string"
            },
            {
                "name":"last_sales",
                "type":"string"
            },
            {
                "name":"maintenance",
                "type":"string"
            },
            {
                "name":"price_per",
                "type":"string"
            },
            {
                "name":"room",
                "type":"string"
            },
            {
                "name":"bath",
                "type":"string"
            },
            {
                "name":"rank_history",
                "type":"string"
            },
            {
                "name":"rank_gap",
                "type":"integer"
            }
        ],
        "primaryKey":[
            "index"
        ],
        "pandas_version":"1.4.0"
    },
    "data":[
        {
            "index":38,
            "아파트명":"해남코아루더베스트1단지",
            "매매타입":"아파트",
            "전용면적(m2)":"104.98",
            "전용면적(평)":"31평",
            "법정동주소":"전라남도 해남군 해남읍 해리 705",
            "도로명주소":"전라남도 해남군 영빈로 81-17",
            "세대수":30,
            "입주년차":100,
            "용적률점수":"--",
            "건폐율점수":"--",
            "세대당주차수":60,
            "난방방식":30,
            "공급면적":"--",
            "전용률":"--",
            "욕실수":100,
            "현관타입":100,
            "주거총점":62.5,
            "지역구공급총점":100.0,
            "역세권":"NA",
            "30분내 이동가능 거점":"NA",
            "1시간내 이동가능 거점":"NA",
            "교통총점":"NA",
            "백화점":0,
            "아울렛몰":0,
            "대형마트":100,
            "은행":0,
            "병원":0,
            "종합병원":100,
            "공원":80,
            "혐오시설":0,
            "인프라총점":32.4,
            "초등학군":100.0,
            "중학군":38.88,
            "학군총점":42.496,
            "인구수":6.04,
            "인구증감":-5.82,
            "인구총점":2.482,
            "일자리":5.46,
            "소득수준":54.3,
            "일자리총점":20.112,
            "가치 총점":47.9736,
            "매매실거래년":20191109.0,
            "매매실거래가":24969.0,
            "평단가":786,
            "전세실거래년":null,
            "전세실거래가":null,
            "전세가율":null,
            "장기전세가율평균":"NA",
            "전세가율거품지수":"NA",
            "검색코드":115954,
            "세대수":313.0,
            "난방":"개별난방",
            "주차":"432 (세대당 1.38대)",
            "현관구조":"계단식",
            "관리비평균":null,
            "방수":4,
            "욕실개수":2,
            "준공년월":"2019-09-01",
            "준공년차":3.0,
            "가까운역이름":"NA",
            "가까운역거리":"NA",
            "역세권여부":"NA",
            "30분이내주요거점역":"NA",
            "30분거점역이름":"NA",
            "1시간이내주요거점역":"NA",
            "1시간거점역이름":"NA",
            "3km이내백화점수":0,
            "5km이내아울렛몰수":0,
            "1km이내대형먀트수":2,
            "500m이내은행수":0,
            "500m이내병원수":1,
            "5km이내대형병원수":2,
            "500m이내공원수":1,
            "3km이내혐오시설수":0,
            "300m이내상권":0,
            "300m이내점포수":0,
            "초등학교학업성취도":89.99,
            "초등학교거리":781.7392576556,
            "중학교학업성취도":64.0,
            "500m이내학원가":0,
            "500m이내학원수":0,
            "용적률":0,
            "건폐율":0,
            "Y":34.565356,
            "X":126.611065,
            "rank":1.0,
            "area_info":"31평(104.98),31평(105.11),43평(143.18),43평(143.18)",
            "sales_info":"2.4968억 (2019-11-02),2.4969억 (2019-11-09),3.5579억 (2019-10-24),거래 정보 없음",
            "last_sales":"2019-11-09,24969.0,31평(105.11)",
            "maintenance":"nan,nan,nan,nan",
            "price_per":"786,785,821,nan",
            "room":"4,4,4,4",
            "bath":"2,2,2,2",
            "rank_history":[
                [
                    "202205",
                    1
                ],
                [
                    "202204",
                    1
                ],
                [
                    "202203",
                    1
                ],
                [
                    "202202",
                    1
                ],
                [
                    "202201",
                    1
                ]
            ],
            "rank_gap":0
        },
        {
            "index":11,
            "아파트명":"다우아르미안",
            "매매타입":"아파트",
            "전용면적(m2)":"112.73",
            "전용면적(평)":"34평",
            "법정동주소":"전라남도 해남군 해남읍 해리 503",
            "도로명주소":"전라남도 해남군 동초길 15",
            "세대수":0,
            "입주년차":40,
            "용적률점수":"--",
            "건폐율점수":"--",
            "세대당주차수":30,
            "난방방식":30,
            "공급면적":"--",
            "전용률":"--",
            "욕실수":100,
            "현관타입":100,
            "주거총점":35.5,
            "지역구공급총점":100.0,
            "역세권":"NA",
            "30분내 이동가능 거점":"NA",
            "1시간내 이동가능 거점":"NA",
            "교통총점":"NA",
            "백화점":0,
            "아울렛몰":0,
            "대형마트":100,
            "은행":70,
            "병원":60,
            "종합병원":100,
            "공원":100,
            "혐오시설":0,
            "인프라총점":42.5,
            "초등학군":100.0,
            "중학군":36.02,
            "학군총점":53.209,
            "인구수":6.04,
            "인구증감":-5.82,
            "인구총점":2.482,
            "일자리":5.46,
            "소득수준":54.3,
            "일자리총점":20.112,
            "가치 총점":43.44815,
            "매매실거래년":20211129.0,
            "매매실거래가":18900.0,
            "평단가":554,
            "전세실거래년":null,
            "전세실거래가":null,
            "전세가율":null,
            "장기전세가율평균":"NA",
            "전세가율거품지수":"NA",
            "검색코드":100918,
            "세대수":100.0,
            "난방":"개별난방",
            "주차":"102 (세대당 1.02대)",
            "현관구조":"계단식",
            "관리비평균":null,
            "방수":3,
            "욕실개수":2,
            "준공년월":"2004-10-21",
            "준공년차":18.0,
            "가까운역이름":"NA",
            "가까운역거리":"NA",
            "역세권여부":"NA",
            "30분이내주요거점역":"NA",
            "30분거점역이름":"NA",
            "1시간이내주요거점역":"NA",
            "1시간거점역이름":"NA",
            "3km이내백화점수":0,
            "5km이내아울렛몰수":0,
            "1km이내대형먀트수":4,
            "500m이내은행수":3,
            "500m이내병원수":17,
            "5km이내대형병원수":2,
            "500m이내공원수":2,
            "3km이내혐오시설수":0,
            "300m이내상권":0,
            "300m이내점포수":0,
            "초등학교학업성취도":89.99,
            "초등학교거리":272.4282043298,
            "중학교학업성취도":58.9,
            "500m이내학원가":1,
            "500m이내학원수":11,
            "용적률":193,
            "건폐율":37,
            "Y":34.572512,
            "X":126.604735,
            "rank":2.0,
            "area_info":"34평(112.73)",
            "sales_info":"1.89억 (2021-11-29)",
            "last_sales":"2021-11-29,18900.0,34평(112.73)",
            "maintenance":"nan",
            "price_per":"554",
            "room":"3",
            "bath":"2",
            "rank_history":[
                [
                    "202205",
                    2
                ],
                [
                    "202204",
                    2
                ],
                [
                    "202203",
                    3
                ],
                [
                    "202202",
                    2
                ],
                [
                    "202201",
                    2
                ]
            ],
            "rank_gap":0
        },
        {
            "index":24,
            "아파트명":"성화누리안",
            "매매타입":"아파트",
            "전용면적(m2)":"95.22",
            "전용면적(평)":"28평",
            "법정동주소":"전라남도 해남군 해남읍 해리 690",
            "도로명주소":"전라남도 해남군 해리3길 6",
            "세대수":0,
            "입주년차":60,
            "용적률점수":"--",
            "건폐율점수":"--",
            "세대당주차수":0,
            "난방방식":30,
            "공급면적":"--",
            "전용률":"--",
            "욕실수":100,
            "현관타입":100,
            "주거총점":35.0,
            "지역구공급총점":100.0,
            "역세권":"NA",
            "30분내 이동가능 거점":"NA",
            "1시간내 이동가능 거점":"NA",
            "교통총점":"NA",
            "백화점":0,
            "아울렛몰":0,
            "대형마트":100,
            "은행":0,
            "병원":60,
            "종합병원":100,
            "공원":100,
            "혐오시설":0,
            "인프라총점":43.0,
            "초등학군":100.0,
            "중학군":36.02,
            "학군총점":53.209,
            "인구수":6.04,
            "인구증감":-5.82,
            "인구총점":2.482,
            "일자리":5.46,
            "소득수준":54.3,
            "일자리총점":20.112,
            "가치 총점":43.37315,
            "매매실거래년":20220105.0,
            "매매실거래가":18700.0,
            "평단가":624,
            "전세실거래년":20210526.0,
            "전세실거래가":15000.0,
            "전세가율":83.33,
            "장기전세가율평균":"NA",
            "전세가율거품지수":"NA",
            "검색코드":109262,
            "세대수":102.0,
            "난방":"개별난방",
            "주차":"102 (세대당 1.0대)",
            "현관구조":"계단식",
            "관리비평균":null,
            "방수":3,
            "욕실개수":2,
            "준공년월":"2012-03-16",
            "준공년차":10.0,
            "가까운역이름":"NA",
            "가까운역거리":"NA",
            "역세권여부":"NA",
            "30분이내주요거점역":"NA",
            "30분거점역이름":"NA",
            "1시간이내주요거점역":"NA",
            "1시간거점역이름":"NA",
            "3km이내백화점수":0,
            "5km이내아울렛몰수":0,
            "1km이내대형먀트수":3,
            "500m이내은행수":1,
            "500m이내병원수":18,
            "5km이내대형병원수":2,
            "500m이내공원수":2,
            "3km이내혐오시설수":0,
            "300m이내상권":1,
            "300m이내점포수":142,
            "초등학교학업성취도":89.99,
            "초등학교거리":407.5263655923,
            "중학교학업성취도":58.9,
            "500m이내학원가":1,
            "500m이내학원수":11,
            "용적률":249,
            "건폐율":29,
            "Y":34.5723,
            "X":126.608247,
            "rank":3.0,
            "area_info":"28평(95.22),28평(95.44)",
            "sales_info":"1.8억 (2021-05-26),1.87억 (2022-01-05)",
            "last_sales":"2022-01-05,18700.0,28평(95.44)",
            "maintenance":"nan,nan",
            "price_per":"624,647",
            "room":"3,3",
            "bath":"2,2",
            "rank_history":[
                [
                    "202205",
                    3
                ],
                [
                    "202204",
                    5
                ],
                [
                    "202203",
                    7
                ],
                [
                    "202202",
                    3
                ],
                [
                    "202201",
                    3
                ]
            ],
            "rank_gap":2
        },
        {
            "index":18,
            "아파트명":"백두3차",
            "매매타입":"아파트",
            "전용면적(m2)":"97.15",
            "전용면적(평)":"29평",
            "법정동주소":"전라남도 해남군 해남읍 해리 214",
            "도로명주소":"전라남도 해남군 교육청길 23",
            "세대수":0,
            "입주년차":20,
            "용적률점수":"--",
            "건폐율점수":"--",
            "세대당주차수":30,
            "난방방식":30,
            "공급면적":"--",
            "전용률":"--",
            "욕실수":100,
            "현관타입":100,
            "주거총점":31.5,
            "지역구공급총점":100.0,
            "역세권":"NA",
            "30분내 이동가능 거점":"NA",
            "1시간내 이동가능 거점":"NA",
            "교통총점":"NA",
            "백화점":0,
            "아울렛몰":0,
            "대형마트":100,
            "은행":0,
            "병원":60,
            "종합병원":100,
            "공원":100,
            "혐오시설":0,
            "인프라총점":43.0,
            "초등학군":100.0,
            "중학군":38.88,
            "학군총점":54.496,
            "인구수":6.04,
            "인구증감":-5.82,
            "인구총점":2.482,
            "일자리":5.46,
            "소득수준":54.3,
            "일자리총점":20.112,
            "가치 총점":42.4236,
            "매매실거래년":20210902.0,
            "매매실거래가":14500.0,
            "평단가":493,
            "전세실거래년":null,
            "전세실거래가":null,
            "전세가율":null,
            "장기전세가율평균":"NA",
            "전세가율거품지수":"NA",
            "검색코드":101807,
            "세대수":117.0,
            "난방":"개별난방",
            "주차":"119 (세대당 1.02대)",
            "현관구조":"계단식",
            "관리비평균":null,
            "방수":3,
            "욕실개수":2,
            "준공년월":"2001-11-07",
            "준공년차":21.0,
            "가까운역이름":"NA",
            "가까운역거리":"NA",
            "역세권여부":"NA",
            "30분이내주요거점역":"NA",
            "30분거점역이름":"NA",
            "1시간이내주요거점역":"NA",
            "1시간거점역이름":"NA",
            "3km이내백화점수":0,
            "5km이내아울렛몰수":0,
            "1km이내대형먀트수":3,
            "500m이내은행수":1,
            "500m이내병원수":18,
            "5km이내대형병원수":2,
            "500m이내공원수":3,
            "3km이내혐오시설수":0,
            "300m이내상권":1,
            "300m이내점포수":142,
            "초등학교학업성취도":89.99,
            "초등학교거리":470.7443627792,
            "중학교학업성취도":64.0,
            "500m이내학원가":1,
            "500m이내학원수":11,
            "용적률":310,
            "건폐율":23,
            "Y":34.569848,
            "X":126.609857,
            "rank":4.0,
            "area_info":"29평(97.15),30평(101.59),47평(155.46)",
            "sales_info":"1.45억 (2021-09-02),1.25억 (2019-09-30),1.8억 (2020-02-25)",
            "last_sales":"2021-09-02,14500.0,29평(97.15)",
            "maintenance":"nan,nan,nan",
            "price_per":"493,406,382",
            "room":"3,3,4",
            "bath":"2,2,2",
            "rank_history":[
                [
                    "202205",
                    4
                ],
                [
                    "202204",
                    6
                ],
                [
                    "202203",
                    8
                ],
                [
                    "202202",
                    4
                ],
                [
                    "202201",
                    5
                ]
            ],
            "rank_gap":2
        },
        {
            "index":36,
            "아파트명":"해남센트럴파크",
            "매매타입":"아파트",
            "전용면적(m2)":"105.17",
            "전용면적(평)":"31평",
            "법정동주소":"전라남도 해남군 해남읍 구교리 922",
            "도로명주소":"전라남도 해남군 서림길 11-1",
            "세대수":0,
            "입주년차":100,
            "용적률점수":"--",
            "건폐율점수":"--",
            "세대당주차수":30,
            "난방방식":30,
            "공급면적":"--",
            "전용률":"--",
            "욕실수":100,
            "현관타입":100,
            "주거총점":47.5,
            "지역구공급총점":100.0,
            "역세권":"NA",
            "30분내 이동가능 거점":"NA",
            "1시간내 이동가능 거점":"NA",
            "교통총점":"NA",
            "백화점":0,
            "아울렛몰":0,
            "대형마트":100,
            "은행":0,
            "병원":0,
            "종합병원":80,
            "공원":100,
            "혐오시설":0,
            "인프라총점":34.0,
            "초등학군":100.0,
            "중학군":38.88,
            "학군총점":42.496,
            "인구수":6.04,
            "인구증감":-5.82,
            "인구총점":2.482,
            "일자리":5.46,
            "소득수준":54.3,
            "일자리총점":20.112,
            "가치 총점":42.3736,
            "매매실거래년":18000101.0,
            "매매실거래가":null,
            "평단가":"nan",
            "전세실거래년":null,
            "전세실거래가":null,
            "전세가율":null,
            "장기전세가율평균":"NA",
            "전세가율거품지수":"NA",
            "검색코드":125135,
            "세대수":88.0,
            "난방":"개별난방",
            "주차":"100 (세대당 1.14대)",
            "현관구조":"계단식",
            "관리비평균":null,
            "방수":3,
            "욕실개수":2,
            "준공년월":"2019-09-01",
            "준공년차":3.0,
            "가까운역이름":"NA",
            "가까운역거리":"NA",
            "역세권여부":"NA",
            "30분이내주요거점역":"NA",
            "30분거점역이름":"NA",
            "1시간이내주요거점역":"NA",
            "1시간거점역이름":"NA",
            "3km이내백화점수":0,
            "5km이내아울렛몰수":0,
            "1km이내대형먀트수":3,
            "500m이내은행수":0,
            "500m이내병원수":1,
            "5km이내대형병원수":1,
            "500m이내공원수":5,
            "3km이내혐오시설수":0,
            "300m이내상권":1,
            "300m이내점포수":136,
            "초등학교학업성취도":89.98,
            "초등학교거리":469.4087500876,
            "중학교학업성취도":64.0,
            "500m이내학원가":0,
            "500m이내학원수":0,
            "용적률":159,
            "건폐율":14,
            "Y":34.574853,
            "X":126.592727,
            "rank":5.0,
            "area_info":"31평(105.17),32평(108.2)",
            "sales_info":"거래 정보 없음,거래 정보 없음",
            "last_sales":"1800-01-01,nan,32평(108.2)",
            "maintenance":"nan,nan",
            "price_per":"nan,nan",
            "room":"3,3",
            "bath":"2,2",
            "rank_history":[
                [
                    "202205",
                    5
                ],
                [
                    "202204",
                    3
                ],
                [
                    "202203",
                    6
                ],
                [
                    "202202",
                    9999
                ]
            ],
            "rank_gap":-2
        },
        {
            "index":46,
            "아파트명":"해남파크사이드2차",
            "매매타입":"아파트",
            "전용면적(m2)":"100.41",
            "전용면적(평)":"30평",
            "법정동주소":"전라남도 해남군 해남읍 구교리 1006",
            "도로명주소":"전라남도 해남군 구교3길 36-15",
            "세대수":30,
            "입주년차":100,
            "용적률점수":"--",
            "건폐율점수":"--",
            "세대당주차수":30,
            "난방방식":30,
            "공급면적":"--",
            "전용률":"--",
            "욕실수":100,
            "현관타입":100,
            "주거총점":58.0,
            "지역구공급총점":100.0,
            "역세권":"NA",
            "30분내 이동가능 거점":"NA",
            "1시간내 이동가능 거점":"NA",
            "교통총점":"NA",
            "백화점":0,
            "아울렛몰":0,
            "대형마트":0,
            "은행":0,
            "병원":0,
            "종합병원":80,
            "공원":100,
            "혐오시설":0,
            "인프라총점":15.0,
            "초등학군":100.0,
            "중학군":36.02,
            "학군총점":41.209,
            "인구수":6.04,
            "인구증감":-5.82,
            "인구총점":2.482,
            "일자리":5.46,
            "소득수준":54.3,
            "일자리총점":20.112,
            "가치 총점":41.37315,
            "매매실거래년":20190906.0,
            "매매실거래가":36670.0,
            "평단가":722,
            "전세실거래년":null,
            "전세실거래가":null,
            "전세가율":null,
            "장기전세가율평균":"NA",
            "전세가율거품지수":"NA",
            "검색코드":116778,
            "세대수":323.0,
            "난방":"개별난방",
            "주차":"401 (세대당 1.24대)",
            "현관구조":"계단식",
            "관리비평균":165201.0,
            "방수":3,
            "욕실개수":2,
            "준공년월":"2019-07-01",
            "준공년차":3.0,
            "가까운역이름":"NA",
            "가까운역거리":"NA",
            "역세권여부":"NA",
            "30분이내주요거점역":"NA",
            "30분거점역이름":"NA",
            "1시간이내주요거점역":"NA",
            "1시간거점역이름":"NA",
            "3km이내백화점수":0,
            "5km이내아울렛몰수":0,
            "1km이내대형먀트수":0,
            "500m이내은행수":0,
            "500m이내병원수":0,
            "5km이내대형병원수":1,
            "500m이내공원수":3,
            "3km이내혐오시설수":0,
            "300m이내상권":0,
            "300m이내점포수":0,
            "초등학교학업성취도":89.98,
            "초등학교거리":974.6997426435,
            "중학교학업성취도":58.9,
            "500m이내학원가":0,
            "500m이내학원수":0,
            "용적률":0,
            "건폐율":0,
            "Y":34.580596,
            "X":126.591889,
            "rank":6.0,
            "area_info":"30평(100.41),34평(112.5),34평(112.48),40평(132.91),46평(152.17)",
            "sales_info":"2.196억 (2019-09-04),2.5005억 (2019-08-30),거래 정보 없음,3.164억 (2019-08-30),3.667억 (2019-09-06)",
            "last_sales":"2019-09-06,36670.0,46평(152.17)",
            "maintenance":"165201.0,185917.0,185924.0,221064.0,253521.0",
            "price_per":"722,734,nan,786,796",
            "room":"3,3,3,3,4",
            "bath":"2,2,2,2,2",
            "rank_history":[
                [
                    "202205",
                    6
                ],
                [
                    "202204",
                    7
                ],
                [
                    "202203",
                    10
                ],
                [
                    "202202",
                    6
                ],
                [
                    "202201",
                    4
                ]
            ],
            "rank_gap":1
        },
        {
            "index":0,
            "아파트명":"공간",
            "매매타입":"아파트",
            "전용면적(m2)":"76.69",
            "전용면적(평)":"23평",
            "법정동주소":"전라남도 해남군 해남읍 구교리 81-2",
            "도로명주소":"전라남도 해남군 구교2길 42",
            "세대수":50,
            "입주년차":20,
            "용적률점수":"--",
            "건폐율점수":"--",
            "세대당주차수":0,
            "난방방식":30,
            "공급면적":"--",
            "전용률":"--",
            "욕실수":50,
            "현관타입":100,
            "주거총점":39.5,
            "지역구공급총점":100.0,
            "역세권":"NA",
            "30분내 이동가능 거점":"NA",
            "1시간내 이동가능 거점":"NA",
            "교통총점":"NA",
            "백화점":0,
            "아울렛몰":0,
            "대형마트":80,
            "은행":0,
            "병원":0,
            "종합병원":100,
            "공원":100,
            "혐오시설":0,
            "인프라총점":34.0,
            "초등학군":100.0,
            "중학군":36.02,
            "학군총점":41.209,
            "인구수":6.04,
            "인구증감":-5.82,
            "인구총점":2.482,
            "일자리":5.46,
            "소득수준":54.3,
            "일자리총점":20.112,
            "가치 총점":38.72315,
            "매매실거래년":20220429.0,
            "매매실거래가":10000.0,
            "평단가":431,
            "전세실거래년":20210810.0,
            "전세실거래가":7000.0,
            "전세가율":70.0,
            "장기전세가율평균":"NA",
            "전세가율거품지수":"NA",
            "검색코드":100907,
            "세대수":480.0,
            "난방":"개별난방",
            "주차":"0 (세대당 0.0대)",
            "현관구조":"계단식",
            "관리비평균":144188.0,
            "방수":3,
            "욕실개수":1,
            "준공년월":"2000-09-08",
            "준공년차":22.0,
            "가까운역이름":"NA",
            "가까운역거리":"NA",
            "역세권여부":"NA",
            "30분이내주요거점역":"NA",
            "30분거점역이름":"NA",
            "1시간이내주요거점역":"NA",
            "1시간거점역이름":"NA",
            "3km이내백화점수":0,
            "5km이내아울렛몰수":0,
            "1km이내대형먀트수":1,
            "500m이내은행수":0,
            "500m이내병원수":1,
            "5km이내대형병원수":2,
            "500m이내공원수":4,
            "3km이내혐오시설수":0,
            "300m이내상권":1,
            "300m이내점포수":136,
            "초등학교학업성취도":89.98,
            "초등학교거리":744.6950709205,
            "중학교학업성취도":58.9,
            "500m이내학원가":0,
            "500m이내학원수":0,
            "용적률":208,
            "건폐율":20,
            "Y":34.57914,
            "X":126.5939,
            "rank":7.0,
            "area_info":"23평(76.69)",
            "sales_info":"1.0억 (2022-04-29)",
            "last_sales":"2022-04-29,10000.0,23평(76.69)",
            "maintenance":"144188.0",
            "price_per":"431",
            "room":"3",
            "bath":"1",
            "rank_history":[
                [
                    "202205",
                    7
                ],
                [
                    "202204",
                    8
                ],
                [
                    "202203",
                    11
                ],
                [
                    "202202",
                    7
                ],
                [
                    "202201",
                    9
                ]
            ],
            "rank_gap":1
        },
        {
            "index":21,
            "아파트명":"백두4차",
            "매매타입":"아파트",
            "전용면적(m2)":"90.38",
            "전용면적(평)":"27평",
            "법정동주소":"전라남도 해남군 해남읍 해리 176",
            "도로명주소":"전라남도 해남군 해남로 35",
            "세대수":0,
            "입주년차":40,
            "용적률점수":"--",
            "건폐율점수":"--",
            "세대당주차수":30,
            "난방방식":30,
            "공급면적":"--",
            "전용률":"--",
            "욕실수":100,
            "현관타입":100,
            "주거총점":35.5,
            "지역구공급총점":100.0,
            "역세권":"NA",
            "30분내 이동가능 거점":"NA",
            "1시간내 이동가능 거점":"NA",
            "교통총점":"NA",
            "백화점":0,
            "아울렛몰":0,
            "대형마트":100,
            "은행":0,
            "병원":60,
            "종합병원":100,
            "공원":100,
            "혐오시설":0,
            "인프라총점":39.0,
            "초등학군":100.0,
            "중학군":36.02,
            "학군총점":41.209,
            "인구수":6.04,
            "인구증감":-5.82,
            "인구총점":2.482,
            "일자리":5.46,
            "소득수준":54.3,
            "일자리총점":20.112,
            "가치 총점":38.37315,
            "매매실거래년":20220310.0,
            "매매실거래가":14400.0,
            "평단가":398,
            "전세실거래년":null,
            "전세실거래가":null,
            "전세가율":null,
            "장기전세가율평균":"NA",
            "전세가율거품지수":"NA",
            "검색코드":122973,
            "세대수":135.0,
            "난방":"개별난방",
            "주차":"138 (세대당 1.02대)",
            "현관구조":"계단식",
            "관리비평균":null,
            "방수":3,
            "욕실개수":2,
            "준공년월":"2003-09-05",
            "준공년차":19.0,
            "가까운역이름":"NA",
            "가까운역거리":"NA",
            "역세권여부":"NA",
            "30분이내주요거점역":"NA",
            "30분거점역이름":"NA",
            "1시간이내주요거점역":"NA",
            "1시간거점역이름":"NA",
            "3km이내백화점수":0,
            "5km이내아울렛몰수":0,
            "1km이내대형먀트수":2,
            "500m이내은행수":1,
            "500m이내병원수":18,
            "5km이내대형병원수":2,
            "500m이내공원수":2,
            "3km이내혐오시설수":0,
            "300m이내상권":0,
            "300m이내점포수":0,
            "초등학교학업성취도":89.99,
            "초등학교거리":581.50114702,
            "중학교학업성취도":58.9,
            "500m이내학원가":0,
            "500m이내학원수":0,
            "용적률":249,
            "건폐율":24,
            "Y":34.571384,
            "X":126.610867,
            "rank":8.0,
            "area_info":"27평(90.38),32평(107.67)",
            "sales_info":"1.09억 (2019-02-10),1.44억 (2022-03-10)",
            "last_sales":"2022-03-10,14400.0,32평(107.67)",
            "maintenance":"nan,nan",
            "price_per":"398,442",
            "room":"3,3",
            "bath":"2,2",
            "rank_history":[
                [
                    "202205",
                    8
                ],
                [
                    "202204",
                    4
                ],
                [
                    "202203",
                    9
                ],
                [
                    "202202",
                    5
                ],
                [
                    "202201",
                    5
                ]
            ],
            "rank_gap":-4
        },
        {
            "index":17,
            "아파트명":"백두1차",
            "매매타입":"아파트",
            "전용면적(m2)":"91.65",
            "전용면적(평)":"27평",
            "법정동주소":"전라남도 해남군 해남읍 159-1",
            "도로명주소":"전라남도 해남군 북부순환로 6",
            "세대수":0,
            "입주년차":0,
            "용적률점수":"--",
            "건폐율점수":"--",
            "세대당주차수":0,
            "난방방식":30,
            "공급면적":"--",
            "전용률":"--",
            "욕실수":100,
            "현관타입":100,
            "주거총점":23.0,
            "지역구공급총점":100.0,
            "역세권":"NA",
            "30분내 이동가능 거점":"NA",
            "1시간내 이동가능 거점":"NA",
            "교통총점":"NA",
            "백화점":0,
            "아울렛몰":0,
            "대형마트":100,
            "은행":0,
            "병원":60,
            "종합병원":100,
            "공원":100,
            "혐오시설":0,
            "인프라총점":39.0,
            "초등학군":100.0,
            "중학군":36.02,
            "학군총점":53.209,
            "인구수":6.04,
            "인구증감":-5.82,
            "인구총점":2.482,
            "일자리":5.46,
            "소득수준":54.3,
            "일자리총점":20.112,
            "가치 총점":37.57315,
            "매매실거래년":20211014.0,
            "매매실거래가":8300.0,
            "평단가":299,
            "전세실거래년":20220124.0,
            "전세실거래가":6000.0,
            "전세가율":72.29,
            "장기전세가율평균":"NA",
            "전세가율거품지수":"NA",
            "검색코드":122731,
            "세대수":83.0,
            "난방":"개별난방",
            "주차":"46 (세대당 0.55대)",
            "현관구조":"계단식",
            "관리비평균":null,
            "방수":3,
            "욕실개수":2,
            "준공년월":"1997-12-04",
            "준공년차":25.0,
            "가까운역이름":"NA",
            "가까운역거리":"NA",
            "역세권여부":"NA",
            "30분이내주요거점역":"NA",
            "30분거점역이름":"NA",
            "1시간이내주요거점역":"NA",
            "1시간거점역이름":"NA",
            "3km이내백화점수":0,
            "5km이내아울렛몰수":0,
            "1km이내대형먀트수":3,
            "500m이내은행수":1,
            "500m이내병원수":18,
            "5km이내대형병원수":2,
            "500m이내공원수":2,
            "3km이내혐오시설수":0,
            "300m이내상권":0,
            "300m이내점포수":0,
            "초등학교학업성취도":89.99,
            "초등학교거리":503.3186270928,
            "중학교학업성취도":58.9,
            "500m이내학원가":1,
            "500m이내학원수":11,
            "용적률":322,
            "건폐율":36,
            "Y":34.571246,
            "X":126.610028,
            "rank":9.0,
            "area_info":"27평(91.65)",
            "sales_info":"0.83억 (2021-10-14)",
            "last_sales":"2021-10-14,8300.0,27평(91.65)",
            "maintenance":"nan",
            "price_per":"299",
            "room":"3",
            "bath":"2",
            "rank_history":[
                [
                    "202205",
                    9
                ],
                [
                    "202204",
                    9
                ],
                [
                    "202203",
                    13
                ],
                [
                    "202202",
                    9999
                ]
            ],
            "rank_gap":0
        },
        {
            "index":12,
            "아파트명":"명지",
            "매매타입":"아파트",
            "전용면적(m2)":"77.48",
            "전용면적(평)":"23평",
            "법정동주소":"전라남도 해남군 해남읍 해리 684",
            "도로명주소":"전라남도 해남군 교육청길 26",
            "세대수":0,
            "입주년차":0,
            "용적률점수":"--",
            "건폐율점수":"--",
            "세대당주차수":0,
            "난방방식":30,
            "공급면적":"--",
            "전용률":"--",
            "욕실수":50,
            "현관타입":100,
            "주거총점":18.0,
            "지역구공급총점":100.0,
            "역세권":"NA",
            "30분내 이동가능 거점":"NA",
            "1시간내 이동가능 거점":"NA",
            "교통총점":"NA",
            "백화점":0,
            "아울렛몰":0,
            "대형마트":100,
            "은행":0,
            "병원":60,
            "종합병원":100,
            "공원":100,
            "혐오시설":0,
            "인프라총점":43.0,
            "초등학군":100.0,
            "중학군":38.88,
            "학군총점":54.496,
            "인구수":6.04,
            "인구증감":-5.82,
            "인구총점":2.482,
            "일자리":5.46,
            "소득수준":54.3,
            "일자리총점":20.112,
            "가치 총점":37.0236,
            "매매실거래년":20220331.0,
            "매매실거래가":16500.0,
            "평단가":447,
            "전세실거래년":20190703.0,
            "전세실거래가":7000.0,
            "전세가율":66.67,
            "장기전세가율평균":"NA",
            "전세가율거품지수":"NA",
            "검색코드":4929,
            "세대수":230.0,
            "난방":"개별난방",
            "주차":"132 (세대당 0.57대)",
            "현관구조":"계단식",
            "관리비평균":108328.0,
            "방수":3,
            "욕실개수":1,
            "준공년월":"1997-09-05",
            "준공년차":25.0,
            "가까운역이름":"NA",
            "가까운역거리":"NA",
            "역세권여부":"NA",
            "30분이내주요거점역":"NA",
            "30분거점역이름":"NA",
            "1시간이내주요거점역":"NA",
            "1시간거점역이름":"NA",
            "3km이내백화점수":0,
            "5km이내아울렛몰수":0,
            "1km이내대형먀트수":3,
            "500m이내은행수":1,
            "500m이내병원수":18,
            "5km이내대형병원수":2,
            "500m이내공원수":2,
            "3km이내혐오시설수":0,
            "300m이내상권":2,
            "300m이내점포수":168,
            "초등학교학업성취도":89.99,
            "초등학교거리":363.1357708081,
            "중학교학업성취도":64.0,
            "500m이내학원가":1,
            "500m이내학원수":11,
            "용적률":315,
            "건폐율":26,
            "Y":34.56897,
            "X":126.60846,
            "rank":10.0,
            "area_info":"23평(77.48),31평(105.66),44평(147.37)",
            "sales_info":"1.05억 (2022-03-08),1.65억 (2022-03-31),1.8억 (2019-07-18)",
            "last_sales":"2022-03-31,16500.0,31평(105.66)",
            "maintenance":"108328.0,155571.0,213745.0",
            "price_per":"447,516,403",
            "room":"3,3,4",
            "bath":"1,2,2",
            "rank_history":[
                [
                    "202205",
                    10
                ],
                [
                    "202204",
                    10
                ],
                [
                    "202203",
                    14
                ],
                [
                    "202202",
                    9
                ],
                [
                    "202201",
                    8
                ]
            ],
            "rank_gap":0
        },
        {
            "index":42,
            "아파트명":"해남파크사이드",
            "매매타입":"아파트",
            "전용면적(m2)":"79.98",
            "전용면적(평)":"24평",
            "법정동주소":"전라남도 해남군 해남읍 구교리 1005",
            "도로명주소":"전라남도 해남군 구교3길 36-23",
            "세대수":0,
            "입주년차":80,
            "용적률점수":"--",
            "건폐율점수":"--",
            "세대당주차수":30,
            "난방방식":30,
            "공급면적":"--",
            "전용률":"--",
            "욕실수":100,
            "현관타입":100,
            "주거총점":43.5,
            "지역구공급총점":100.0,
            "역세권":"NA",
            "30분내 이동가능 거점":"NA",
            "1시간내 이동가능 거점":"NA",
            "교통총점":"NA",
            "백화점":0,
            "아울렛몰":0,
            "대형마트":0,
            "은행":0,
            "병원":0,
            "종합병원":100,
            "공원":100,
            "혐오시설":0,
            "인프라총점":18.0,
            "초등학군":100.0,
            "중학군":36.02,
            "학군총점":41.209,
            "인구수":6.04,
            "인구증감":-5.82,
            "인구총점":2.482,
            "일자리":5.46,
            "소득수준":54.3,
            "일자리총점":20.112,
            "가치 총점":36.32315,
            "매매실거래년":20220413.0,
            "매매실거래가":21700.0,
            "평단가":785,
            "전세실거래년":20210723.0,
            "전세실거래가":12000.0,
            "전세가율":63.16,
            "장기전세가율평균":"NA",
            "전세가율거품지수":"NA",
            "검색코드":109506,
            "세대수":263.0,
            "난방":"개별난방",
            "주차":"308 (세대당 1.17대)",
            "현관구조":"계단식",
            "관리비평균":148924.0,
            "방수":3,
            "욕실개수":2,
            "준공년월":"2015-08-28",
            "준공년차":7.0,
            "가까운역이름":"NA",
            "가까운역거리":"NA",
            "역세권여부":"NA",
            "30분이내주요거점역":"NA",
            "30분거점역이름":"NA",
            "1시간이내주요거점역":"NA",
            "1시간거점역이름":"NA",
            "3km이내백화점수":0,
            "5km이내아울렛몰수":0,
            "1km이내대형먀트수":0,
            "500m이내은행수":0,
            "500m이내병원수":0,
            "5km이내대형병원수":2,
            "500m이내공원수":4,
            "3km이내혐오시설수":0,
            "300m이내상권":0,
            "300m이내점포수":0,
            "초등학교학업성취도":89.98,
            "초등학교거리":902.2719168389,
            "중학교학업성취도":58.9,
            "500m이내학원가":0,
            "500m이내학원수":0,
            "용적률":169,
            "건폐율":16,
            "Y":34.580435,
            "X":126.5932,
            "rank":11.0,
            "area_info":"24평(79.98),28평(93.21),28평(93.11),33평(109.39)",
            "sales_info":"1.9억 (2022-03-29),2.25억 (2022-02-07),2.17억 (2022-04-13),2.6억 (2021-12-09)",
            "last_sales":"2022-04-13,21700.0,28평(93.11)",
            "maintenance":"148924.0,180109.0,181523.0,213390.0",
            "price_per":"785,797,770,785",
            "room":"3,3,3,3",
            "bath":"2,2,2,2",
            "rank_history":[
                [
                    "202205",
                    11
                ],
                [
                    "202204",
                    11
                ],
                [
                    "202203",
                    15
                ],
                [
                    "202202",
                    10
                ],
                [
                    "202201",
                    7
                ]
            ],
            "rank_gap":0
        },
        {
            "index":3,
            "아파트명":"금강",
            "매매타입":"아파트",
            "전용면적(m2)":"62.23",
            "전용면적(평)":"18평",
            "법정동주소":"전라남도 해남군 해남읍 해리 125",
            "도로명주소":"전라남도 해남군 해리4길 18",
            "세대수":0,
            "입주년차":0,
            "용적률점수":"--",
            "건폐율점수":"--",
            "세대당주차수":0,
            "난방방식":30,
            "공급면적":"--",
            "전용률":"--",
            "욕실수":50,
            "현관타입":100,
            "주거총점":18.0,
            "지역구공급총점":100.0,
            "역세권":"NA",
            "30분내 이동가능 거점":"NA",
            "1시간내 이동가능 거점":"NA",
            "교통총점":"NA",
            "백화점":0,
            "아울렛몰":0,
            "대형마트":100,
            "은행":0,
            "병원":60,
            "종합병원":100,
            "공원":100,
            "혐오시설":0,
            "인프라총점":39.0,
            "초등학군":100.0,
            "중학군":36.02,
            "학군총점":53.209,
            "인구수":6.04,
            "인구증감":-5.82,
            "인구총점":2.482,
            "일자리":5.46,
            "소득수준":54.3,
            "일자리총점":20.112,
            "가치 총점":35.57315,
            "매매실거래년":20220118.0,
            "매매실거래가":5000.0,
            "평단가":207,
            "전세실거래년":20200224.0,
            "전세실거래가":3000.0,
            "전세가율":76.92,
            "장기전세가율평균":"NA",
            "전세가율거품지수":"NA",
            "검색코드":100916,
            "세대수":120.0,
            "난방":"개별난방",
            "주차":"0 (세대당 0.0대)",
            "현관구조":"계단식",
            "관리비평균":null,
            "방수":2,
            "욕실개수":1,
            "준공년월":"1994-04-12",
            "준공년차":28.0,
            "가까운역이름":"NA",
            "가까운역거리":"NA",
            "역세권여부":"NA",
            "30분이내주요거점역":"NA",
            "30분거점역이름":"NA",
            "1시간이내주요거점역":"NA",
            "1시간거점역이름":"NA",
            "3km이내백화점수":0,
            "5km이내아울렛몰수":0,
            "1km이내대형먀트수":2,
            "500m이내은행수":1,
            "500m이내병원수":17,
            "5km이내대형병원수":2,
            "500m이내공원수":2,
            "3km이내혐오시설수":0,
            "300m이내상권":0,
            "300m이내점포수":0,
            "초등학교학업성취도":89.99,
            "초등학교거리":545.7310625264,
            "중학교학업성취도":58.9,
            "500m이내학원가":1,
            "500m이내학원수":11,
            "용적률":0,
            "건폐율":0,
            "Y":34.574004,
            "X":126.608273,
            "rank":12.0,
            "area_info":"18평(62.23),19평(65.82),20평(67.01)",
            "sales_info":"0.39억 (2021-12-18),거래 정보 없음,0.5억 (2022-01-18)",
            "last_sales":"2022-01-18,5000.0,20평(67.01)",
            "maintenance":"nan,nan,nan",
            "price_per":"207,nan,246",
            "room":"2,2,2",
            "bath":"1,1,1",
            "rank_history":[
                [
                    "202205",
                    12
                ],
                [
                    "202204",
                    13
                ],
                [
                    "202203",
                    16
                ],
                [
                    "202202",
                    11
                ],
                [
                    "202201",
                    14
                ]
            ],
            "rank_gap":1
        },
        {
            "index":6,
            "아파트명":"금영",
            "매매타입":"아파트",
            "전용면적(m2)":"77.4",
            "전용면적(평)":"23평",
            "법정동주소":"전라남도 해남군 해남읍 해리 305-2",
            "도로명주소":"전라남도 해남군 동초길 70",
            "세대수":0,
            "입주년차":0,
            "용적률점수":"--",
            "건폐율점수":"--",
            "세대당주차수":0,
            "난방방식":30,
            "공급면적":"--",
            "전용률":"--",
            "욕실수":50,
            "현관타입":100,
            "주거총점":18.0,
            "지역구공급총점":100.0,
            "역세권":"NA",
            "30분내 이동가능 거점":"NA",
            "1시간내 이동가능 거점":"NA",
            "교통총점":"NA",
            "백화점":0,
            "아울렛몰":0,
            "대형마트":100,
            "은행":20,
            "병원":30,
            "종합병원":100,
            "공원":100,
            "혐오시설":0,
            "인프라총점":37.0,
            "초등학군":100.0,
            "중학군":38.88,
            "학군총점":54.496,
            "인구수":6.04,
            "인구증감":-5.82,
            "인구총점":2.482,
            "일자리":5.46,
            "소득수준":54.3,
            "일자리총점":20.112,
            "가치 총점":35.5236,
            "매매실거래년":20220418.0,
            "매매실거래가":6900.0,
            "평단가":367,
            "전세실거래년":20190403.0,
            "전세실거래가":5000.0,
            "전세가율":58.14,
            "장기전세가율평균":"NA",
            "전세가율거품지수":"NA",
            "검색코드":101803,
            "세대수":142.0,
            "난방":"개별난방",
            "주차":"33 (세대당 0.23대)",
            "현관구조":"계단식",
            "관리비평균":null,
            "방수":3,
            "욕실개수":1,
            "준공년월":"1992-11-28",
            "준공년차":30.0,
            "가까운역이름":"NA",
            "가까운역거리":"NA",
            "역세권여부":"NA",
            "30분이내주요거점역":"NA",
            "30분거점역이름":"NA",
            "1시간이내주요거점역":"NA",
            "1시간거점역이름":"NA",
            "3km이내백화점수":0,
            "5km이내아울렛몰수":0,
            "1km이내대형먀트수":5,
            "500m이내은행수":2,
            "500m이내병원수":7,
            "5km이내대형병원수":2,
            "500m이내공원수":3,
            "3km이내혐오시설수":0,
            "300m이내상권":0,
            "300m이내점포수":0,
            "초등학교학업성취도":89.99,
            "초등학교거리":345.2333514786,
            "중학교학업성취도":64.0,
            "500m이내학원가":1,
            "500m이내학원수":11,
            "용적률":0,
            "건폐율":0,
            "Y":34.567152,
            "X":126.603408,
            "rank":13.0,
            "area_info":"23평(77.4),23평(79.25),24평(79.35),24평(80.28),45평(149.47)",
            "sales_info":"0.86억 (2021-10-23),0.7억 (2021-12-01),0.69억 (2022-04-18),0.745억 (2022-01-31),0.96억 (2020-05-29)",
            "last_sales":"2022-04-18,6900.0,24평(79.35)",
            "maintenance":"nan,nan,nan,nan,nan",
            "price_per":"367,291,287,306,212",
            "room":"3,2,2,3,4",
            "bath":"1,1,1,1,2",
            "rank_history":[
                [
                    "202205",
                    13
                ],
                [
                    "202204",
                    12
                ],
                [
                    "202203",
                    24
                ],
                [
                    "202202",
                    15
                ],
                [
                    "202201",
                    12
                ]
            ],
            "rank_gap":-1
        },
        {
            "index":26,
            "아파트명":"신동백",
            "매매타입":"아파트",
            "전용면적(m2)":"100.33",
            "전용면적(평)":"30평",
            "법정동주소":"전라남도 해남군 해남읍 해리 449-1",
            "도로명주소":"전라남도 해남군 해리4길 11",
            "세대수":0,
            "입주년차":0,
            "용적률점수":"--",
            "건폐율점수":"--",
            "세대당주차수":0,
            "난방방식":30,
            "공급면적":"--",
            "전용률":"--",
            "욕실수":100,
            "현관타입":10,
            "주거총점":14.0,
            "지역구공급총점":100.0,
            "역세권":"NA",
            "30분내 이동가능 거점":"NA",
            "1시간내 이동가능 거점":"NA",
            "교통총점":"NA",
            "백화점":0,
            "아울렛몰":0,
            "대형마트":100,
            "은행":0,
            "병원":60,
            "종합병원":100,
            "공원":100,
            "혐오시설":0,
            "인프라총점":39.0,
            "초등학군":100.0,
            "중학군":36.02,
            "학군총점":53.209,
            "인구수":6.04,
            "인구증감":-5.82,
            "인구총점":2.482,
            "일자리":5.46,
            "소득수준":54.3,
            "일자리총점":20.112,
            "가치 총점":33.97315,
            "매매실거래년":20220325.0,
            "매매실거래가":9500.0,
            "평단가":313,
            "전세실거래년":20200615.0,
            "전세실거래가":5000.0,
            "전세가율":52.63,
            "장기전세가율평균":"NA",
            "전세가율거품지수":"NA",
            "검색코드":101808,
            "세대수":106.0,
            "난방":"개별난방",
            "주차":"29 (세대당 0.27대)",
            "현관구조":"복도식",
            "관리비평균":null,
            "방수":3,
            "욕실개수":2,
            "준공년월":"1994-04-26",
            "준공년차":28.0,
            "가까운역이름":"NA",
            "가까운역거리":"NA",
            "역세권여부":"NA",
            "30분이내주요거점역":"NA",
            "30분거점역이름":"NA",
            "1시간이내주요거점역":"NA",
            "1시간거점역이름":"NA",
            "3km이내백화점수":0,
            "5km이내아울렛몰수":0,
            "1km이내대형먀트수":4,
            "500m이내은행수":1,
            "500m이내병원수":17,
            "5km이내대형병원수":2,
            "500m이내공원수":2,
            "3km이내혐오시설수":0,
            "300m이내상권":0,
            "300m이내점포수":0,
            "초등학교학업성취도":89.99,
            "초등학교거리":439.1721624269,
            "중학교학업성취도":58.9,
            "500m이내학원가":1,
            "500m이내학원수":11,
            "용적률":0,
            "건폐율":0,
            "Y":34.573644,
            "X":126.606743,
            "rank":14.0,
            "area_info":"30평(100.33),31평(103.71)",
            "sales_info":"0.95억 (2022-03-25),1.01억 (2021-05-07)",
            "last_sales":"2022-03-25,9500.0,30평(100.33)",
            "maintenance":"nan,nan",
            "price_per":"313,321",
            "room":"3,3",
            "bath":"2,2",
            "rank_history":[
                [
                    "202205",
                    14
                ],
                [
                    "202204",
                    14
                ],
                [
                    "202203",
                    18
                ],
                [
                    "202202",
                    12
                ],
                [
                    "202201",
                    10
                ]
            ],
            "rank_gap":0
        },
        {
            "index":34,
            "아파트명":"하늘연가",
            "매매타입":"아파트",
            "전용면적(m2)":"112.79",
            "전용면적(평)":"34평",
            "법정동주소":"전라남도 해남군 해남읍 구교리 552",
            "도로명주소":"전라남도 해남군 구교3길 37",
            "세대수":0,
            "입주년차":40,
            "용적률점수":"--",
            "건폐율점수":"--",
            "세대당주차수":30,
            "난방방식":30,
            "공급면적":"--",
            "전용률":"--",
            "욕실수":100,
            "현관타입":100,
            "주거총점":35.5,
            "지역구공급총점":100.0,
            "역세권":"NA",
            "30분내 이동가능 거점":"NA",
            "1시간내 이동가능 거점":"NA",
            "교통총점":"NA",
            "백화점":0,
            "아울렛몰":0,
            "대형마트":0,
            "은행":0,
            "병원":0,
            "종합병원":80,
            "공원":100,
            "혐오시설":0,
            "인프라총점":15.0,
            "초등학군":100.0,
            "중학군":36.02,
            "학군총점":41.209,
            "인구수":6.04,
            "인구증감":-5.82,
            "인구총점":2.482,
            "일자리":5.46,
            "소득수준":54.3,
            "일자리총점":20.112,
            "가치 총점":32.37315,
            "매매실거래년":20220411.0,
            "매매실거래가":26200.0,
            "평단가":439,
            "전세실거래년":20210805.0,
            "전세실거래가":15000.0,
            "전세가율":100.0,
            "장기전세가율평균":"NA",
            "전세가율거품지수":"NA",
            "검색코드":101821,
            "세대수":179.0,
            "난방":"개별난방",
            "주차":"187 (세대당 1.04대)",
            "현관구조":"계단식",
            "관리비평균":150657.0,
            "방수":3,
            "욕실개수":2,
            "준공년월":"2005-12-14",
            "준공년차":17.0,
            "가까운역이름":"NA",
            "가까운역거리":"NA",
            "역세권여부":"NA",
            "30분이내주요거점역":"NA",
            "30분거점역이름":"NA",
            "1시간이내주요거점역":"NA",
            "1시간거점역이름":"NA",
            "3km이내백화점수":0,
            "5km이내아울렛몰수":0,
            "1km이내대형먀트수":0,
            "500m이내은행수":0,
            "500m이내병원수":0,
            "5km이내대형병원수":1,
            "500m이내공원수":2,
            "3km이내혐오시설수":0,
            "300m이내상권":0,
            "300m이내점포수":0,
            "초등학교학업성취도":89.98,
            "초등학교거리":1037.6079747582,
            "중학교학업성취도":58.9,
            "500m이내학원가":0,
            "500m이내학원수":0,
            "용적률":192,
            "건폐율":16,
            "Y":34.580259,
            "X":126.590132,
            "rank":15.0,
            "area_info":"34평(112.79),44평(145.9)",
            "sales_info":"1.5억 (2022-03-08),2.62억 (2022-04-11)",
            "last_sales":"2022-04-11,26200.0,44평(145.9)",
            "maintenance":"150657.0,201506.0",
            "price_per":"439,593",
            "room":"3,4",
            "bath":"2,2",
            "rank_history":[
                [
                    "202205",
                    15
                ],
                [
                    "202204",
                    17
                ],
                [
                    "202203",
                    23
                ],
                [
                    "202202",
                    14
                ],
                [
                    "202201",
                    11
                ]
            ],
            "rank_gap":2
        },
        {
            "index":23,
            "아파트명":"새시대맨션",
            "매매타입":"아파트",
            "전용면적(m2)":"103.6",
            "전용면적(평)":"31평",
            "법정동주소":"전라남도 해남군 해남읍 구교리 96",
            "도로명주소":"전라남도 해남군 구교2길 36",
            "세대수":0,
            "입주년차":0,
            "용적률점수":"--",
            "건폐율점수":"--",
            "세대당주차수":0,
            "난방방식":30,
            "공급면적":"--",
            "전용률":"--",
            "욕실수":100,
            "현관타입":100,
            "주거총점":23.0,
            "지역구공급총점":100.0,
            "역세권":"NA",
            "30분내 이동가능 거점":"NA",
            "1시간내 이동가능 거점":"NA",
            "교통총점":"NA",
            "백화점":0,
            "아울렛몰":0,
            "대형마트":80,
            "은행":0,
            "병원":0,
            "종합병원":100,
            "공원":100,
            "혐오시설":0,
            "인프라총점":34.0,
            "초등학군":100.0,
            "중학군":36.02,
            "학군총점":41.209,
            "인구수":6.04,
            "인구증감":-5.82,
            "인구총점":2.482,
            "일자리":5.46,
            "소득수준":54.3,
            "일자리총점":20.112,
            "가치 총점":32.12315,
            "매매실거래년":20220401.0,
            "매매실거래가":9800.0,
            "평단가":312,
            "전세실거래년":20211005.0,
            "전세실거래가":8000.0,
            "전세가율":81.63,
            "장기전세가율평균":"NA",
            "전세가율거품지수":"NA",
            "검색코드":4933,
            "세대수":142.0,
            "난방":"개별난방",
            "주차":"38 (세대당 0.27대)",
            "현관구조":"계단식",
            "관리비평균":null,
            "방수":3,
            "욕실개수":2,
            "준공년월":"1994-03-14",
            "준공년차":28.0,
            "가까운역이름":"NA",
            "가까운역거리":"NA",
            "역세권여부":"NA",
            "30분이내주요거점역":"NA",
            "30분거점역이름":"NA",
            "1시간이내주요거점역":"NA",
            "1시간거점역이름":"NA",
            "3km이내백화점수":0,
            "5km이내아울렛몰수":0,
            "1km이내대형먀트수":1,
            "500m이내은행수":0,
            "500m이내병원수":1,
            "5km이내대형병원수":2,
            "500m이내공원수":5,
            "3km이내혐오시설수":0,
            "300m이내상권":1,
            "300m이내점포수":136,
            "초등학교학업성취도":89.98,
            "초등학교거리":613.9020507849,
            "중학교학업성취도":58.9,
            "500m이내학원가":0,
            "500m이내학원수":0,
            "용적률":0,
            "건폐율":0,
            "Y":34.578148,
            "X":126.594701,
            "rank":16.0,
            "area_info":"31평(103.6)",
            "sales_info":"0.98억 (2022-04-01)",
            "last_sales":"2022-04-01,9800.0,31평(103.6)",
            "maintenance":"nan",
            "price_per":"312",
            "room":"3",
            "bath":"2",
            "rank_history":[
                [
                    "202205",
                    16
                ],
                [
                    "202204",
                    16
                ],
                [
                    "202203",
                    19
                ],
                [
                    "202202",
                    13
                ],
                [
                    "202201",
                    15
                ]
            ],
            "rank_gap":0
        },
        {
            "index":15,
            "아파트명":"미암",
            "매매타입":"아파트",
            "전용면적(m2)":"57.33",
            "전용면적(평)":"17평",
            "법정동주소":"전라남도 해남군 해남읍 해리 572",
            "도로명주소":"전라남도 해남군 해리9길 14",
            "세대수":0,
            "입주년차":0,
            "용적률점수":"--",
            "건폐율점수":"--",
            "세대당주차수":0,
            "난방방식":30,
            "공급면적":"--",
            "전용률":"--",
            "욕실수":50,
            "현관타입":10,
            "주거총점":9.0,
            "지역구공급총점":100.0,
            "역세권":"NA",
            "30분내 이동가능 거점":"NA",
            "1시간내 이동가능 거점":"NA",
            "교통총점":"NA",
            "백화점":0,
            "아울렛몰":0,
            "대형마트":100,
            "은행":70,
            "병원":30,
            "종합병원":100,
            "공원":80,
            "혐오시설":0,
            "인프라총점":38.9,
            "초등학군":100.0,
            "중학군":36.02,
            "학군총점":53.209,
            "인구수":6.04,
            "인구증감":-5.82,
            "인구총점":2.482,
            "일자리":5.46,
            "소득수준":54.3,
            "일자리총점":20.112,
            "가치 총점":31.94815,
            "매매실거래년":20220420.0,
            "매매실거래가":3700.0,
            "평단가":213,
            "전세실거래년":20210929.0,
            "전세실거래가":4000.0,
            "전세가율":108.11,
            "장기전세가율평균":"NA",
            "전세가율거품지수":"NA",
            "검색코드":101806,
            "세대수":80.0,
            "난방":"개별난방",
            "주차":"0 (세대당 0.0대)",
            "현관구조":"복도식",
            "관리비평균":null,
            "방수":3,
            "욕실개수":1,
            "준공년월":"1989-12-28",
            "준공년차":33.0,
            "가까운역이름":"NA",
            "가까운역거리":"NA",
            "역세권여부":"NA",
            "30분이내주요거점역":"NA",
            "30분거점역이름":"NA",
            "1시간이내주요거점역":"NA",
            "1시간거점역이름":"NA",
            "3km이내백화점수":0,
            "5km이내아울렛몰수":0,
            "1km이내대형먀트수":4,
            "500m이내은행수":3,
            "500m이내병원수":5,
            "5km이내대형병원수":2,
            "500m이내공원수":1,
            "3km이내혐오시설수":0,
            "300m이내상권":0,
            "300m이내점포수":0,
            "초등학교학업성취도":89.99,
            "초등학교거리":526.0623694826,
            "중학교학업성취도":58.9,
            "500m이내학원가":1,
            "500m이내학원수":11,
            "용적률":0,
            "건폐율":0,
            "Y":34.574791,
            "X":126.604555,
            "rank":17.0,
            "area_info":"17평(57.33),22평(74.7)",
            "sales_info":"0.37억 (2022-04-20),0.34억 (2021-11-08)",
            "last_sales":"2022-04-20,3700.0,17평(57.33)",
            "maintenance":"nan,nan",
            "price_per":"213,150",
            "room":"3,3",
            "bath":"1,1",
            "rank_history":[
                [
                    "202205",
                    17
                ],
                [
                    "202204",
                    15
                ],
                [
                    "202203",
                    20
                ],
                [
                    "202202",
                    9999
                ]
            ],
            "rank_gap":-2
        },
        {
            "index":32,
            "아파트명":"우진아트빌",
            "매매타입":"아파트",
            "전용면적(m2)":"94.29",
            "전용면적(평)":"28평",
            "법정동주소":"전라남도 해남군 해남읍 구교리 567",
            "도로명주소":"전라남도 해남군 구교3길 35",
            "세대수":0,
            "입주년차":40,
            "용적률점수":"--",
            "건폐율점수":"--",
            "세대당주차수":0,
            "난방방식":30,
            "공급면적":"--",
            "전용률":"--",
            "욕실수":100,
            "현관타입":100,
            "주거총점":31.0,
            "지역구공급총점":100.0,
            "역세권":"NA",
            "30분내 이동가능 거점":"NA",
            "1시간내 이동가능 거점":"NA",
            "교통총점":"NA",
            "백화점":0,
            "아울렛몰":0,
            "대형마트":0,
            "은행":0,
            "병원":0,
            "종합병원":80,
            "공원":100,
            "혐오시설":0,
            "인프라총점":15.0,
            "초등학군":100.0,
            "중학군":36.02,
            "학군총점":41.209,
            "인구수":6.04,
            "인구증감":-5.82,
            "인구총점":2.482,
            "일자리":5.46,
            "소득수준":54.3,
            "일자리총점":20.112,
            "가치 총점":30.57315,
            "매매실거래년":20220317.0,
            "매매실거래가":13500.0,
            "평단가":473,
            "전세실거래년":20150414.0,
            "전세실거래가":8000.0,
            "전세가율":59.26,
            "장기전세가율평균":"NA",
            "전세가율거품지수":"NA",
            "검색코드":100921,
            "세대수":221.0,
            "난방":"개별난방",
            "주차":"191 (세대당 0.86대)",
            "현관구조":"계단식",
            "관리비평균":116386.0,
            "방수":3,
            "욕실개수":2,
            "준공년월":"2004-11-18",
            "준공년차":18.0,
            "가까운역이름":"NA",
            "가까운역거리":"NA",
            "역세권여부":"NA",
            "30분이내주요거점역":"NA",
            "30분거점역이름":"NA",
            "1시간이내주요거점역":"NA",
            "1시간거점역이름":"NA",
            "3km이내백화점수":0,
            "5km이내아울렛몰수":0,
            "1km이내대형먀트수":0,
            "500m이내은행수":0,
            "500m이내병원수":0,
            "5km이내대형병원수":1,
            "500m이내공원수":2,
            "3km이내혐오시설수":0,
            "300m이내상권":0,
            "300m이내점포수":0,
            "초등학교학업성취도":89.98,
            "초등학교거리":932.7779417083,
            "중학교학업성취도":58.9,
            "500m이내학원가":0,
            "500m이내학원수":0,
            "용적률":247,
            "건폐율":20,
            "Y":34.578879,
            "X":126.590013,
            "rank":18.0,
            "area_info":"28평(94.29),36평(121.23)",
            "sales_info":"1.35억 (2022-03-17),1.78억 (2021-12-15)",
            "last_sales":"2022-03-17,13500.0,28평(94.29)",
            "maintenance":"116386.0,165483.0",
            "price_per":"473,485",
            "room":"3,3",
            "bath":"2,2",
            "rank_history":[
                [
                    "202205",
                    18
                ],
                [
                    "202204",
                    19
                ],
                [
                    "202203",
                    25
                ],
                [
                    "202202",
                    16
                ],
                [
                    "202201",
                    13
                ]
            ],
            "rank_gap":1
        },
        {
            "index":28,
            "아파트명":"신명",
            "매매타입":"아파트",
            "전용면적(m2)":"99.98",
            "전용면적(평)":"30평",
            "법정동주소":"전라남도 해남군 해남읍 남외리 98",
            "도로명주소":"전라남도 해남군 남동천길 100",
            "세대수":0,
            "입주년차":0,
            "용적률점수":"--",
            "건폐율점수":"--",
            "세대당주차수":0,
            "난방방식":30,
            "공급면적":"--",
            "전용률":"--",
            "욕실수":50,
            "현관타입":10,
            "주거총점":9.0,
            "지역구공급총점":100.0,
            "역세권":"NA",
            "30분내 이동가능 거점":"NA",
            "1시간내 이동가능 거점":"NA",
            "교통총점":"NA",
            "백화점":0,
            "아울렛몰":0,
            "대형마트":100,
            "은행":0,
            "병원":60,
            "종합병원":80,
            "공원":100,
            "혐오시설":0,
            "인프라총점":36.0,
            "초등학군":100.0,
            "중학군":38.88,
            "학군총점":42.496,
            "인구수":6.04,
            "인구증감":-5.82,
            "인구총점":2.482,
            "일자리":5.46,
            "소득수준":54.3,
            "일자리총점":20.112,
            "가치 총점":27.4736,
            "매매실거래년":20220405.0,
            "매매실거래가":6800.0,
            "평단가":188,
            "전세실거래년":null,
            "전세실거래가":null,
            "전세가율":null,
            "장기전세가율평균":"NA",
            "전세가율거품지수":"NA",
            "검색코드":101816,
            "세대수":106.0,
            "난방":"개별난방",
            "주차":"22 (세대당 0.21대)",
            "현관구조":"복도식",
            "관리비평균":null,
            "방수":3,
            "욕실개수":1,
            "준공년월":"1992-07-22",
            "준공년차":30.0,
            "가까운역이름":"NA",
            "가까운역거리":"NA",
            "역세권여부":"NA",
            "30분이내주요거점역":"NA",
            "30분거점역이름":"NA",
            "1시간이내주요거점역":"NA",
            "1시간거점역이름":"NA",
            "3km이내백화점수":0,
            "5km이내아울렛몰수":0,
            "1km이내대형먀트수":4,
            "500m이내은행수":0,
            "500m이내병원수":14,
            "5km이내대형병원수":1,
            "500m이내공원수":3,
            "3km이내혐오시설수":0,
            "300m이내상권":0,
            "300m이내점포수":0,
            "초등학교학업성취도":89.98,
            "초등학교거리":595.310103302,
            "중학교학업성취도":64.0,
            "500m이내학원가":0,
            "500m이내학원수":0,
            "용적률":245,
            "건폐율":18,
            "Y":34.569337,
            "X":126.592746,
            "rank":19.0,
            "area_info":"30평(99.98),30평(100.36),30평(100.86),30평(100.06)",
            "sales_info":"0.57억 (2022-02-10),0.68억 (2022-04-05),0.8억 (2021-08-02),0.38억 (2006-05-25)",
            "last_sales":"2022-04-05,6800.0,30평(100.36)",
            "maintenance":"nan,nan,nan,nan",
            "price_per":"188,223,262,125",
            "room":"3,3,3,3",
            "bath":"1,1,1,1",
            "rank_history":[
                [
                    "202205",
                    19
                ],
                [
                    "202204",
                    18
                ],
                [
                    "202203",
                    12
                ],
                [
                    "202202",
                    8
                ],
                [
                    "202201",
                    6
                ]
            ],
            "rank_gap":-1
        },
        {
            "index":2,
            "아파트명":"구교주공2단지",
            "매매타입":"아파트",
            "전용면적(m2)":"70.01",
            "전용면적(평)":"21평",
            "법정동주소":"전라남도 해남군 해남읍 구교리 918",
            "도로명주소":"전라남도 해남군 구교3길 26",
            "세대수":0,
            "입주년차":20,
            "용적률점수":"--",
            "건폐율점수":"--",
            "세대당주차수":0,
            "난방방식":30,
            "공급면적":"--",
            "전용률":"--",
            "욕실수":50,
            "현관타입":10,
            "주거총점":13.0,
            "지역구공급총점":100.0,
            "역세권":"NA",
            "30분내 이동가능 거점":"NA",
            "1시간내 이동가능 거점":"NA",
            "교통총점":"NA",
            "백화점":0,
            "아울렛몰":0,
            "대형마트":80,
            "은행":0,
            "병원":0,
            "종합병원":80,
            "공원":100,
            "혐오시설":0,
            "인프라총점":31.0,
            "초등학군":100.0,
            "중학군":36.02,
            "학군총점":41.209,
            "인구수":6.04,
            "인구증감":-5.82,
            "인구총점":2.482,
            "일자리":5.46,
            "소득수준":54.3,
            "일자리총점":20.112,
            "가치 총점":27.37315,
            "매매실거래년":20220212.0,
            "매매실거래가":8500.0,
            "평단가":401,
            "전세실거래년":20210730.0,
            "전세실거래가":6800.0,
            "전세가율":80.0,
            "장기전세가율평균":"NA",
            "전세가율거품지수":"NA",
            "검색코드":101798,
            "세대수":260.0,
            "난방":"개별난방",
            "주차":"0 (세대당 0.0대)",
            "현관구조":"복도식",
            "관리비평균":108846.0,
            "방수":2,
            "욕실개수":1,
            "준공년월":"1999-12-20",
            "준공년차":23.0,
            "가까운역이름":"NA",
            "가까운역거리":"NA",
            "역세권여부":"NA",
            "30분이내주요거점역":"NA",
            "30분거점역이름":"NA",
            "1시간이내주요거점역":"NA",
            "1시간거점역이름":"NA",
            "3km이내백화점수":0,
            "5km이내아울렛몰수":0,
            "1km이내대형먀트수":1,
            "500m이내은행수":0,
            "500m이내병원수":1,
            "5km이내대형병원수":1,
            "500m이내공원수":4,
            "3km이내혐오시설수":0,
            "300m이내상권":1,
            "300m이내점포수":136,
            "초등학교학업성취도":89.98,
            "초등학교거리":823.8077821299,
            "중학교학업성취도":58.9,
            "500m이내학원가":0,
            "500m이내학원수":0,
            "용적률":0,
            "건폐율":0,
            "Y":34.579193,
            "X":126.592286,
            "rank":20.0,
            "area_info":"21평(70.01)",
            "sales_info":"0.85억 (2022-02-12)",
            "last_sales":"2022-02-12,8500.0,21평(70.01)",
            "maintenance":"108846.0",
            "price_per":"401",
            "room":"2",
            "bath":"1",
            "rank_history":[
                [
                    "202205",
                    20
                ],
                [
                    "202204",
                    22
                ],
                [
                    "202203",
                    28
                ],
                [
                    "202202",
                    19
                ],
                [
                    "202201",
                    17
                ]
            ],
            "rank_gap":2
        },
        {
            "index":1,
            "아파트명":"구교주공",
            "매매타입":"아파트",
            "전용면적(m2)":"64.02",
            "전용면적(평)":"19평",
            "법정동주소":"전라남도 해남군 해남읍 구교리 310-1",
            "도로명주소":"전라남도 해남군 북부순환로 175",
            "세대수":0,
            "입주년차":0,
            "용적률점수":"--",
            "건폐율점수":"--",
            "세대당주차수":0,
            "난방방식":30,
            "공급면적":"--",
            "전용률":"--",
            "욕실수":50,
            "현관타입":10,
            "주거총점":9.0,
            "지역구공급총점":100.0,
            "역세권":"NA",
            "30분내 이동가능 거점":"NA",
            "1시간내 이동가능 거점":"NA",
            "교통총점":"NA",
            "백화점":0,
            "아울렛몰":0,
            "대형마트":100,
            "은행":0,
            "병원":0,
            "종합병원":100,
            "공원":100,
            "혐오시설":0,
            "인프라총점":37.0,
            "초등학군":100.0,
            "중학군":36.02,
            "학군총점":41.209,
            "인구수":6.04,
            "인구증감":-5.82,
            "인구총점":2.482,
            "일자리":5.46,
            "소득수준":54.3,
            "일자리총점":20.112,
            "가치 총점":27.27315,
            "매매실거래년":20220422.0,
            "매매실거래가":8900.0,
            "평단가":459,
            "전세실거래년":20210802.0,
            "전세실거래가":5500.0,
            "전세가율":61.8,
            "장기전세가율평균":"NA",
            "전세가율거품지수":"NA",
            "검색코드":100911,
            "세대수":267.0,
            "난방":"개별난방",
            "주차":"132 (세대당 0.49대)",
            "현관구조":"복도식",
            "관리비평균":85995.0,
            "방수":2,
            "욕실개수":1,
            "준공년월":"1996-08-27",
            "준공년차":26.0,
            "가까운역이름":"NA",
            "가까운역거리":"NA",
            "역세권여부":"NA",
            "30분이내주요거점역":"NA",
            "30분거점역이름":"NA",
            "1시간이내주요거점역":"NA",
            "1시간거점역이름":"NA",
            "3km이내백화점수":0,
            "5km이내아울렛몰수":0,
            "1km이내대형먀트수":2,
            "500m이내은행수":0,
            "500m이내병원수":1,
            "5km이내대형병원수":2,
            "500m이내공원수":5,
            "3km이내혐오시설수":0,
            "300m이내상권":1,
            "300m이내점포수":136,
            "초등학교학업성취도":89.98,
            "초등학교거리":464.9932948394,
            "중학교학업성취도":58.9,
            "500m이내학원가":0,
            "500m이내학원수":0,
            "용적률":0,
            "건폐율":0,
            "Y":34.575672,
            "X":126.593391,
            "rank":21.0,
            "area_info":"19평(64.02)",
            "sales_info":"0.89억 (2022-04-22)",
            "last_sales":"2022-04-22,8900.0,19평(64.02)",
            "maintenance":"85995.0",
            "price_per":"459",
            "room":"2",
            "bath":"1",
            "rank_history":[
                [
                    "202205",
                    21
                ],
                [
                    "202204",
                    20
                ],
                [
                    "202203",
                    26
                ],
                [
                    "202202",
                    17
                ],
                [
                    "202201",
                    16
                ]
            ],
            "rank_gap":-1
        },
        {
            "index":51,
            "아파트명":"해성",
            "매매타입":"아파트",
            "전용면적(m2)":"65.07",
            "전용면적(평)":"19평",
            "법정동주소":"전라남도 해남군 해남읍 수성리 148",
            "도로명주소":"전라남도 해남군 군청길 56",
            "세대수":0,
            "입주년차":0,
            "용적률점수":"--",
            "건폐율점수":"--",
            "세대당주차수":0,
            "난방방식":30,
            "공급면적":"--",
            "전용률":"--",
            "욕실수":50,
            "현관타입":10,
            "주거총점":9.0,
            "지역구공급총점":100.0,
            "역세권":"NA",
            "30분내 이동가능 거점":"NA",
            "1시간내 이동가능 거점":"NA",
            "교통총점":"NA",
            "백화점":0,
            "아울렛몰":0,
            "대형마트":100,
            "은행":0,
            "병원":0,
            "종합병원":100,
            "공원":80,
            "혐오시설":0,
            "인프라총점":32.4,
            "초등학군":100.0,
            "중학군":36.02,
            "학군총점":41.209,
            "인구수":6.04,
            "인구증감":-5.82,
            "인구총점":2.482,
            "일자리":5.46,
            "소득수준":54.3,
            "일자리총점":20.112,
            "가치 총점":26.12315,
            "매매실거래년":20220421.0,
            "매매실거래가":6300.0,
            "평단가":177,
            "전세실거래년":20211105.0,
            "전세실거래가":4000.0,
            "전세가율":114.29,
            "장기전세가율평균":"NA",
            "전세가율거품지수":"NA",
            "검색코드":101819,
            "세대수":110.0,
            "난방":"개별난방",
            "주차":"0 (세대당 0.0대)",
            "현관구조":"복도식",
            "관리비평균":null,
            "방수":2,
            "욕실개수":1,
            "준공년월":"1993-06-09",
            "준공년차":29.0,
            "가까운역이름":"NA",
            "가까운역거리":"NA",
            "역세권여부":"NA",
            "30분이내주요거점역":"NA",
            "30분거점역이름":"NA",
            "1시간이내주요거점역":"NA",
            "1시간거점역이름":"NA",
            "3km이내백화점수":0,
            "5km이내아울렛몰수":0,
            "1km이내대형먀트수":3,
            "500m이내은행수":1,
            "500m이내병원수":1,
            "5km이내대형병원수":2,
            "500m이내공원수":1,
            "3km이내혐오시설수":0,
            "300m이내상권":0,
            "300m이내점포수":0,
            "초등학교학업성취도":89.98,
            "초등학교거리":469.7563756533,
            "중학교학업성취도":58.9,
            "500m이내학원가":0,
            "500m이내학원수":0,
            "용적률":0,
            "건폐율":0,
            "Y":34.576554,
            "X":126.600319,
            "rank":22.0,
            "area_info":"19평(65.07),22평(73.38)",
            "sales_info":"0.35억 (2022-03-25),0.63억 (2022-04-21)",
            "last_sales":"2022-04-21,6300.0,22평(73.38)",
            "maintenance":"nan,nan",
            "price_per":"177,283",
            "room":"2,3",
            "bath":"1,1",
            "rank_history":[
                [
                    "202205",
                    22
                ],
                [
                    "202204",
                    21
                ],
                [
                    "202203",
                    27
                ],
                [
                    "202202",
                    18
                ],
                [
                    "202201",
                    18
                ]
            ],
            "rank_gap":-1
        }
    ]
}