{
    "schema":{
        "fields":[
            {
                "name":"index",
                "type":"integer"
            },
            {
                "name":"아파트명",
                "type":"string"
            },
            {
                "name":"매매타입",
                "type":"string"
            },
            {
                "name":"전용면적(m2)",
                "type":"string"
            },
            {
                "name":"전용면적(평)",
                "type":"string"
            },
            {
                "name":"법정동주소",
                "type":"string"
            },
            {
                "name":"도로명주소",
                "type":"string"
            },
            {
                "name":"세대수",
                "type":"integer"
            },
            {
                "name":"입주년차",
                "type":"integer"
            },
            {
                "name":"용적률점수",
                "type":"string"
            },
            {
                "name":"건폐율점수",
                "type":"string"
            },
            {
                "name":"세대당주차수",
                "type":"integer"
            },
            {
                "name":"난방방식",
                "type":"integer"
            },
            {
                "name":"공급면적",
                "type":"string"
            },
            {
                "name":"전용률",
                "type":"string"
            },
            {
                "name":"욕실수",
                "type":"integer"
            },
            {
                "name":"현관타입",
                "type":"integer"
            },
            {
                "name":"주거총점",
                "type":"number"
            },
            {
                "name":"지역구공급총점",
                "type":"number"
            },
            {
                "name":"역세권",
                "type":"string"
            },
            {
                "name":"30분내 이동가능 거점",
                "type":"string"
            },
            {
                "name":"1시간내 이동가능 거점",
                "type":"string"
            },
            {
                "name":"교통총점",
                "type":"string"
            },
            {
                "name":"백화점",
                "type":"integer"
            },
            {
                "name":"아울렛몰",
                "type":"integer"
            },
            {
                "name":"대형마트",
                "type":"integer"
            },
            {
                "name":"은행",
                "type":"integer"
            },
            {
                "name":"병원",
                "type":"integer"
            },
            {
                "name":"종합병원",
                "type":"integer"
            },
            {
                "name":"공원",
                "type":"integer"
            },
            {
                "name":"혐오시설",
                "type":"integer"
            },
            {
                "name":"인프라총점",
                "type":"number"
            },
            {
                "name":"초등학군",
                "type":"number"
            },
            {
                "name":"중학군",
                "type":"number"
            },
            {
                "name":"학군총점",
                "type":"number"
            },
            {
                "name":"인구수",
                "type":"number"
            },
            {
                "name":"인구증감",
                "type":"number"
            },
            {
                "name":"인구총점",
                "type":"number"
            },
            {
                "name":"일자리",
                "type":"number"
            },
            {
                "name":"소득수준",
                "type":"number"
            },
            {
                "name":"일자리총점",
                "type":"number"
            },
            {
                "name":"가치 총점",
                "type":"number"
            },
            {
                "name":"매매실거래년",
                "type":"number"
            },
            {
                "name":"매매실거래가",
                "type":"number"
            },
            {
                "name":"평단가",
                "type":"string"
            },
            {
                "name":"전세실거래년",
                "type":"number"
            },
            {
                "name":"전세실거래가",
                "type":"number"
            },
            {
                "name":"전세가율",
                "type":"number"
            },
            {
                "name":"장기전세가율평균",
                "type":"string"
            },
            {
                "name":"전세가율거품지수",
                "type":"string"
            },
            {
                "name":"검색코드",
                "type":"integer"
            },
            {
                "name":"세대수",
                "type":"number"
            },
            {
                "name":"난방",
                "type":"string"
            },
            {
                "name":"주차",
                "type":"string"
            },
            {
                "name":"현관구조",
                "type":"string"
            },
            {
                "name":"관리비평균",
                "type":"number"
            },
            {
                "name":"방수",
                "type":"integer"
            },
            {
                "name":"욕실개수",
                "type":"integer"
            },
            {
                "name":"준공년월",
                "type":"string"
            },
            {
                "name":"준공년차",
                "type":"number"
            },
            {
                "name":"가까운역이름",
                "type":"string"
            },
            {
                "name":"가까운역거리",
                "type":"string"
            },
            {
                "name":"역세권여부",
                "type":"string"
            },
            {
                "name":"30분이내주요거점역",
                "type":"string"
            },
            {
                "name":"30분거점역이름",
                "type":"string"
            },
            {
                "name":"1시간이내주요거점역",
                "type":"string"
            },
            {
                "name":"1시간거점역이름",
                "type":"string"
            },
            {
                "name":"3km이내백화점수",
                "type":"integer"
            },
            {
                "name":"5km이내아울렛몰수",
                "type":"integer"
            },
            {
                "name":"1km이내대형먀트수",
                "type":"integer"
            },
            {
                "name":"500m이내은행수",
                "type":"integer"
            },
            {
                "name":"500m이내병원수",
                "type":"integer"
            },
            {
                "name":"5km이내대형병원수",
                "type":"integer"
            },
            {
                "name":"500m이내공원수",
                "type":"integer"
            },
            {
                "name":"3km이내혐오시설수",
                "type":"integer"
            },
            {
                "name":"300m이내상권",
                "type":"integer"
            },
            {
                "name":"300m이내점포수",
                "type":"integer"
            },
            {
                "name":"초등학교학업성취도",
                "type":"number"
            },
            {
                "name":"초등학교거리",
                "type":"number"
            },
            {
                "name":"중학교학업성취도",
                "type":"number"
            },
            {
                "name":"500m이내학원가",
                "type":"integer"
            },
            {
                "name":"500m이내학원수",
                "type":"integer"
            },
            {
                "name":"용적률",
                "type":"integer"
            },
            {
                "name":"건폐율",
                "type":"integer"
            },
            {
                "name":"Y",
                "type":"number"
            },
            {
                "name":"X",
                "type":"number"
            },
            {
                "name":"rank",
                "type":"number"
            },
            {
                "name":"area_info",
                "type":"string"
            },
            {
                "name":"sales_info",
                "type":"string"
            },
            {
                "name":"last_sales",
                "type":"string"
            },
            {
                "name":"maintenance",
                "type":"string"
            },
            {
                "name":"price_per",
                "type":"string"
            },
            {
                "name":"room",
                "type":"string"
            },
            {
                "name":"bath",
                "type":"string"
            },
            {
                "name":"rank_history",
                "type":"string"
            },
            {
                "name":"rank_gap",
                "type":"integer"
            }
        ],
        "primaryKey":[
            "index"
        ],
        "pandas_version":"1.4.0"
    },
    "data":[
        {
            "index":39,
            "아파트명":"영광숲안애",
            "매매타입":"아파트",
            "전용면적(m2)":"109.69",
            "전용면적(평)":"33평",
            "법정동주소":"전라남도 영광군 영광읍 단주리 684",
            "도로명주소":"전라남도 영광군 물무로 7",
            "세대수":0,
            "입주년차":100,
            "용적률점수":"--",
            "건폐율점수":"--",
            "세대당주차수":60,
            "난방방식":30,
            "공급면적":"--",
            "전용률":"--",
            "욕실수":100,
            "현관타입":100,
            "주거총점":52.0,
            "지역구공급총점":100.0,
            "역세권":"NA",
            "30분내 이동가능 거점":"NA",
            "1시간내 이동가능 거점":"NA",
            "교통총점":"NA",
            "백화점":0,
            "아울렛몰":0,
            "대형마트":100,
            "은행":0,
            "병원":60,
            "종합병원":100,
            "공원":0,
            "혐오시설":0,
            "인프라총점":36.0,
            "초등학군":100.0,
            "중학군":47.58,
            "학군총점":46.411,
            "인구수":4.8,
            "인구증감":1.82,
            "인구총점":3.906,
            "일자리":4.12,
            "소득수준":68.24,
            "일자리총점":23.356,
            "가치 총점":46.04385,
            "매매실거래년":20220218.0,
            "매매실거래가":26000.0,
            "평단가":783,
            "전세실거래년":20190524.0,
            "전세실거래가":2000.0,
            "전세가율":7.69,
            "장기전세가율평균":"NA",
            "전세가율거품지수":"NA",
            "검색코드":113087,
            "세대수":86.0,
            "난방":"개별난방",
            "주차":"122 (세대당 1.42대)",
            "현관구조":"계단식",
            "관리비평균":null,
            "방수":3,
            "욕실개수":2,
            "준공년월":"2019-02-27",
            "준공년차":3.0,
            "가까운역이름":"NA",
            "가까운역거리":"NA",
            "역세권여부":"NA",
            "30분이내주요거점역":"NA",
            "30분거점역이름":"NA",
            "1시간이내주요거점역":"NA",
            "1시간거점역이름":"NA",
            "3km이내백화점수":0,
            "5km이내아울렛몰수":0,
            "1km이내대형먀트수":2,
            "500m이내은행수":0,
            "500m이내병원수":28,
            "5km이내대형병원수":2,
            "500m이내공원수":0,
            "3km이내혐오시설수":0,
            "300m이내상권":0,
            "300m이내점포수":0,
            "초등학교학업성취도":90.02,
            "초등학교거리":513.1088161858,
            "중학교학업성취도":77.1,
            "500m이내학원가":0,
            "500m이내학원수":0,
            "용적률":196,
            "건폐율":23,
            "Y":35.278733,
            "X":126.500788,
            "rank":1.0,
            "area_info":"33평(109.69)",
            "sales_info":"2.6억 (2022-02-18)",
            "last_sales":"2022-02-18,26000.0,33평(109.69)",
            "maintenance":"nan",
            "price_per":"783",
            "room":"3",
            "bath":"2",
            "rank_history":[
                [
                    "202205",
                    1
                ],
                [
                    "202204",
                    1
                ],
                [
                    "202203",
                    1
                ],
                [
                    "202202",
                    9999
                ]
            ],
            "rank_gap":0
        },
        {
            "index":37,
            "아파트명":"영광단주리지엘리베라움",
            "매매타입":"아파트",
            "전용면적(m2)":"97.31",
            "전용면적(평)":"29평",
            "법정동주소":"전라남도 영광군 영광읍 단주리 683",
            "도로명주소":"전라남도 영광군 옥당로 222-17",
            "세대수":0,
            "입주년차":100,
            "용적률점수":"--",
            "건폐율점수":"--",
            "세대당주차수":30,
            "난방방식":30,
            "공급면적":"--",
            "전용률":"--",
            "욕실수":100,
            "현관타입":100,
            "주거총점":47.5,
            "지역구공급총점":100.0,
            "역세권":"NA",
            "30분내 이동가능 거점":"NA",
            "1시간내 이동가능 거점":"NA",
            "교통총점":"NA",
            "백화점":0,
            "아울렛몰":0,
            "대형마트":100,
            "은행":0,
            "병원":10,
            "종합병원":100,
            "공원":0,
            "혐오시설":0,
            "인프라총점":31.0,
            "초등학군":100.0,
            "중학군":47.58,
            "학군총점":46.411,
            "인구수":4.8,
            "인구증감":1.82,
            "인구총점":3.906,
            "일자리":4.12,
            "소득수준":68.24,
            "일자리총점":23.356,
            "가치 총점":42.99385,
            "매매실거래년":20220207.0,
            "매매실거래가":27000.0,
            "평단가":781,
            "전세실거래년":20210205.0,
            "전세실거래가":15200.0,
            "전세가율":66.09,
            "장기전세가율평균":"NA",
            "전세가율거품지수":"NA",
            "검색코드":115436,
            "세대수":170.0,
            "난방":"개별난방",
            "주차":"194 (세대당 1.14대)",
            "현관구조":"계단식",
            "관리비평균":156509.0,
            "방수":3,
            "욕실개수":2,
            "준공년월":"2018-07-01",
            "준공년차":4.0,
            "가까운역이름":"NA",
            "가까운역거리":"NA",
            "역세권여부":"NA",
            "30분이내주요거점역":"NA",
            "30분거점역이름":"NA",
            "1시간이내주요거점역":"NA",
            "1시간거점역이름":"NA",
            "3km이내백화점수":0,
            "5km이내아울렛몰수":0,
            "1km이내대형먀트수":2,
            "500m이내은행수":0,
            "500m이내병원수":3,
            "5km이내대형병원수":2,
            "500m이내공원수":0,
            "3km이내혐오시설수":0,
            "300m이내상권":0,
            "300m이내점포수":0,
            "초등학교학업성취도":90.02,
            "초등학교거리":539.0449733133,
            "중학교학업성취도":77.1,
            "500m이내학원가":0,
            "500m이내학원수":0,
            "용적률":0,
            "건폐율":0,
            "Y":35.281216,
            "X":126.500932,
            "rank":2.0,
            "area_info":"29평(97.31),34평(114.65)",
            "sales_info":"2.3억 (2021-11-23),2.7억 (2022-02-07)",
            "last_sales":"2022-02-07,27000.0,34평(114.65)",
            "maintenance":"156509.0,187597.0",
            "price_per":"781,778",
            "room":"3,4",
            "bath":"2,2",
            "rank_history":[
                [
                    "202205",
                    2
                ],
                [
                    "202204",
                    3
                ],
                [
                    "202203",
                    4
                ],
                [
                    "202202",
                    2
                ],
                [
                    "202201",
                    2
                ]
            ],
            "rank_gap":1
        },
        {
            "index":12,
            "아파트명":"모두원웰리스",
            "매매타입":"아파트",
            "전용면적(m2)":"115.39",
            "전용면적(평)":"34평",
            "법정동주소":"전라남도 영광군 영광읍 녹사리 47",
            "도로명주소":"전라남도 영광군 천년로 1440-26",
            "세대수":0,
            "입주년차":80,
            "용적률점수":"--",
            "건폐율점수":"--",
            "세대당주차수":30,
            "난방방식":30,
            "공급면적":"--",
            "전용률":"--",
            "욕실수":100,
            "현관타입":100,
            "주거총점":43.5,
            "지역구공급총점":100.0,
            "역세권":"NA",
            "30분내 이동가능 거점":"NA",
            "1시간내 이동가능 거점":"NA",
            "교통총점":"NA",
            "백화점":0,
            "아울렛몰":0,
            "대형마트":100,
            "은행":0,
            "병원":10,
            "종합병원":100,
            "공원":0,
            "혐오시설":0,
            "인프라총점":31.0,
            "초등학군":100.0,
            "중학군":42.58,
            "학군총점":44.161,
            "인구수":4.8,
            "인구증감":1.82,
            "인구총점":3.906,
            "일자리":4.12,
            "소득수준":68.24,
            "일자리총점":23.356,
            "가치 총점":40.60635,
            "매매실거래년":20220228.0,
            "매매실거래가":21300.0,
            "평단가":610,
            "전세실거래년":20190917.0,
            "전세실거래가":18000.0,
            "전세가율":84.51,
            "장기전세가율평균":"NA",
            "전세가율거품지수":"NA",
            "검색코드":112804,
            "세대수":150.0,
            "난방":"개별난방",
            "주차":"185 (세대당 1.23대)",
            "현관구조":"계단식",
            "관리비평균":164771.0,
            "방수":3,
            "욕실개수":2,
            "준공년월":"2013-03-18",
            "준공년차":9.0,
            "가까운역이름":"NA",
            "가까운역거리":"NA",
            "역세권여부":"NA",
            "30분이내주요거점역":"NA",
            "30분거점역이름":"NA",
            "1시간이내주요거점역":"NA",
            "1시간거점역이름":"NA",
            "3km이내백화점수":0,
            "5km이내아울렛몰수":0,
            "1km이내대형먀트수":2,
            "500m이내은행수":1,
            "500m이내병원수":2,
            "5km이내대형병원수":2,
            "500m이내공원수":0,
            "3km이내혐오시설수":0,
            "300m이내상권":0,
            "300m이내점포수":0,
            "초등학교학업성취도":90.02,
            "초등학교거리":1005.3253569626,
            "중학교학업성취도":68.9,
            "500m이내학원가":0,
            "500m이내학원수":0,
            "용적률":221,
            "건폐율":25,
            "Y":35.270826,
            "X":126.502588,
            "rank":3.0,
            "area_info":"34평(115.39),35평(116.14)",
            "sales_info":"2.13억 (2022-02-28),1.93억 (2022-01-04)",
            "last_sales":"2022-02-28,21300.0,34평(115.39)",
            "maintenance":"164771.0,164671.0",
            "price_per":"610,549",
            "room":"3,3",
            "bath":"2,2",
            "rank_history":[
                [
                    "202205",
                    3
                ],
                [
                    "202204",
                    4
                ],
                [
                    "202203",
                    6
                ],
                [
                    "202202",
                    4
                ],
                [
                    "202201",
                    4
                ]
            ],
            "rank_gap":1
        },
        {
            "index":40,
            "아파트명":"영광숲안애",
            "매매타입":"아파트",
            "전용면적(m2)":"84.98",
            "전용면적(평)":"25평",
            "법정동주소":"전라남도 영광군 영광읍 남천리 624",
            "도로명주소":"전라남도 영광군 천년로13길 2-14",
            "세대수":0,
            "입주년차":80,
            "용적률점수":"--",
            "건폐율점수":"--",
            "세대당주차수":60,
            "난방방식":30,
            "공급면적":"--",
            "전용률":"--",
            "욕실수":100,
            "현관타입":100,
            "주거총점":48.0,
            "지역구공급총점":100.0,
            "역세권":"NA",
            "30분내 이동가능 거점":"NA",
            "1시간내 이동가능 거점":"NA",
            "교통총점":"NA",
            "백화점":0,
            "아울렛몰":0,
            "대형마트":100,
            "은행":0,
            "병원":60,
            "종합병원":100,
            "공원":0,
            "혐오시설":0,
            "인프라총점":36.0,
            "초등학군":54.012,
            "중학군":47.58,
            "학군총점":34.914,
            "인구수":4.8,
            "인구증감":1.82,
            "인구총점":3.906,
            "일자리":4.12,
            "소득수준":68.24,
            "일자리총점":23.356,
            "가치 총점":40.4199,
            "매매실거래년":20220330.0,
            "매매실거래가":32800.0,
            "평단가":622,
            "전세실거래년":null,
            "전세실거래가":null,
            "전세가율":null,
            "장기전세가율평균":"NA",
            "전세가율거품지수":"NA",
            "검색코드":114087,
            "세대수":111.0,
            "난방":"개별난방",
            "주차":"149 (세대당 1.34대)",
            "현관구조":"계단식",
            "관리비평균":null,
            "방수":3,
            "욕실개수":2,
            "준공년월":"2014-10-07",
            "준공년차":8.0,
            "가까운역이름":"NA",
            "가까운역거리":"NA",
            "역세권여부":"NA",
            "30분이내주요거점역":"NA",
            "30분거점역이름":"NA",
            "1시간이내주요거점역":"NA",
            "1시간거점역이름":"NA",
            "3km이내백화점수":0,
            "5km이내아울렛몰수":0,
            "1km이내대형먀트수":2,
            "500m이내은행수":0,
            "500m이내병원수":28,
            "5km이내대형병원수":2,
            "500m이내공원수":0,
            "3km이내혐오시설수":0,
            "300m이내상권":0,
            "300m이내점포수":0,
            "초등학교학업성취도":90.02,
            "초등학교거리":0.0,
            "중학교학업성취도":77.1,
            "500m이내학원가":0,
            "500m이내학원수":0,
            "용적률":210,
            "건폐율":24,
            "Y":35.272776,
            "X":126.505003,
            "rank":4.0,
            "area_info":"25평(84.98),31평(104.81),34평(114.86),46평(153.21)",
            "sales_info":"1.6억 (2021-11-27),2.68억 (2022-01-18),3.28억 (2022-03-30),2.9억 (2021-10-25)",
            "last_sales":"2022-03-30,32800.0,34평(114.86)",
            "maintenance":"nan,nan,nan,nan",
            "price_per":"622,845,944,625",
            "room":"3,3,3,4",
            "bath":"2,2,2,2",
            "rank_history":[
                [
                    "202205",
                    4
                ],
                [
                    "202204",
                    2
                ],
                [
                    "202203",
                    2
                ],
                [
                    "202202",
                    1
                ],
                [
                    "202201",
                    1
                ]
            ],
            "rank_gap":-2
        },
        {
            "index":35,
            "아파트명":"영광금호어울림리더스",
            "매매타입":"아파트",
            "전용면적(m2)":"112.72",
            "전용면적(평)":"34평",
            "법정동주소":"전라남도 영광군 영광읍 학정리 974",
            "도로명주소":"전라남도 영광군 중앙로 78",
            "세대수":0,
            "입주년차":100,
            "용적률점수":"--",
            "건폐율점수":"--",
            "세대당주차수":30,
            "난방방식":30,
            "공급면적":"--",
            "전용률":"--",
            "욕실수":100,
            "현관타입":100,
            "주거총점":47.5,
            "지역구공급총점":100.0,
            "역세권":"NA",
            "30분내 이동가능 거점":"NA",
            "1시간내 이동가능 거점":"NA",
            "교통총점":"NA",
            "백화점":0,
            "아울렛몰":0,
            "대형마트":0,
            "은행":0,
            "병원":0,
            "종합병원":100,
            "공원":0,
            "혐오시설":0,
            "인프라총점":15.0,
            "초등학군":100.0,
            "중학군":52.78,
            "학군총점":48.751,
            "인구수":4.8,
            "인구증감":1.82,
            "인구총점":3.906,
            "일자리":4.12,
            "소득수준":68.24,
            "일자리총점":23.356,
            "가치 총점":39.81285,
            "매매실거래년":20211129.0,
            "매매실거래가":29642.0,
            "평단가":869,
            "전세실거래년":null,
            "전세실거래가":null,
            "전세가율":null,
            "장기전세가율평균":"NA",
            "전세가율거품지수":"NA",
            "검색코드":129402,
            "세대수":278.0,
            "난방":"개별난방",
            "주차":"346 (세대당 1.24대)",
            "현관구조":"계단식",
            "관리비평균":null,
            "방수":3,
            "욕실개수":2,
            "준공년월":"2021-12-01",
            "준공년차":1.0,
            "가까운역이름":"NA",
            "가까운역거리":"NA",
            "역세권여부":"NA",
            "30분이내주요거점역":"NA",
            "30분거점역이름":"NA",
            "1시간이내주요거점역":"NA",
            "1시간거점역이름":"NA",
            "3km이내백화점수":0,
            "5km이내아울렛몰수":0,
            "1km이내대형먀트수":0,
            "500m이내은행수":0,
            "500m이내병원수":0,
            "5km이내대형병원수":2,
            "500m이내공원수":0,
            "3km이내혐오시설수":0,
            "300m이내상권":0,
            "300m이내점포수":0,
            "초등학교학업성취도":90.0,
            "초등학교거리":1402.9371318913,
            "중학교학업성취도":84.9,
            "500m이내학원가":0,
            "500m이내학원수":0,
            "용적률":158,
            "건폐율":16,
            "Y":35.266318,
            "X":126.511151,
            "rank":5.0,
            "area_info":"34평(112.72),34평(112.72)",
            "sales_info":"2.9642억 (2021-11-29),거래 정보 없음",
            "last_sales":"2021-11-29,29642.0,34평(112.72)",
            "maintenance":"nan,nan",
            "price_per":"869,nan",
            "room":"3,3",
            "bath":"2,2",
            "rank_history":[
                [
                    "202205",
                    5
                ],
                [
                    "202204",
                    7
                ],
                [
                    "202203",
                    7
                ],
                [
                    "202202",
                    5
                ],
                [
                    "202201",
                    6
                ]
            ],
            "rank_gap":2
        },
        {
            "index":47,
            "아파트명":"옥당마을",
            "매매타입":"아파트",
            "전용면적(m2)":"116.43",
            "전용면적(평)":"35평",
            "법정동주소":"전라남도 영광군 영광읍 단주리 336",
            "도로명주소":"전라남도 영광군 백산길 43",
            "세대수":0,
            "입주년차":40,
            "용적률점수":"--",
            "건폐율점수":"--",
            "세대당주차수":30,
            "난방방식":30,
            "공급면적":"--",
            "전용률":"--",
            "욕실수":100,
            "현관타입":100,
            "주거총점":35.5,
            "지역구공급총점":100.0,
            "역세권":"NA",
            "30분내 이동가능 거점":"NA",
            "1시간내 이동가능 거점":"NA",
            "교통총점":"NA",
            "백화점":0,
            "아울렛몰":0,
            "대형마트":100,
            "은행":0,
            "병원":60,
            "종합병원":100,
            "공원":0,
            "혐오시설":0,
            "인프라총점":36.0,
            "초등학군":100.0,
            "중학군":47.58,
            "학군총점":46.411,
            "인구수":4.8,
            "인구증감":1.82,
            "인구총점":3.906,
            "일자리":4.12,
            "소득수준":68.24,
            "일자리총점":23.356,
            "가치 총점":39.44385,
            "매매실거래년":20220220.0,
            "매매실거래가":18000.0,
            "평단가":511,
            "전세실거래년":20210816.0,
            "전세실거래가":12000.0,
            "전세가율":66.67,
            "장기전세가율평균":"NA",
            "전세가율거품지수":"NA",
            "검색코드":106394,
            "세대수":159.0,
            "난방":"개별난방",
            "주차":"161 (세대당 1.01대)",
            "현관구조":"계단식",
            "관리비평균":139941.0,
            "방수":3,
            "욕실개수":2,
            "준공년월":"2004-05-21",
            "준공년차":18.0,
            "가까운역이름":"NA",
            "가까운역거리":"NA",
            "역세권여부":"NA",
            "30분이내주요거점역":"NA",
            "30분거점역이름":"NA",
            "1시간이내주요거점역":"NA",
            "1시간거점역이름":"NA",
            "3km이내백화점수":0,
            "5km이내아울렛몰수":0,
            "1km이내대형먀트수":2,
            "500m이내은행수":0,
            "500m이내병원수":15,
            "5km이내대형병원수":2,
            "500m이내공원수":0,
            "3km이내혐오시설수":0,
            "300m이내상권":0,
            "300m이내점포수":0,
            "초등학교학업성취도":90.02,
            "초등학교거리":374.9847263947,
            "중학교학업성취도":77.1,
            "500m이내학원가":0,
            "500m이내학원수":0,
            "용적률":258,
            "건폐율":22,
            "Y":35.280334,
            "X":126.502457,
            "rank":6.0,
            "area_info":"35평(116.43)",
            "sales_info":"1.8억 (2022-02-20)",
            "last_sales":"2022-02-20,18000.0,35평(116.43)",
            "maintenance":"139941.0",
            "price_per":"511",
            "room":"3",
            "bath":"2",
            "rank_history":[
                [
                    "202205",
                    6
                ],
                [
                    "202204",
                    5
                ],
                [
                    "202203",
                    5
                ],
                [
                    "202202",
                    3
                ],
                [
                    "202201",
                    3
                ]
            ],
            "rank_gap":-1
        },
        {
            "index":24,
            "아파트명":"숲안에",
            "매매타입":"아파트",
            "전용면적(m2)":"87.3",
            "전용면적(평)":"26평",
            "법정동주소":"전라남도 영광군 영광읍 교촌리 158",
            "도로명주소":"전라남도 영광군 물무로 143",
            "세대수":0,
            "입주년차":60,
            "용적률점수":"--",
            "건폐율점수":"--",
            "세대당주차수":30,
            "난방방식":30,
            "공급면적":"--",
            "전용률":"--",
            "욕실수":100,
            "현관타입":100,
            "주거총점":39.5,
            "지역구공급총점":100.0,
            "역세권":"NA",
            "30분내 이동가능 거점":"NA",
            "1시간내 이동가능 거점":"NA",
            "교통총점":"NA",
            "백화점":0,
            "아울렛몰":0,
            "대형마트":80,
            "은행":20,
            "병원":10,
            "종합병원":100,
            "공원":0,
            "혐오시설":0,
            "인프라총점":29.0,
            "초등학군":100.0,
            "중학군":47.58,
            "학군총점":46.411,
            "인구수":4.8,
            "인구증감":1.82,
            "인구총점":3.906,
            "일자리":4.12,
            "소득수준":68.24,
            "일자리총점":23.356,
            "가치 총점":39.29385,
            "매매실거래년":20220418.0,
            "매매실거래가":18000.0,
            "평단가":"nan",
            "전세실거래년":null,
            "전세실거래가":null,
            "전세가율":null,
            "장기전세가율평균":"NA",
            "전세가율거품지수":"NA",
            "검색코드":120071,
            "세대수":99.0,
            "난방":"개별난방",
            "주차":"109 (세대당 1.1대)",
            "현관구조":"계단식",
            "관리비평균":null,
            "방수":3,
            "욕실개수":2,
            "준공년월":"2011-05-24",
            "준공년차":11.0,
            "가까운역이름":"NA",
            "가까운역거리":"NA",
            "역세권여부":"NA",
            "30분이내주요거점역":"NA",
            "30분거점역이름":"NA",
            "1시간이내주요거점역":"NA",
            "1시간거점역이름":"NA",
            "3km이내백화점수":0,
            "5km이내아울렛몰수":0,
            "1km이내대형먀트수":1,
            "500m이내은행수":2,
            "500m이내병원수":3,
            "5km이내대형병원수":2,
            "500m이내공원수":0,
            "3km이내혐오시설수":0,
            "300m이내상권":0,
            "300m이내점포수":0,
            "초등학교학업성취도":90.0,
            "초등학교거리":309.8454554853,
            "중학교학업성취도":77.1,
            "500m이내학원가":1,
            "500m이내학원수":6,
            "용적률":0,
            "건폐율":0,
            "Y":35.276597,
            "X":126.516262,
            "rank":7.0,
            "area_info":"26평(87.3),28평(95.54),29평(96.36),29평(96.63),32평(106.82),32평(107.44),33평(110.71),33평(110.38)",
            "sales_info":"거래 정보 없음,거래 정보 없음,거래 정보 없음,거래 정보 없음,2.5억 (2021-11-09),거래 정보 없음,1.8억 (2022-04-18),거래 정보 없음",
            "last_sales":"2022-04-18,18000.0,33평(110.71)",
            "maintenance":"nan,nan,nan,nan,nan,nan,nan,nan",
            "price_per":"nan,nan,nan,nan,773,nan,537,nan",
            "room":"3,3,3,3,3,3,3,3",
            "bath":"2,2,2,2,2,2,2,2",
            "rank_history":[
                [
                    "202205",
                    7
                ],
                [
                    "202204",
                    6
                ],
                [
                    "202203",
                    8
                ],
                [
                    "202202",
                    9999
                ]
            ],
            "rank_gap":-1
        },
        {
            "index":14,
            "아파트명":"사직스카이",
            "매매타입":"아파트",
            "전용면적(m2)":"53.28",
            "전용면적(평)":"16평",
            "법정동주소":"전라남도 영광군 영광읍 단주리 370-12",
            "도로명주소":"전라남도 영광군 옥당로 233-12",
            "세대수":50,
            "입주년차":0,
            "용적률점수":"--",
            "건폐율점수":"--",
            "세대당주차수":0,
            "난방방식":30,
            "공급면적":"--",
            "전용률":"--",
            "욕실수":50,
            "현관타입":100,
            "주거총점":35.5,
            "지역구공급총점":100.0,
            "역세권":"NA",
            "30분내 이동가능 거점":"NA",
            "1시간내 이동가능 거점":"NA",
            "교통총점":"NA",
            "백화점":0,
            "아울렛몰":0,
            "대형마트":80,
            "은행":0,
            "병원":0,
            "종합병원":100,
            "공원":0,
            "혐오시설":0,
            "인프라총점":27.0,
            "초등학군":100.0,
            "중학군":47.58,
            "학군총점":46.411,
            "인구수":4.8,
            "인구증감":1.82,
            "인구총점":3.906,
            "일자리":4.12,
            "소득수준":68.24,
            "일자리총점":23.356,
            "가치 총점":37.19385,
            "매매실거래년":20220428.0,
            "매매실거래가":10000.0,
            "평단가":483,
            "전세실거래년":20200316.0,
            "전세실거래가":5200.0,
            "전세가율":66.67,
            "장기전세가율평균":"NA",
            "전세가율거품지수":"NA",
            "검색코드":125741,
            "세대수":409.0,
            "난방":"개별난방",
            "주차":"145 (세대당 0.35대)",
            "현관구조":"계단식",
            "관리비평균":null,
            "방수":2,
            "욕실개수":1,
            "준공년월":"1997-08-29",
            "준공년차":25.0,
            "가까운역이름":"NA",
            "가까운역거리":"NA",
            "역세권여부":"NA",
            "30분이내주요거점역":"NA",
            "30분거점역이름":"NA",
            "1시간이내주요거점역":"NA",
            "1시간거점역이름":"NA",
            "3km이내백화점수":0,
            "5km이내아울렛몰수":0,
            "1km이내대형먀트수":1,
            "500m이내은행수":0,
            "500m이내병원수":0,
            "5km이내대형병원수":2,
            "500m이내공원수":0,
            "3km이내혐오시설수":0,
            "300m이내상권":0,
            "300m이내점포수":0,
            "초등학교학업성취도":90.02,
            "초등학교거리":775.4369429628,
            "중학교학업성취도":77.1,
            "500m이내학원가":0,
            "500m이내학원수":0,
            "용적률":291,
            "건폐율":23,
            "Y":35.282987,
            "X":126.499132,
            "rank":8.0,
            "area_info":"16평(53.28),17평(59.11),24평(79.96)",
            "sales_info":"0.78억 (2022-03-29),거래 정보 없음,1.0억 (2022-04-28)",
            "last_sales":"2022-04-28,10000.0,24평(79.96)",
            "maintenance":"nan,nan,nan",
            "price_per":"483,nan,413",
            "room":"2,2,3",
            "bath":"1,1,1",
            "rank_history":[
                [
                    "202205",
                    8
                ],
                [
                    "202204",
                    9
                ],
                [
                    "202203",
                    10
                ],
                [
                    "202202",
                    6
                ],
                [
                    "202201",
                    5
                ]
            ],
            "rank_gap":1
        },
        {
            "index":45,
            "아파트명":"영진파크맨션",
            "매매타입":"아파트",
            "전용면적(m2)":"75.48",
            "전용면적(평)":"22평",
            "법정동주소":"전라남도 영광군 영광읍 단주리 621-4",
            "도로명주소":"전라남도 영광군 대하길4길 21-11",
            "세대수":0,
            "입주년차":0,
            "용적률점수":"--",
            "건폐율점수":"--",
            "세대당주차수":0,
            "난방방식":30,
            "공급면적":"--",
            "전용률":"--",
            "욕실수":100,
            "현관타입":100,
            "주거총점":23.0,
            "지역구공급총점":100.0,
            "역세권":"NA",
            "30분내 이동가능 거점":"NA",
            "1시간내 이동가능 거점":"NA",
            "교통총점":"NA",
            "백화점":0,
            "아울렛몰":0,
            "대형마트":100,
            "은행":0,
            "병원":60,
            "종합병원":100,
            "공원":0,
            "혐오시설":0,
            "인프라총점":46.0,
            "초등학군":100.0,
            "중학군":42.58,
            "학군총점":44.161,
            "인구수":4.8,
            "인구증감":1.82,
            "인구총점":3.906,
            "일자리":4.12,
            "소득수준":68.24,
            "일자리총점":23.356,
            "가치 총점":36.15635,
            "매매실거래년":20220408.0,
            "매매실거래가":11800.0,
            "평단가":516,
            "전세실거래년":20210226.0,
            "전세실거래가":10000.0,
            "전세가율":84.75,
            "장기전세가율평균":"NA",
            "전세가율거품지수":"NA",
            "검색코드":127272,
            "세대수":116.0,
            "난방":"개별난방",
            "주차":"71 (세대당 0.61대)",
            "현관구조":"계단식",
            "관리비평균":null,
            "방수":3,
            "욕실개수":2,
            "준공년월":"1997-11-21",
            "준공년차":25.0,
            "가까운역이름":"NA",
            "가까운역거리":"NA",
            "역세권여부":"NA",
            "30분이내주요거점역":"NA",
            "30분거점역이름":"NA",
            "1시간이내주요거점역":"NA",
            "1시간거점역이름":"NA",
            "3km이내백화점수":0,
            "5km이내아울렛몰수":0,
            "1km이내대형먀트수":2,
            "500m이내은행수":1,
            "500m이내병원수":28,
            "5km이내대형병원수":2,
            "500m이내공원수":0,
            "3km이내혐오시설수":0,
            "300m이내상권":1,
            "300m이내점포수":612,
            "초등학교학업성취도":90.02,
            "초등학교거리":783.3345255294,
            "중학교학업성취도":68.9,
            "500m이내학원가":0,
            "500m이내학원수":0,
            "용적률":0,
            "건폐율":0,
            "Y":35.276527,
            "X":126.498471,
            "rank":9.0,
            "area_info":"22평(75.48),32평(107.13)",
            "sales_info":"1.18억 (2022-04-08),1.49억 (2021-05-20)",
            "last_sales":"2022-04-08,11800.0,22평(75.48)",
            "maintenance":"nan,nan",
            "price_per":"516,459",
            "room":"3,3",
            "bath":"2,2",
            "rank_history":[
                [
                    "202205",
                    9
                ],
                [
                    "202204",
                    13
                ],
                [
                    "202203",
                    12
                ],
                [
                    "202202",
                    8
                ],
                [
                    "202201",
                    9
                ]
            ],
            "rank_gap":4
        },
        {
            "index":32,
            "아파트명":"영광금호",
            "매매타입":"아파트",
            "전용면적(m2)":"88.71",
            "전용면적(평)":"26평",
            "법정동주소":"전라남도 영광군 영광읍 단주리 553",
            "도로명주소":"전라남도 영광군 옥당로 190-5",
            "세대수":0,
            "입주년차":20,
            "용적률점수":"--",
            "건폐율점수":"--",
            "세대당주차수":0,
            "난방방식":30,
            "공급면적":"--",
            "전용률":"--",
            "욕실수":100,
            "현관타입":100,
            "주거총점":27.0,
            "지역구공급총점":100.0,
            "역세권":"NA",
            "30분내 이동가능 거점":"NA",
            "1시간내 이동가능 거점":"NA",
            "교통총점":"NA",
            "백화점":0,
            "아울렛몰":0,
            "대형마트":100,
            "은행":0,
            "병원":60,
            "종합병원":100,
            "공원":0,
            "혐오시설":0,
            "인프라총점":36.0,
            "초등학군":100.0,
            "중학군":47.58,
            "학군총점":46.411,
            "인구수":4.8,
            "인구증감":1.82,
            "인구총점":3.906,
            "일자리":4.12,
            "소득수준":68.24,
            "일자리총점":23.356,
            "가치 총점":36.04385,
            "매매실거래년":20210823.0,
            "매매실거래가":6000.0,
            "평단가":223,
            "전세실거래년":20131010.0,
            "전세실거래가":5000.0,
            "전세가율":83.33,
            "장기전세가율평균":"NA",
            "전세가율거품지수":"NA",
            "검색코드":108453,
            "세대수":84.0,
            "난방":"개별난방",
            "주차":"21 (세대당 0.25대)",
            "현관구조":"계단식",
            "관리비평균":null,
            "방수":3,
            "욕실개수":2,
            "준공년월":"1998-04-17",
            "준공년차":24.0,
            "가까운역이름":"NA",
            "가까운역거리":"NA",
            "역세권여부":"NA",
            "30분이내주요거점역":"NA",
            "30분거점역이름":"NA",
            "1시간이내주요거점역":"NA",
            "1시간거점역이름":"NA",
            "3km이내백화점수":0,
            "5km이내아울렛몰수":0,
            "1km이내대형먀트수":2,
            "500m이내은행수":0,
            "500m이내병원수":28,
            "5km이내대형병원수":2,
            "500m이내공원수":0,
            "3km이내혐오시설수":0,
            "300m이내상권":0,
            "300m이내점포수":0,
            "초등학교학업성취도":90.02,
            "초등학교거리":530.3268590245,
            "중학교학업성취도":77.1,
            "500m이내학원가":0,
            "500m이내학원수":0,
            "용적률":488,
            "건폐율":45,
            "Y":35.279228,
            "X":126.500554,
            "rank":10.0,
            "area_info":"26평(88.71),26평(88.31),27평(90.37)",
            "sales_info":"0.6억 (2021-08-23),0.65억 (2020-01-31),0.85억 (2021-08-17)",
            "last_sales":"2021-08-23,6000.0,26평(88.71)",
            "maintenance":"nan,nan,nan",
            "price_per":"223,243,310",
            "room":"3,3,3",
            "bath":"2,2,2",
            "rank_history":[
                [
                    "202205",
                    10
                ],
                [
                    "202204",
                    8
                ],
                [
                    "202203",
                    9
                ],
                [
                    "202202",
                    9999
                ]
            ],
            "rank_gap":-2
        },
        {
            "index":7,
            "아파트명":"근형퍼스트빌",
            "매매타입":"아파트",
            "전용면적(m2)":"76.49",
            "전용면적(평)":"23평",
            "법정동주소":"전라남도 영광군 영광읍 녹사리 259-1",
            "도로명주소":"전라남도 영광군 중앙로 97",
            "세대수":0,
            "입주년차":20,
            "용적률점수":"--",
            "건폐율점수":"--",
            "세대당주차수":0,
            "난방방식":30,
            "공급면적":"--",
            "전용률":"--",
            "욕실수":100,
            "현관타입":100,
            "주거총점":27.0,
            "지역구공급총점":100.0,
            "역세권":"NA",
            "30분내 이동가능 거점":"NA",
            "1시간내 이동가능 거점":"NA",
            "교통총점":"NA",
            "백화점":0,
            "아울렛몰":0,
            "대형마트":80,
            "은행":0,
            "병원":0,
            "종합병원":100,
            "공원":80,
            "혐오시설":0,
            "인프라총점":29.4,
            "초등학군":100.0,
            "중학군":52.78,
            "학군총점":48.751,
            "인구수":4.8,
            "인구증감":1.82,
            "인구총점":3.906,
            "일자리":4.12,
            "소득수준":68.24,
            "일자리총점":23.356,
            "가치 총점":35.21285,
            "매매실거래년":20220221.0,
            "매매실거래가":12100.0,
            "평단가":347,
            "전세실거래년":20180501.0,
            "전세실거래가":7000.0,
            "전세가율":86.96,
            "장기전세가율평균":"NA",
            "전세가율거품지수":"NA",
            "검색코드":113699,
            "세대수":157.0,
            "난방":"개별난방",
            "주차":"119 (세대당 0.76대)",
            "현관구조":"계단식",
            "관리비평균":121276.0,
            "방수":3,
            "욕실개수":2,
            "준공년월":"2002-04-08",
            "준공년차":20.0,
            "가까운역이름":"NA",
            "가까운역거리":"NA",
            "역세권여부":"NA",
            "30분이내주요거점역":"NA",
            "30분거점역이름":"NA",
            "1시간이내주요거점역":"NA",
            "1시간거점역이름":"NA",
            "3km이내백화점수":0,
            "5km이내아울렛몰수":0,
            "1km이내대형먀트수":1,
            "500m이내은행수":0,
            "500m이내병원수":0,
            "5km이내대형병원수":2,
            "500m이내공원수":1,
            "3km이내혐오시설수":0,
            "300m이내상권":0,
            "300m이내점포수":0,
            "초등학교학업성취도":90.0,
            "초등학교거리":1228.3999712292,
            "중학교학업성취도":84.9,
            "500m이내학원가":0,
            "500m이내학원수":0,
            "용적률":217,
            "건폐율":16,
            "Y":35.268117,
            "X":126.51021,
            "rank":11.0,
            "area_info":"23평(76.49),23평(76.76),32평(108.75)",
            "sales_info":"0.805억 (2021-12-14),0.78억 (2021-06-25),1.21억 (2022-02-21)",
            "last_sales":"2022-02-21,12100.0,32평(108.75)",
            "maintenance":"121276.0,121702.0,172416.0",
            "price_per":"347,335,367",
            "room":"3,3,3",
            "bath":"2,2,2",
            "rank_history":[
                [
                    "202205",
                    11
                ],
                [
                    "202204",
                    11
                ],
                [
                    "202203",
                    13
                ],
                [
                    "202202",
                    9
                ],
                [
                    "202201",
                    8
                ]
            ],
            "rank_gap":0
        },
        {
            "index":10,
            "아파트명":"녹사주공",
            "매매타입":"아파트",
            "전용면적(m2)":"68.18",
            "전용면적(평)":"20평",
            "법정동주소":"전라남도 영광군 영광읍 녹사리 38",
            "도로명주소":"전라남도 영광군 천년로 1440-12",
            "세대수":0,
            "입주년차":40,
            "용적률점수":"--",
            "건폐율점수":"--",
            "세대당주차수":0,
            "난방방식":30,
            "공급면적":"--",
            "전용률":"--",
            "욕실수":50,
            "현관타입":100,
            "주거총점":26.0,
            "지역구공급총점":100.0,
            "역세권":"NA",
            "30분내 이동가능 거점":"NA",
            "1시간내 이동가능 거점":"NA",
            "교통총점":"NA",
            "백화점":0,
            "아울렛몰":0,
            "대형마트":100,
            "은행":0,
            "병원":60,
            "종합병원":100,
            "공원":0,
            "혐오시설":0,
            "인프라총점":36.0,
            "초등학군":100.0,
            "중학군":42.58,
            "학군총점":44.161,
            "인구수":4.8,
            "인구증감":1.82,
            "인구총점":3.906,
            "일자리":4.12,
            "소득수준":68.24,
            "일자리총점":23.356,
            "가치 총점":34.85635,
            "매매실거래년":20220322.0,
            "매매실거래가":15000.0,
            "평단가":727,
            "전세실거래년":20201109.0,
            "전세실거래가":4500.0,
            "전세가율":30.0,
            "장기전세가율평균":"NA",
            "전세가율거품지수":"NA",
            "검색코드":111763,
            "세대수":274.0,
            "난방":"개별난방",
            "주차":"205 (세대당 0.75대)",
            "현관구조":"계단식",
            "관리비평균":112511.0,
            "방수":2,
            "욕실개수":1,
            "준공년월":"2004-08-09",
            "준공년차":18.0,
            "가까운역이름":"NA",
            "가까운역거리":"NA",
            "역세권여부":"NA",
            "30분이내주요거점역":"NA",
            "30분거점역이름":"NA",
            "1시간이내주요거점역":"NA",
            "1시간거점역이름":"NA",
            "3km이내백화점수":0,
            "5km이내아울렛몰수":0,
            "1km이내대형먀트수":2,
            "500m이내은행수":1,
            "500m이내병원수":17,
            "5km이내대형병원수":2,
            "500m이내공원수":0,
            "3km이내혐오시설수":0,
            "300m이내상권":0,
            "300m이내점포수":0,
            "초등학교학업성취도":90.02,
            "초등학교거리":959.6628244957,
            "중학교학업성취도":68.9,
            "500m이내학원가":0,
            "500m이내학원수":0,
            "용적률":129,
            "건폐율":12,
            "Y":35.271608,
            "X":126.50164,
            "rank":12.0,
            "area_info":"20평(68.18),23평(78.84)",
            "sales_info":"1.5억 (2022-03-22),1.35억 (2022-02-22)",
            "last_sales":"2022-03-22,15000.0,20평(68.18)",
            "maintenance":"112511.0,130099.0",
            "price_per":"727,566",
            "room":"2,3",
            "bath":"1,1",
            "rank_history":[
                [
                    "202205",
                    12
                ],
                [
                    "202204",
                    10
                ],
                [
                    "202203",
                    11
                ],
                [
                    "202202",
                    7
                ],
                [
                    "202201",
                    7
                ]
            ],
            "rank_gap":-2
        },
        {
            "index":19,
            "아파트명":"석가",
            "매매타입":"아파트",
            "전용면적(m2)":"80.3",
            "전용면적(평)":"24평",
            "법정동주소":"전라남도 영광군 영광읍 남천리 14",
            "도로명주소":"전라남도 영광군 중앙로 123-1",
            "세대수":0,
            "입주년차":20,
            "용적률점수":"--",
            "건폐율점수":"--",
            "세대당주차수":0,
            "난방방식":30,
            "공급면적":"--",
            "전용률":"--",
            "욕실수":50,
            "현관타입":100,
            "주거총점":22.0,
            "지역구공급총점":100.0,
            "역세권":"NA",
            "30분내 이동가능 거점":"NA",
            "1시간내 이동가능 거점":"NA",
            "교통총점":"NA",
            "백화점":0,
            "아울렛몰":0,
            "대형마트":100,
            "은행":0,
            "병원":0,
            "종합병원":100,
            "공원":80,
            "혐오시설":0,
            "인프라총점":32.4,
            "초등학군":100.0,
            "중학군":52.78,
            "학군총점":48.751,
            "인구수":4.8,
            "인구증감":1.82,
            "인구총점":3.906,
            "일자리":4.12,
            "소득수준":68.24,
            "일자리총점":23.356,
            "가치 총점":33.96285,
            "매매실거래년":20220402.0,
            "매매실거래가":7800.0,
            "평단가":247,
            "전세실거래년":20200826.0,
            "전세실거래가":6000.0,
            "전세가율":100.0,
            "장기전세가율평균":"NA",
            "전세가율거품지수":"NA",
            "검색코드":130927,
            "세대수":80.0,
            "난방":"개별난방",
            "주차":"33 (세대당 0.41대)",
            "현관구조":"계단식",
            "관리비평균":null,
            "방수":3,
            "욕실개수":1,
            "준공년월":"2001-09-21",
            "준공년차":21.0,
            "가까운역이름":"NA",
            "가까운역거리":"NA",
            "역세권여부":"NA",
            "30분이내주요거점역":"NA",
            "30분거점역이름":"NA",
            "1시간이내주요거점역":"NA",
            "1시간거점역이름":"NA",
            "3km이내백화점수":0,
            "5km이내아울렛몰수":0,
            "1km이내대형먀트수":2,
            "500m이내은행수":0,
            "500m이내병원수":0,
            "5km이내대형병원수":2,
            "500m이내공원수":1,
            "3km이내혐오시설수":0,
            "300m이내상권":0,
            "300m이내점포수":0,
            "초등학교학업성취도":90.0,
            "초등학교거리":989.4402850577,
            "중학교학업성취도":84.9,
            "500m이내학원가":0,
            "500m이내학원수":0,
            "용적률":120,
            "건폐율":24,
            "Y":35.270154,
            "X":126.511057,
            "rank":13.0,
            "area_info":"24평(80.3),27평(90.98),28평(93.8),28평(94.46),33평(110.53)",
            "sales_info":"0.6억 (2021-11-17),0.78억 (2022-04-02),0.68억 (2022-02-03),0.71억 (2018-05-29),1.19억 (2022-01-10)",
            "last_sales":"2022-04-02,7800.0,27평(90.98)",
            "maintenance":"nan,nan,nan,nan,nan",
            "price_per":"247,283,239,248,355",
            "room":"3,3,3,3,3",
            "bath":"1,2,2,2,2",
            "rank_history":[
                [
                    "202205",
                    13
                ],
                [
                    "202204",
                    12
                ],
                [
                    "202203",
                    14
                ],
                [
                    "202202",
                    9999
                ]
            ],
            "rank_gap":-1
        },
        {
            "index":17,
            "아파트명":"사직스카이(대성스카이빌)",
            "매매타입":"아파트",
            "전용면적(m2)":"84.53",
            "전용면적(평)":"25평",
            "법정동주소":"전라남도 영광군 영광읍 녹사리 131",
            "도로명주소":"전라남도 영광군 옥당로 115-78",
            "세대수":0,
            "입주년차":20,
            "용적률점수":"--",
            "건폐율점수":"--",
            "세대당주차수":0,
            "난방방식":30,
            "공급면적":"--",
            "전용률":"--",
            "욕실수":100,
            "현관타입":100,
            "주거총점":27.0,
            "지역구공급총점":100.0,
            "역세권":"NA",
            "30분내 이동가능 거점":"NA",
            "1시간내 이동가능 거점":"NA",
            "교통총점":"NA",
            "백화점":0,
            "아울렛몰":0,
            "대형마트":100,
            "은행":0,
            "병원":0,
            "종합병원":100,
            "공원":0,
            "혐오시설":0,
            "인프라총점":30.0,
            "초등학군":100.0,
            "중학군":42.58,
            "학군총점":44.161,
            "인구수":4.8,
            "인구증감":1.82,
            "인구총점":3.906,
            "일자리":4.12,
            "소득수준":68.24,
            "일자리총점":23.356,
            "가치 총점":33.75635,
            "매매실거래년":20220303.0,
            "매매실거래가":12800.0,
            "평단가":500,
            "전세실거래년":20170412.0,
            "전세실거래가":8000.0,
            "전세가율":62.5,
            "장기전세가율평균":"NA",
            "전세가율거품지수":"NA",
            "검색코드":111764,
            "세대수":170.0,
            "난방":"개별난방",
            "주차":"131 (세대당 0.77대)",
            "현관구조":"계단식",
            "관리비평균":118008.0,
            "방수":3,
            "욕실개수":2,
            "준공년월":"2001-07-19",
            "준공년차":21.0,
            "가까운역이름":"NA",
            "가까운역거리":"NA",
            "역세권여부":"NA",
            "30분이내주요거점역":"NA",
            "30분거점역이름":"NA",
            "1시간이내주요거점역":"NA",
            "1시간거점역이름":"NA",
            "3km이내백화점수":0,
            "5km이내아울렛몰수":0,
            "1km이내대형먀트수":2,
            "500m이내은행수":1,
            "500m이내병원수":1,
            "5km이내대형병원수":2,
            "500m이내공원수":0,
            "3km이내혐오시설수":0,
            "300m이내상권":0,
            "300m이내점포수":0,
            "초등학교학업성취도":90.02,
            "초등학교거리":1121.9620204238,
            "중학교학업성취도":68.9,
            "500m이내학원가":0,
            "500m이내학원수":0,
            "용적률":0,
            "건폐율":0,
            "Y":35.269504,
            "X":126.503514,
            "rank":14.0,
            "area_info":"25평(84.53),33평(111.44)",
            "sales_info":"1.28억 (2022-03-03),1.35억 (2021-12-09)",
            "last_sales":"2022-03-03,12800.0,25평(84.53)",
            "maintenance":"118008.0,159259.0",
            "price_per":"500,400",
            "room":"3,3",
            "bath":"2,2",
            "rank_history":[
                [
                    "202205",
                    14
                ],
                [
                    "202204",
                    14
                ],
                [
                    "202203",
                    15
                ],
                [
                    "202202",
                    10
                ],
                [
                    "202201",
                    10
                ]
            ],
            "rank_gap":0
        },
        {
            "index":48,
            "아파트명":"장산타워맨션",
            "매매타입":"아파트",
            "전용면적(m2)":"81.94",
            "전용면적(평)":"24평",
            "법정동주소":"전라남도 영광군 영광읍 남천리 182",
            "도로명주소":"전라남도 영광군 신남로 246-6",
            "세대수":0,
            "입주년차":0,
            "용적률점수":"--",
            "건폐율점수":"--",
            "세대당주차수":0,
            "난방방식":30,
            "공급면적":"--",
            "전용률":"--",
            "욕실수":50,
            "현관타입":10,
            "주거총점":9.0,
            "지역구공급총점":100.0,
            "역세권":"NA",
            "30분내 이동가능 거점":"NA",
            "1시간내 이동가능 거점":"NA",
            "교통총점":"NA",
            "백화점":0,
            "아울렛몰":0,
            "대형마트":100,
            "은행":20,
            "병원":30,
            "종합병원":100,
            "공원":80,
            "혐오시설":0,
            "인프라총점":36.4,
            "초등학군":100.0,
            "중학군":47.58,
            "학군총점":58.411,
            "인구수":4.8,
            "인구증감":1.82,
            "인구총점":3.906,
            "일자리":4.12,
            "소득수준":68.24,
            "일자리총점":23.356,
            "가치 총점":33.14385,
            "매매실거래년":20220418.0,
            "매매실거래가":6800.0,
            "평단가":274,
            "전세실거래년":20200907.0,
            "전세실거래가":7500.0,
            "전세가율":110.29,
            "장기전세가율평균":"NA",
            "전세가율거품지수":"NA",
            "검색코드":4905,
            "세대수":174.0,
            "난방":"개별난방",
            "주차":"0 (세대당 0.0대)",
            "현관구조":"복도식",
            "관리비평균":63379.0,
            "방수":3,
            "욕실개수":1,
            "준공년월":"1993-03-24",
            "준공년차":29.0,
            "가까운역이름":"NA",
            "가까운역거리":"NA",
            "역세권여부":"NA",
            "30분이내주요거점역":"NA",
            "30분거점역이름":"NA",
            "1시간이내주요거점역":"NA",
            "1시간거점역이름":"NA",
            "3km이내백화점수":0,
            "5km이내아울렛몰수":0,
            "1km이내대형먀트수":2,
            "500m이내은행수":2,
            "500m이내병원수":8,
            "5km이내대형병원수":2,
            "500m이내공원수":1,
            "3km이내혐오시설수":0,
            "300m이내상권":0,
            "300m이내점포수":0,
            "초등학교학업성취도":90.02,
            "초등학교거리":578.3318257053,
            "중학교학업성취도":77.1,
            "500m이내학원가":1,
            "500m이내학원수":29,
            "용적률":312,
            "건폐율":24,
            "Y":35.274555,
            "X":126.50896,
            "rank":15.0,
            "area_info":"24평(81.94),30평(101.28),34평(115.33),35평(115.94),46평(155.15)",
            "sales_info":"0.68억 (2022-04-18),1.02억 (2021-11-22),0.75억 (2022-03-30),거래 정보 없음,1.2억 (2014-06-30)",
            "last_sales":"2022-04-18,6800.0,24평(81.94)",
            "maintenance":"63379.0,78470.0,89430.0,89907.0,120500.0",
            "price_per":"274,332,214,nan,255",
            "room":"3,3,3,3,4",
            "bath":"1,1,2,2,2",
            "rank_history":[
                [
                    "202205",
                    15
                ],
                [
                    "202204",
                    17
                ],
                [
                    "202203",
                    19
                ],
                [
                    "202202",
                    13
                ],
                [
                    "202201",
                    13
                ]
            ],
            "rank_gap":2
        },
        {
            "index":44,
            "아파트명":"영진",
            "매매타입":"아파트",
            "전용면적(m2)":"70.32",
            "전용면적(평)":"21평",
            "법정동주소":"전라남도 영광군 영광읍 녹사리 26-4",
            "도로명주소":"전라남도 영광군 옥당로 94",
            "세대수":0,
            "입주년차":0,
            "용적률점수":"--",
            "건폐율점수":"--",
            "세대당주차수":0,
            "난방방식":30,
            "공급면적":"--",
            "전용률":"--",
            "욕실수":50,
            "현관타입":100,
            "주거총점":18.0,
            "지역구공급총점":100.0,
            "역세권":"NA",
            "30분내 이동가능 거점":"NA",
            "1시간내 이동가능 거점":"NA",
            "교통총점":"NA",
            "백화점":0,
            "아울렛몰":0,
            "대형마트":100,
            "은행":0,
            "병원":30,
            "종합병원":100,
            "공원":80,
            "혐오시설":0,
            "인프라총점":35.4,
            "초등학군":100.0,
            "중학군":42.58,
            "학군총점":44.161,
            "인구수":4.8,
            "인구증감":1.82,
            "인구총점":3.906,
            "일자리":4.12,
            "소득수준":68.24,
            "일자리총점":23.356,
            "가치 총점":31.50635,
            "매매실거래년":20220311.0,
            "매매실거래가":6500.0,
            "평단가":305,
            "전세실거래년":20210731.0,
            "전세실거래가":5500.0,
            "전세가율":84.62,
            "장기전세가율평균":"NA",
            "전세가율거품지수":"NA",
            "검색코드":4904,
            "세대수":152.0,
            "난방":"개별난방",
            "주차":"152 (세대당 1.0대)",
            "현관구조":"계단식",
            "관리비평균":75637.0,
            "방수":3,
            "욕실개수":1,
            "준공년월":"1994-10-08",
            "준공년차":28.0,
            "가까운역이름":"NA",
            "가까운역거리":"NA",
            "역세권여부":"NA",
            "30분이내주요거점역":"NA",
            "30분거점역이름":"NA",
            "1시간이내주요거점역":"NA",
            "1시간거점역이름":"NA",
            "3km이내백화점수":0,
            "5km이내아울렛몰수":0,
            "1km이내대형먀트수":2,
            "500m이내은행수":1,
            "500m이내병원수":6,
            "5km이내대형병원수":2,
            "500m이내공원수":1,
            "3km이내혐오시설수":0,
            "300m이내상권":0,
            "300m이내점포수":0,
            "초등학교학업성취도":90.02,
            "초등학교거리":842.1571356836,
            "중학교학업성취도":68.9,
            "500m이내학원가":0,
            "500m이내학원수":0,
            "용적률":0,
            "건폐율":0,
            "Y":35.27182,
            "X":126.50507,
            "rank":16.0,
            "area_info":"21평(70.32)",
            "sales_info":"0.65억 (2022-03-11)",
            "last_sales":"2022-03-11,6500.0,21평(70.32)",
            "maintenance":"75637.0",
            "price_per":"305",
            "room":"3",
            "bath":"1",
            "rank_history":[
                [
                    "202205",
                    16
                ],
                [
                    "202204",
                    15
                ],
                [
                    "202203",
                    17
                ],
                [
                    "202202",
                    11
                ],
                [
                    "202201",
                    11
                ]
            ],
            "rank_gap":-1
        },
        {
            "index":4,
            "아파트명":"국제",
            "매매타입":"아파트",
            "전용면적(m2)":"59.35",
            "전용면적(평)":"17평",
            "법정동주소":"전라남도 영광군 영광읍 녹사리 19-2",
            "도로명주소":"전라남도 영광군 옥당로 85-8",
            "세대수":0,
            "입주년차":0,
            "용적률점수":"--",
            "건폐율점수":"--",
            "세대당주차수":0,
            "난방방식":30,
            "공급면적":"--",
            "전용률":"--",
            "욕실수":50,
            "현관타입":100,
            "주거총점":18.0,
            "지역구공급총점":100.0,
            "역세권":"NA",
            "30분내 이동가능 거점":"NA",
            "1시간내 이동가능 거점":"NA",
            "교통총점":"NA",
            "백화점":0,
            "아울렛몰":0,
            "대형마트":100,
            "은행":0,
            "병원":10,
            "종합병원":100,
            "공원":80,
            "혐오시설":0,
            "인프라총점":33.4,
            "초등학군":100.0,
            "중학군":42.58,
            "학군총점":44.161,
            "인구수":4.8,
            "인구증감":1.82,
            "인구총점":3.906,
            "일자리":4.12,
            "소득수준":68.24,
            "일자리총점":23.356,
            "가치 총점":31.00635,
            "매매실거래년":20220326.0,
            "매매실거래가":9000.0,
            "평단가":334,
            "전세실거래년":20220203.0,
            "전세실거래가":3200.0,
            "전세가율":53.33,
            "장기전세가율평균":"NA",
            "전세가율거품지수":"NA",
            "검색코드":4900,
            "세대수":234.0,
            "난방":"개별난방",
            "주차":"174 (세대당 0.74대)",
            "현관구조":"계단식",
            "관리비평균":84330.0,
            "방수":2,
            "욕실개수":1,
            "준공년월":"1997-12-11",
            "준공년차":25.0,
            "가까운역이름":"NA",
            "가까운역거리":"NA",
            "역세권여부":"NA",
            "30분이내주요거점역":"NA",
            "30분거점역이름":"NA",
            "1시간이내주요거점역":"NA",
            "1시간거점역이름":"NA",
            "3km이내백화점수":0,
            "5km이내아울렛몰수":0,
            "1km이내대형먀트수":2,
            "500m이내은행수":1,
            "500m이내병원수":2,
            "5km이내대형병원수":2,
            "500m이내공원수":1,
            "3km이내혐오시설수":0,
            "300m이내상권":0,
            "300m이내점포수":0,
            "초등학교학업성취도":90.02,
            "초등학교거리":998.180398617,
            "중학교학업성취도":68.9,
            "500m이내학원가":0,
            "500m이내학원수":0,
            "용적률":0,
            "건폐율":0,
            "Y":35.270439,
            "X":126.50476,
            "rank":17.0,
            "area_info":"17평(59.35),23평(77.71),31평(104.1)",
            "sales_info":"0.6억 (2022-02-25),0.9억 (2022-03-26),1.17억 (2021-11-15)",
            "last_sales":"2022-03-26,9000.0,23평(77.71)",
            "maintenance":"84330.0,127646.0,180369.0",
            "price_per":"334,382,371",
            "room":"2,3,3",
            "bath":"1,1,2",
            "rank_history":[
                [
                    "202205",
                    17
                ],
                [
                    "202204",
                    16
                ],
                [
                    "202203",
                    18
                ],
                [
                    "202202",
                    12
                ],
                [
                    "202201",
                    12
                ]
            ],
            "rank_gap":-1
        },
        {
            "index":55,
            "아파트명":"해주",
            "매매타입":"아파트",
            "전용면적(m2)":"81.88",
            "전용면적(평)":"24평",
            "법정동주소":"전라남도 영광군 홍농읍 상하리 55",
            "도로명주소":"전라남도 영광군 홍농로 442-29",
            "세대수":0,
            "입주년차":20,
            "용적률점수":"--",
            "건폐율점수":"--",
            "세대당주차수":0,
            "난방방식":30,
            "공급면적":"--",
            "전용률":"--",
            "욕실수":50,
            "현관타입":100,
            "주거총점":22.0,
            "지역구공급총점":100.0,
            "역세권":"NA",
            "30분내 이동가능 거점":"NA",
            "1시간내 이동가능 거점":"NA",
            "교통총점":"NA",
            "백화점":0,
            "아울렛몰":0,
            "대형마트":80,
            "은행":0,
            "병원":10,
            "종합병원":0,
            "공원":0,
            "혐오시설":0,
            "인프라총점":13.0,
            "초등학군":100.0,
            "중학군":51.0,
            "학군총점":47.95,
            "인구수":4.8,
            "인구증감":1.82,
            "인구총점":3.906,
            "일자리":4.12,
            "소득수준":68.24,
            "일자리총점":23.356,
            "가치 총점":28.8325,
            "매매실거래년":20220428.0,
            "매매실거래가":7200.0,
            "평단가":298,
            "전세실거래년":null,
            "전세실거래가":null,
            "전세가율":null,
            "장기전세가율평균":"NA",
            "전세가율거품지수":"NA",
            "검색코드":127274,
            "세대수":299.0,
            "난방":"개별난방",
            "주차":"220 (세대당 0.74대)",
            "현관구조":"계단식",
            "관리비평균":null,
            "방수":3,
            "욕실개수":1,
            "준공년월":"1998-01-22",
            "준공년차":24.0,
            "가까운역이름":"NA",
            "가까운역거리":"NA",
            "역세권여부":"NA",
            "30분이내주요거점역":"NA",
            "30분거점역이름":"NA",
            "1시간이내주요거점역":"NA",
            "1시간거점역이름":"NA",
            "3km이내백화점수":0,
            "5km이내아울렛몰수":0,
            "1km이내대형먀트수":1,
            "500m이내은행수":0,
            "500m이내병원수":3,
            "5km이내대형병원수":0,
            "500m이내공원수":0,
            "3km이내혐오시설수":0,
            "300m이내상권":0,
            "300m이내점포수":0,
            "초등학교학업성취도":89.96,
            "초등학교거리":841.3420194512,
            "중학교학업성취도":85.0,
            "500m이내학원가":0,
            "500m이내학원수":0,
            "용적률":187,
            "건폐율":17,
            "Y":35.391923,
            "X":126.447305,
            "rank":18.0,
            "area_info":"24평(81.88),25평(84.43)",
            "sales_info":"0.74억 (2021-07-25),0.72억 (2022-04-28)",
            "last_sales":"2022-04-28,7200.0,25평(84.43)",
            "maintenance":"nan,nan",
            "price_per":"298,281",
            "room":"3,3",
            "bath":"1,1",
            "rank_history":[
                [
                    "202205",
                    18
                ],
                [
                    "202204",
                    18
                ],
                [
                    "202203",
                    20
                ],
                [
                    "202202",
                    14
                ],
                [
                    "202201",
                    14
                ]
            ],
            "rank_gap":0
        },
        {
            "index":53,
            "아파트명":"청미래",
            "매매타입":"아파트",
            "전용면적(m2)":"56.99",
            "전용면적(평)":"17평",
            "법정동주소":"전라남도 영광군 홍농읍 상하리 323-1",
            "도로명주소":"전라남도 영광군 상하길 91",
            "세대수":0,
            "입주년차":0,
            "용적률점수":"--",
            "건폐율점수":"--",
            "세대당주차수":30,
            "난방방식":30,
            "공급면적":"--",
            "전용률":"--",
            "욕실수":50,
            "현관타입":100,
            "주거총점":22.5,
            "지역구공급총점":100.0,
            "역세권":"NA",
            "30분내 이동가능 거점":"NA",
            "1시간내 이동가능 거점":"NA",
            "교통총점":"NA",
            "백화점":0,
            "아울렛몰":0,
            "대형마트":80,
            "은행":0,
            "병원":0,
            "종합병원":0,
            "공원":0,
            "혐오시설":0,
            "인프라총점":12.0,
            "초등학군":100.0,
            "중학군":51.0,
            "학군총점":47.95,
            "인구수":4.8,
            "인구증감":1.82,
            "인구총점":3.906,
            "일자리":4.12,
            "소득수준":68.24,
            "일자리총점":23.356,
            "가치 총점":28.7825,
            "매매실거래년":20220418.0,
            "매매실거래가":3500.0,
            "평단가":203,
            "전세실거래년":20220220.0,
            "전세실거래가":2800.0,
            "전세가율":80.0,
            "장기전세가율평균":"NA",
            "전세가율거품지수":"NA",
            "검색코드":132590,
            "세대수":100.0,
            "난방":"개별난방",
            "주차":"123 (세대당 1.23대)",
            "현관구조":"계단식",
            "관리비평균":null,
            "방수":2,
            "욕실개수":1,
            "준공년월":"1992-03-19",
            "준공년차":30.0,
            "가까운역이름":"NA",
            "가까운역거리":"NA",
            "역세권여부":"NA",
            "30분이내주요거점역":"NA",
            "30분거점역이름":"NA",
            "1시간이내주요거점역":"NA",
            "1시간거점역이름":"NA",
            "3km이내백화점수":0,
            "5km이내아울렛몰수":0,
            "1km이내대형먀트수":1,
            "500m이내은행수":0,
            "500m이내병원수":1,
            "5km이내대형병원수":0,
            "500m이내공원수":0,
            "3km이내혐오시설수":0,
            "300m이내상권":0,
            "300m이내점포수":0,
            "초등학교학업성취도":89.96,
            "초등학교거리":150.762422689,
            "중학교학업성취도":85.0,
            "500m이내학원가":0,
            "500m이내학원수":0,
            "용적률":0,
            "건폐율":0,
            "Y":35.399668,
            "X":126.446395,
            "rank":19.0,
            "area_info":"17평(56.99),22평(72.74)",
            "sales_info":"0.35억 (2022-04-18),0.45억 (2022-02-10)",
            "last_sales":"2022-04-18,3500.0,17평(56.99)",
            "maintenance":"nan,nan",
            "price_per":"203,204",
            "room":"2,2",
            "bath":"1,1",
            "rank_history":[
                [
                    "202205",
                    19
                ],
                [
                    "202204",
                    19
                ],
                [
                    "202203",
                    21
                ],
                [
                    "202202",
                    15
                ],
                [
                    "202201",
                    16
                ]
            ],
            "rank_gap":0
        },
        {
            "index":0,
            "아파트명":"성산",
            "매매타입":"아파트",
            "전용면적(m2)":"45.13",
            "전용면적(평)":"13평",
            "법정동주소":"전라남도 영광군 법성면 법성리 598-2",
            "도로명주소":"전라남도 영광군 법성길1길 51",
            "세대수":0,
            "입주년차":20,
            "용적률점수":"--",
            "건폐율점수":"--",
            "세대당주차수":0,
            "난방방식":30,
            "공급면적":"--",
            "전용률":"--",
            "욕실수":50,
            "현관타입":100,
            "주거총점":22.0,
            "지역구공급총점":100.0,
            "역세권":"NA",
            "30분내 이동가능 거점":"NA",
            "1시간내 이동가능 거점":"NA",
            "교통총점":"NA",
            "백화점":0,
            "아울렛몰":0,
            "대형마트":0,
            "은행":0,
            "병원":10,
            "종합병원":0,
            "공원":0,
            "혐오시설":0,
            "인프라총점":1.0,
            "초등학군":100.0,
            "중학군":31.08,
            "학군총점":38.986,
            "인구수":4.8,
            "인구증감":1.82,
            "인구총점":3.906,
            "일자리":4.12,
            "소득수준":68.24,
            "일자리총점":23.356,
            "가치 총점":22.6951,
            "매매실거래년":20220330.0,
            "매매실거래가":3750.0,
            "평단가":274,
            "전세실거래년":20140917.0,
            "전세실거래가":2000.0,
            "전세가율":53.33,
            "장기전세가율평균":"NA",
            "전세가율거품지수":"NA",
            "검색코드":144198,
            "세대수":156.0,
            "난방":"개별난방",
            "주차":"111 (세대당 0.71대)",
            "현관구조":"계단식",
            "관리비평균":null,
            "방수":2,
            "욕실개수":1,
            "준공년월":"2000-02-07",
            "준공년차":22.0,
            "가까운역이름":"NA",
            "가까운역거리":"NA",
            "역세권여부":"NA",
            "30분이내주요거점역":"NA",
            "30분거점역이름":"NA",
            "1시간이내주요거점역":"NA",
            "1시간거점역이름":"NA",
            "3km이내백화점수":0,
            "5km이내아울렛몰수":0,
            "1km이내대형먀트수":0,
            "500m이내은행수":0,
            "500m이내병원수":3,
            "5km이내대형병원수":0,
            "500m이내공원수":0,
            "3km이내혐오시설수":0,
            "300m이내상권":1,
            "300m이내점포수":21,
            "초등학교학업성취도":90.01,
            "초등학교거리":533.7054532881,
            "중학교학업성취도":51.8,
            "500m이내학원가":0,
            "500m이내학원수":0,
            "용적률":215,
            "건폐율":22,
            "Y":35.359753,
            "X":126.44851,
            "rank":20.0,
            "area_info":"13평(45.13),13평(45.13),13평(45.17),23평(78.45)",
            "sales_info":"0.375억 (2022-03-30),거래 정보 없음,거래 정보 없음,0.65억 (2022-03-19)",
            "last_sales":"2022-03-30,3750.0,13평(45.13)",
            "maintenance":"nan,nan,nan,nan",
            "price_per":"274,nan,nan,273",
            "room":"2,2,2,2",
            "bath":"1,1,1,1",
            "rank_history":[
                [
                    "202205",
                    20
                ],
                [
                    "202204",
                    20
                ],
                [
                    "202203",
                    22
                ],
                [
                    "202202",
                    16
                ],
                [
                    "202201",
                    15
                ]
            ],
            "rank_gap":0
        }
    ]
}