{
    "schema":{
        "fields":[
            {
                "name":"index",
                "type":"integer"
            },
            {
                "name":"아파트명",
                "type":"string"
            },
            {
                "name":"투자타입",
                "type":"string"
            },
            {
                "name":"전용면적(m2)",
                "type":"string"
            },
            {
                "name":"전용면적(평)",
                "type":"string"
            },
            {
                "name":"법정동주소",
                "type":"string"
            },
            {
                "name":"도로명주소",
                "type":"string"
            },
            {
                "name":"세대수",
                "type":"integer"
            },
            {
                "name":"입주년차",
                "type":"string"
            },
            {
                "name":"용적률점수",
                "type":"string"
            },
            {
                "name":"건폐율점수",
                "type":"string"
            },
            {
                "name":"세대당주차수",
                "type":"string"
            },
            {
                "name":"난방방식",
                "type":"string"
            },
            {
                "name":"공급면적",
                "type":"string"
            },
            {
                "name":"전용률",
                "type":"string"
            },
            {
                "name":"욕실수",
                "type":"string"
            },
            {
                "name":"현관타입",
                "type":"string"
            },
            {
                "name":"주거총점",
                "type":"number"
            },
            {
                "name":"지역구공급총점",
                "type":"number"
            },
            {
                "name":"역세권",
                "type":"integer"
            },
            {
                "name":"30분내 이동가능 거점",
                "type":"integer"
            },
            {
                "name":"1시간내 이동가능 거점",
                "type":"integer"
            },
            {
                "name":"교통총점",
                "type":"number"
            },
            {
                "name":"백화점",
                "type":"integer"
            },
            {
                "name":"아울렛몰",
                "type":"integer"
            },
            {
                "name":"대형마트",
                "type":"integer"
            },
            {
                "name":"은행",
                "type":"integer"
            },
            {
                "name":"병원",
                "type":"integer"
            },
            {
                "name":"종합병원",
                "type":"integer"
            },
            {
                "name":"공원",
                "type":"integer"
            },
            {
                "name":"혐오시설",
                "type":"integer"
            },
            {
                "name":"인프라총점",
                "type":"number"
            },
            {
                "name":"초등학군",
                "type":"number"
            },
            {
                "name":"중학군",
                "type":"number"
            },
            {
                "name":"학군총점",
                "type":"number"
            },
            {
                "name":"인구수",
                "type":"number"
            },
            {
                "name":"인구증감",
                "type":"number"
            },
            {
                "name":"인구총점",
                "type":"number"
            },
            {
                "name":"일자리",
                "type":"number"
            },
            {
                "name":"소득수준",
                "type":"number"
            },
            {
                "name":"일자리총점",
                "type":"number"
            },
            {
                "name":"가치 총점",
                "type":"number"
            },
            {
                "name":"매매실거래년",
                "type":"string"
            },
            {
                "name":"매매실거래가",
                "type":"number"
            },
            {
                "name":"전세실거래년",
                "type":"number"
            },
            {
                "name":"전세실거래가",
                "type":"number"
            },
            {
                "name":"전세가율",
                "type":"number"
            },
            {
                "name":"장기전세가율평균",
                "type":"number"
            },
            {
                "name":"전세가율거품지수",
                "type":"number"
            },
            {
                "name":"검색코드",
                "type":"integer"
            },
            {
                "name":"세대수",
                "type":"number"
            },
            {
                "name":"준공년월",
                "type":"string"
            },
            {
                "name":"준공년차",
                "type":"number"
            },
            {
                "name":"가까운역이름",
                "type":"string"
            },
            {
                "name":"가까운역거리",
                "type":"number"
            },
            {
                "name":"역세권여부",
                "type":"string"
            },
            {
                "name":"30분이내주요거점역",
                "type":"integer"
            },
            {
                "name":"1시간이내주요거점역",
                "type":"integer"
            },
            {
                "name":"3km이내백화점수",
                "type":"integer"
            },
            {
                "name":"5km이내아울렛몰수",
                "type":"integer"
            },
            {
                "name":"1km이내대형먀트수",
                "type":"integer"
            },
            {
                "name":"500m이내은행수",
                "type":"integer"
            },
            {
                "name":"500m이내병원수",
                "type":"integer"
            },
            {
                "name":"5km이내대형병원수",
                "type":"integer"
            },
            {
                "name":"500m이내공원수",
                "type":"integer"
            },
            {
                "name":"3km이내혐오시설수",
                "type":"integer"
            },
            {
                "name":"초등학교학업성취도",
                "type":"number"
            },
            {
                "name":"중학교학업성취도",
                "type":"number"
            },
            {
                "name":"용적률",
                "type":"integer"
            },
            {
                "name":"건폐율",
                "type":"integer"
            },
            {
                "name":"Y",
                "type":"number"
            },
            {
                "name":"X",
                "type":"number"
            },
            {
                "name":"rank",
                "type":"number"
            },
            {
                "name":"area_info",
                "type":"string"
            },
            {
                "name":"last_sales",
                "type":"string"
            }
        ],
        "primaryKey":[
            "index"
        ],
        "pandas_version":"1.4.0"
    },
    "data":[
        {
            "index":105,
            "아파트명":"청계한신휴플러스",
            "투자타입":"일반",
            "전용면적(m2)":"80.56",
            "전용면적(평)":"24평",
            "법정동주소":"서울시 동대문구 답십리동 1002",
            "도로명주소":"서울시 동대문구 서울시립대로 14",
            "세대수":80,
            "입주년차":60,
            "용적률점수":"--",
            "건폐율점수":"--",
            "세대당주차수":30,
            "난방방식":30,
            "공급면적":"--",
            "전용률":"--",
            "욕실수":100,
            "현관타입":100,
            "주거총점":67.5,
            "지역구공급총점":0.0,
            "역세권":80,
            "30분내 이동가능 거점":100,
            "1시간내 이동가능 거점":100,
            "교통총점":90.0,
            "백화점":100,
            "아울렛몰":80,
            "대형마트":100,
            "은행":20,
            "병원":60,
            "종합병원":100,
            "공원":0,
            "혐오시설":-50,
            "인프라총점":80.0,
            "초등학군":85.73,
            "중학군":42.84,
            "학군총점":51.418,
            "인구수":38.57,
            "인구증감":-8.31,
            "인구총점":24.506,
            "일자리":16.1,
            "소득수준":56.02,
            "일자리총점":28.076,
            "가치 총점":76.7127,
            "매매실거래년":20210816.0,
            "매매실거래가":150000.0,
            "전세실거래년":20211218.0,
            "전세실거래가":60000.0,
            "전세가율":50.0,
            "장기전세가율평균":68.38,
            "전세가율거품지수":18.38,
            "검색코드":100405,
            "세대수":725.0,
            "준공년월":"2010-12-23",
            "준공년차":13.0,
            "가까운역이름":"신답",
            "가까운역거리":260.97,
            "역세권여부":"역세권",
            "30분이내주요거점역":5,
            "1시간이내주요거점역":14,
            "3km이내백화점수":1,
            "5km이내아울렛몰수":1,
            "1km이내대형먀트수":2,
            "500m이내은행수":2,
            "500m이내병원수":11,
            "5km이내대형병원수":10,
            "500m이내공원수":0,
            "3km이내혐오시설수":1,
            "초등학교학업성취도":85.73,
            "중학교학업성취도":71.4,
            "용적률":261,
            "건폐율":17,
            "Y":37.572261,
            "X":127.045524,
            "rank":1.0,
            "area_info":"24평(80.56), 24평(80.73), 24평(81.42), 29평(95.92), 29평(96.07), 32평(105.97), 32평(106.28), 32평(107.46), 34평(112.82), 34평(113.72), 40평(132.32)",
            "last_sales":"2021-08-16,150000.0,40평(132.32)"
        },
        {
            "index":154,
            "아파트명":"래미안허브리츠",
            "투자타입":"일반",
            "전용면적(m2)":"79.7",
            "전용면적(평)":"24평",
            "법정동주소":"서울시 동대문구 용두동 792",
            "도로명주소":"서울시 동대문구 정릉천동로 36",
            "세대수":80,
            "입주년차":60,
            "용적률점수":"--",
            "건폐율점수":"--",
            "세대당주차수":60,
            "난방방식":30,
            "공급면적":"--",
            "전용률":"--",
            "욕실수":100,
            "현관타입":100,
            "주거총점":72.0,
            "지역구공급총점":0.0,
            "역세권":80,
            "30분내 이동가능 거점":80,
            "1시간내 이동가능 거점":100,
            "교통총점":84.0,
            "백화점":100,
            "아울렛몰":80,
            "대형마트":80,
            "은행":20,
            "병원":60,
            "종합병원":100,
            "공원":0,
            "혐오시설":-100,
            "인프라총점":76.0,
            "초등학군":87.59,
            "중학군":42.84,
            "학군총점":51.79,
            "인구수":38.57,
            "인구증감":-8.31,
            "인구총점":24.506,
            "일자리":16.1,
            "소득수준":56.02,
            "일자리총점":28.076,
            "가치 총점":74.3685,
            "매매실거래년":20211014.0,
            "매매실거래가":158000.0,
            "전세실거래년":20220112.0,
            "전세실거래가":68000.0,
            "전세가율":56.67,
            "장기전세가율평균":68.38,
            "전세가율거품지수":11.71,
            "검색코드":26192,
            "세대수":844.0,
            "준공년월":"2011-04-28",
            "준공년차":12.0,
            "가까운역이름":"용두",
            "가까운역거리":214.27,
            "역세권여부":"역세권",
            "30분이내주요거점역":4,
            "1시간이내주요거점역":14,
            "3km이내백화점수":1,
            "5km이내아울렛몰수":1,
            "1km이내대형먀트수":1,
            "500m이내은행수":2,
            "500m이내병원수":25,
            "5km이내대형병원수":11,
            "500m이내공원수":0,
            "3km이내혐오시설수":4,
            "초등학교학업성취도":87.59,
            "중학교학업성취도":71.4,
            "용적률":236,
            "건폐율":17,
            "Y":37.574886,
            "X":127.035914,
            "rank":2.0,
            "area_info":"24평(79.7), 23평(79.18), 24평(80.37), 33평(111.82), 33평(112.33), 45평(150.53), 45평(150.19)",
            "last_sales":"2021-10-14,158000.0,45평(150.19)"
        },
        {
            "index":178,
            "아파트명":"용두롯데캐슬리치",
            "투자타입":"일반",
            "전용면적(m2)":"76.47",
            "전용면적(평)":"23평",
            "법정동주소":"서울시 동대문구 용두동 794",
            "도로명주소":"서울시 동대문구 한빛로 73",
            "세대수":30,
            "입주년차":80,
            "용적률점수":"--",
            "건폐율점수":"--",
            "세대당주차수":30,
            "난방방식":30,
            "공급면적":"--",
            "전용률":"--",
            "욕실수":100,
            "현관타입":100,
            "주거총점":54.0,
            "지역구공급총점":0.0,
            "역세권":80,
            "30분내 이동가능 거점":80,
            "1시간내 이동가능 거점":100,
            "교통총점":84.0,
            "백화점":100,
            "아울렛몰":80,
            "대형마트":80,
            "은행":100,
            "병원":60,
            "종합병원":100,
            "공원":80,
            "혐오시설":-100,
            "인프라총점":86.4,
            "초등학군":84.4,
            "중학군":43.72,
            "학군총점":51.856,
            "인구수":38.57,
            "인구증감":-8.31,
            "인구총점":24.506,
            "일자리":16.1,
            "소득수준":56.02,
            "일자리총점":28.076,
            "가치 총점":73.8984,
            "매매실거래년":20170826.0,
            "매매실거래가":84000.0,
            "전세실거래년":null,
            "전세실거래가":null,
            "전세가율":null,
            "장기전세가율평균":68.38,
            "전세가율거품지수":null,
            "검색코드":106788,
            "세대수":311.0,
            "준공년월":"2015-03-13",
            "준공년차":8.0,
            "가까운역이름":"제기동",
            "가까운역거리":365.62,
            "역세권여부":"역세권",
            "30분이내주요거점역":4,
            "1시간이내주요거점역":14,
            "3km이내백화점수":1,
            "5km이내아울렛몰수":1,
            "1km이내대형먀트수":1,
            "500m이내은행수":5,
            "500m이내병원수":18,
            "5km이내대형병원수":10,
            "500m이내공원수":1,
            "3km이내혐오시설수":4,
            "초등학교학업성취도":84.4,
            "중학교학업성취도":71.8,
            "용적률":234,
            "건폐율":22,
            "Y":37.579216,
            "X":127.030989,
            "rank":3.0,
            "area_info":"23평(76.47), 23평(78.71), 25평(84.26), 25평(84.88), 26평(85.97), 33평(109.38), 33평(110.7), 33평(110.47), 43평(143.51), 45평(149.26)",
            "last_sales":"2017-08-26,84000.0,45평(149.26)"
        },
        {
            "index":128,
            "아파트명":"힐스테이트청계",
            "투자타입":"일반",
            "전용면적(m2)":"73.98",
            "전용면적(평)":"22평",
            "법정동주소":"서울시 동대문구 답십리동 1009",
            "도로명주소":"서울시 동대문구 천호대로55길 11",
            "세대수":80,
            "입주년차":80,
            "용적률점수":"--",
            "건폐율점수":"--",
            "세대당주차수":30,
            "난방방식":30,
            "공급면적":"--",
            "전용률":"--",
            "욕실수":50,
            "현관타입":100,
            "주거총점":66.5,
            "지역구공급총점":0.0,
            "역세권":80,
            "30분내 이동가능 거점":80,
            "1시간내 이동가능 거점":100,
            "교통총점":84.0,
            "백화점":100,
            "아울렛몰":80,
            "대형마트":80,
            "은행":20,
            "병원":60,
            "종합병원":100,
            "공원":0,
            "혐오시설":-50,
            "인프라총점":77.0,
            "초등학군":85.73,
            "중학군":42.84,
            "학군총점":51.418,
            "인구수":38.57,
            "인구증감":-8.31,
            "인구총점":24.506,
            "일자리":16.1,
            "소득수준":56.02,
            "일자리총점":28.076,
            "가치 총점":73.5127,
            "매매실거래년":20211023.0,
            "매매실거래가":153000.0,
            "전세실거래년":20220112.0,
            "전세실거래가":45150.0,
            "전세가율":47.03,
            "장기전세가율평균":68.38,
            "전세가율거품지수":21.35,
            "검색코드":110935,
            "세대수":764.0,
            "준공년월":"2018-11-30",
            "준공년차":5.0,
            "가까운역이름":"신답",
            "가까운역거리":181.14,
            "역세권여부":"역세권",
            "30분이내주요거점역":4,
            "1시간이내주요거점역":14,
            "3km이내백화점수":1,
            "5km이내아울렛몰수":1,
            "1km이내대형먀트수":1,
            "500m이내은행수":2,
            "500m이내병원수":12,
            "5km이내대형병원수":10,
            "500m이내공원수":0,
            "3km이내혐오시설수":1,
            "초등학교학업성취도":85.73,
            "중학교학업성취도":71.4,
            "용적률":299,
            "건폐율":19,
            "Y":37.571288,
            "X":127.047802,
            "rank":4.0,
            "area_info":"22평(73.98), 25평(84.29), 25평(85.23), 25평(85.53), 34평(115.65), 34평(115.44)",
            "last_sales":"2021-10-23,153000.0,34평(115.65)"
        },
        {
            "index":161,
            "아파트명":"롯데캐슬피렌체",
            "투자타입":"일반",
            "전용면적(m2)":"37.88",
            "전용면적(평)":"11평",
            "법정동주소":"서울시 동대문구 용두동 790",
            "도로명주소":"서울시 동대문구 정릉천동로 58",
            "세대수":50,
            "입주년차":60,
            "용적률점수":"--",
            "건폐율점수":"--",
            "세대당주차수":30,
            "난방방식":30,
            "공급면적":"--",
            "전용률":"--",
            "욕실수":50,
            "현관타입":100,
            "주거총점":52.0,
            "지역구공급총점":0.0,
            "역세권":80,
            "30분내 이동가능 거점":80,
            "1시간내 이동가능 거점":100,
            "교통총점":84.0,
            "백화점":100,
            "아울렛몰":80,
            "대형마트":80,
            "은행":100,
            "병원":80,
            "종합병원":100,
            "공원":0,
            "혐오시설":-100,
            "인프라총점":86.0,
            "초등학군":87.59,
            "중학군":43.72,
            "학군총점":52.494,
            "인구수":38.57,
            "인구증감":-8.31,
            "인구총점":24.506,
            "일자리":16.1,
            "소득수준":56.02,
            "일자리총점":28.076,
            "가치 총점":73.4741,
            "매매실거래년":20210818.0,
            "매매실거래가":89700.0,
            "전세실거래년":20210904.0,
            "전세실거래가":23100.0,
            "전세가율":60.79,
            "장기전세가율평균":68.38,
            "전세가율거품지수":7.59,
            "검색코드":25667,
            "세대수":435.0,
            "준공년월":"2009-02-05",
            "준공년차":14.0,
            "가까운역이름":"제기동",
            "가까운역거리":123.71,
            "역세권여부":"역세권",
            "30분이내주요거점역":4,
            "1시간이내주요거점역":15,
            "3km이내백화점수":1,
            "5km이내아울렛몰수":1,
            "1km이내대형먀트수":1,
            "500m이내은행수":5,
            "500m이내병원수":30,
            "5km이내대형병원수":10,
            "500m이내공원수":0,
            "3km이내혐오시설수":4,
            "초등학교학업성취도":87.59,
            "중학교학업성취도":71.8,
            "용적률":461,
            "건폐율":41,
            "Y":37.577164,
            "X":127.035646,
            "rank":5.0,
            "area_info":"11평(37.88), 13평(43.88), 16평(54.33), 23평(78.66), 23평(78.86), 31평(105.73), 41평(136.25)",
            "last_sales":"2021-08-18,89700.0,23평(78.66)"
        },
        {
            "index":365,
            "아파트명":"동대문롯데캐슬노블레스",
            "투자타입":"일반",
            "전용면적(m2)":"85.78",
            "전용면적(평)":"25평",
            "법정동주소":"서울시 동대문구 전농동 695",
            "도로명주소":"서울시 동대문구 답십리로23길 30",
            "세대수":50,
            "입주년차":80,
            "용적률점수":"--",
            "건폐율점수":"--",
            "세대당주차수":30,
            "난방방식":30,
            "공급면적":"--",
            "전용률":"--",
            "욕실수":100,
            "현관타입":100,
            "주거총점":61.0,
            "지역구공급총점":0.0,
            "역세권":80,
            "30분내 이동가능 거점":80,
            "1시간내 이동가능 거점":100,
            "교통총점":84.0,
            "백화점":100,
            "아울렛몰":80,
            "대형마트":100,
            "은행":0,
            "병원":60,
            "종합병원":100,
            "공원":0,
            "혐오시설":-50,
            "인프라총점":78.0,
            "초등학군":88.55,
            "중학군":38.72,
            "학군총점":48.686,
            "인구수":38.57,
            "인구증감":-8.31,
            "인구총점":24.506,
            "일자리":16.1,
            "소득수준":56.02,
            "일자리총점":28.076,
            "가치 총점":72.3029,
            "매매실거래년":20211230.0,
            "매매실거래가":159000.0,
            "전세실거래년":20211002.0,
            "전세실거래가":80000.0,
            "전세가율":69.57,
            "장기전세가율평균":68.38,
            "전세가율거품지수":-1.19,
            "검색코드":111396,
            "세대수":584.0,
            "준공년월":"2018-06-29",
            "준공년차":5.0,
            "가까운역이름":"청량리",
            "가까운역거리":464.12,
            "역세권여부":"역세권",
            "30분이내주요거점역":4,
            "1시간이내주요거점역":12,
            "3km이내백화점수":1,
            "5km이내아울렛몰수":1,
            "1km이내대형먀트수":2,
            "500m이내은행수":1,
            "500m이내병원수":13,
            "5km이내대형병원수":10,
            "500m이내공원수":0,
            "3km이내혐오시설수":1,
            "초등학교학업성취도":88.55,
            "중학교학업성취도":63.8,
            "용적률":258,
            "건폐율":17,
            "Y":37.576537,
            "X":127.04941,
            "rank":6.0,
            "area_info":"25평(85.78), 25평(85.93), 34평(113.2), 34평(114.11)",
            "last_sales":"2021-12-30,159000.0,34평(113.2)"
        },
        {
            "index":138,
            "아파트명":"e편한세상청계센트럴포레",
            "투자타입":"일반",
            "전용면적(m2)":"74.79",
            "전용면적(평)":"22평",
            "법정동주소":"서울시 동대문구 용두동 253",
            "도로명주소":"서울시 동대문구 무학로 91",
            "세대수":80,
            "입주년차":100,
            "용적률점수":"--",
            "건폐율점수":"--",
            "세대당주차수":60,
            "난방방식":30,
            "공급면적":"--",
            "전용률":"--",
            "욕실수":50,
            "현관타입":100,
            "주거총점":75.0,
            "지역구공급총점":0.0,
            "역세권":50,
            "30분내 이동가능 거점":80,
            "1시간내 이동가능 거점":100,
            "교통총점":69.0,
            "백화점":100,
            "아울렛몰":80,
            "대형마트":100,
            "은행":70,
            "병원":10,
            "종합병원":100,
            "공원":80,
            "혐오시설":-100,
            "인프라총점":81.4,
            "초등학군":87.59,
            "중학군":48.22,
            "학군총점":56.094,
            "인구수":38.57,
            "인구증감":-8.31,
            "인구총점":24.506,
            "일자리":16.1,
            "소득수준":56.02,
            "일자리총점":28.076,
            "가치 총점":71.9841,
            "매매실거래년":20210519.0,
            "매매실거래가":148000.0,
            "전세실거래년":null,
            "전세실거래가":null,
            "전세가율":null,
            "장기전세가율평균":68.38,
            "전세가율거품지수":null,
            "검색코드":125111,
            "세대수":823.0,
            "준공년월":"2021-11-01",
            "준공년차":2.0,
            "가까운역이름":"신설동",
            "가까운역거리":528.45,
            "역세권여부":"준역세권",
            "30분이내주요거점역":4,
            "1시간이내주요거점역":13,
            "3km이내백화점수":1,
            "5km이내아울렛몰수":1,
            "1km이내대형먀트수":2,
            "500m이내은행수":3,
            "500m이내병원수":3,
            "5km이내대형병원수":10,
            "500m이내공원수":1,
            "3km이내혐오시설수":4,
            "초등학교학업성취도":87.59,
            "중학교학업성취도":79.3,
            "용적률":0,
            "건폐율":0,
            "Y":37.571895,
            "X":127.029274,
            "rank":7.0,
            "area_info":"22평(74.79), 24평(80.69), 24평(81.12), 24평(81.59), 29평(97.88), 32평(106.69), 32평(107.08), 40평(133.98)",
            "last_sales":"2021-05-19,148000.0,32평(107.08)"
        },
        {
            "index":35,
            "아파트명":"두산위브",
            "투자타입":"일반",
            "전용면적(m2)":"83.44",
            "전용면적(평)":"25평",
            "법정동주소":"서울시 동대문구 답십리동 998",
            "도로명주소":"서울시 동대문구 황물로15길 25",
            "세대수":50,
            "입주년차":40,
            "용적률점수":"--",
            "건폐율점수":"--",
            "세대당주차수":30,
            "난방방식":30,
            "공급면적":"--",
            "전용률":"--",
            "욕실수":100,
            "현관타입":100,
            "주거총점":53.0,
            "지역구공급총점":0.0,
            "역세권":80,
            "30분내 이동가능 거점":100,
            "1시간내 이동가능 거점":100,
            "교통총점":90.0,
            "백화점":100,
            "아울렛몰":80,
            "대형마트":0,
            "은행":70,
            "병원":80,
            "종합병원":100,
            "공원":80,
            "혐오시설":0,
            "인프라총점":75.4,
            "초등학군":84.51,
            "중학군":38.72,
            "학군총점":47.878,
            "인구수":38.57,
            "인구증감":-8.31,
            "인구총점":24.506,
            "일자리":16.1,
            "소득수준":56.02,
            "일자리총점":28.076,
            "가치 총점":71.9017,
            "매매실거래년":20211118.0,
            "매매실거래가":124500.0,
            "전세실거래년":20211224.0,
            "전세실거래가":58000.0,
            "전세가율":52.87,
            "장기전세가율평균":68.38,
            "전세가율거품지수":15.51,
            "검색코드":17426,
            "세대수":516.0,
            "준공년월":"2007-04-26",
            "준공년차":16.0,
            "가까운역이름":"답십리",
            "가까운역거리":453.23,
            "역세권여부":"역세권",
            "30분이내주요거점역":5,
            "1시간이내주요거점역":11,
            "3km이내백화점수":1,
            "5km이내아울렛몰수":1,
            "1km이내대형먀트수":0,
            "500m이내은행수":4,
            "500m이내병원수":39,
            "5km이내대형병원수":10,
            "500m이내공원수":1,
            "3km이내혐오시설수":0,
            "초등학교학업성취도":84.51,
            "중학교학업성취도":63.8,
            "용적률":209,
            "건폐율":19,
            "Y":37.566377,
            "X":127.057825,
            "rank":8.0,
            "area_info":"25평(83.44), 33평(109.58), 43평(143.85)",
            "last_sales":"2021-11-18,124500.0,33평(109.58)"
        },
        {
            "index":172,
            "아파트명":"용두두산위브",
            "투자타입":"일반",
            "전용면적(m2)":"80.47",
            "전용면적(평)":"24평",
            "법정동주소":"서울시 동대문구 용두동 791",
            "도로명주소":"서울시 동대문구 정릉천동로 16",
            "세대수":30,
            "입주년차":60,
            "용적률점수":"--",
            "건폐율점수":"--",
            "세대당주차수":60,
            "난방방식":30,
            "공급면적":"--",
            "전용률":"--",
            "욕실수":100,
            "현관타입":100,
            "주거총점":54.5,
            "지역구공급총점":0.0,
            "역세권":80,
            "30분내 이동가능 거점":80,
            "1시간내 이동가능 거점":100,
            "교통총점":84.0,
            "백화점":100,
            "아울렛몰":80,
            "대형마트":80,
            "은행":20,
            "병원":60,
            "종합병원":100,
            "공원":0,
            "혐오시설":-100,
            "인프라총점":76.0,
            "초등학군":88.39,
            "중학군":42.84,
            "학군총점":51.95,
            "인구수":38.57,
            "인구증감":-8.31,
            "인구총점":24.506,
            "일자리":16.1,
            "소득수준":56.02,
            "일자리총점":28.076,
            "가치 총점":70.8925,
            "매매실거래년":20211016.0,
            "매매실거래가":128000.0,
            "전세실거래년":20210929.0,
            "전세실거래가":46200.0,
            "전세가율":43.87,
            "장기전세가율평균":68.38,
            "전세가율거품지수":24.51,
            "검색코드":25227,
            "세대수":338.0,
            "준공년월":"2009-06-18",
            "준공년차":14.0,
            "가까운역이름":"용두",
            "가까운역거리":180.95,
            "역세권여부":"역세권",
            "30분이내주요거점역":4,
            "1시간이내주요거점역":13,
            "3km이내백화점수":1,
            "5km이내아울렛몰수":1,
            "1km이내대형먀트수":1,
            "500m이내은행수":2,
            "500m이내병원수":13,
            "5km이내대형병원수":11,
            "500m이내공원수":0,
            "3km이내혐오시설수":4,
            "초등학교학업성취도":88.39,
            "중학교학업성취도":71.4,
            "용적률":232,
            "건폐율":15,
            "Y":37.573564,
            "X":127.036123,
            "rank":9.0,
            "area_info":"24평(80.47), 33평(109.13), 33평(109.71), 33평(109.74), 40평(132.84), 40평(133.13)",
            "last_sales":"2021-10-16,128000.0,33평(109.74)"
        },
        {
            "index":438,
            "아파트명":"미주",
            "투자타입":"재건축",
            "전용면적(m2)":"92.1",
            "전용면적(평)":"27평",
            "법정동주소":"서울시 동대문구 청량리동 235-11",
            "도로명주소":"서울시 동대문구 약령시로 154",
            "세대수":90,
            "입주년차":"--",
            "용적률점수":0,
            "건폐율점수":0,
            "세대당주차수":"--",
            "난방방식":"--",
            "공급면적":70,
            "전용률":100,
            "욕실수":"--",
            "현관타입":"--",
            "주거총점":35.5,
            "지역구공급총점":0.0,
            "역세권":80,
            "30분내 이동가능 거점":80,
            "1시간내 이동가능 거점":100,
            "교통총점":84.0,
            "백화점":100,
            "아울렛몰":80,
            "대형마트":80,
            "은행":70,
            "병원":80,
            "종합병원":100,
            "공원":0,
            "혐오시설":0,
            "인프라총점":85.0,
            "초등학군":85.85,
            "중학군":45.1,
            "학군총점":53.25,
            "인구수":38.57,
            "인구증감":-8.31,
            "인구총점":24.506,
            "일자리":16.1,
            "소득수준":56.02,
            "일자리총점":28.076,
            "가치 총점":69.9875,
            "매매실거래년":20210928.0,
            "매매실거래가":140500.0,
            "전세실거래년":20211114.0,
            "전세실거래가":29400.0,
            "전세가율":26.06,
            "장기전세가율평균":68.38,
            "전세가율거품지수":42.32,
            "검색코드":349,
            "세대수":1089.0,
            "준공년월":"1978-09-27",
            "준공년차":45.0,
            "가까운역이름":"청량리",
            "가까운역거리":430.15,
            "역세권여부":"역세권",
            "30분이내주요거점역":4,
            "1시간이내주요거점역":13,
            "3km이내백화점수":1,
            "5km이내아울렛몰수":1,
            "1km이내대형먀트수":1,
            "500m이내은행수":3,
            "500m이내병원수":46,
            "5km이내대형병원수":9,
            "500m이내공원수":0,
            "3km이내혐오시설수":0,
            "초등학교학업성취도":85.85,
            "중학교학업성취도":74.3,
            "용적률":0,
            "건폐율":0,
            "Y":37.584037,
            "X":127.046495,
            "rank":10.0,
            "area_info":"27평(92.1), 27평(92.03), 28평(93.49), 28평(93.46), 32평(107.53), 32평(107.47), 32평(107.44), 32평(108.03), 33평(109.85), 33평(109.82), 33평(110.48), 33평(110.51), 40평(133.09), 40평(133.09), 40평(133.12), 40평(134.45), 40평(135.27), 41평(137.49), 44평(146.38), 44평(146.42), 44평(146.42), 46평(152.2), 46평(152.17), 49평(162.15), 49평(162.18), 49평(162.21), 51평(169.45), 54평(181.48), 54평(181.52), 54평(181.55), 57평(188.82), 57평(188.86)",
            "last_sales":"2021-09-28,140500.0,51평(169.45)"
        },
        {
            "index":146,
            "아파트명":"동대문베네스트(도시형)",
            "투자타입":"일반",
            "전용면적(m2)":"25.09",
            "전용면적(평)":"7평",
            "법정동주소":"서울시 동대문구 용두동 100-5",
            "도로명주소":"서울시 동대문구 왕산로 92",
            "세대수":0,
            "입주년차":100,
            "용적률점수":"--",
            "건폐율점수":"--",
            "세대당주차수":60,
            "난방방식":30,
            "공급면적":"--",
            "전용률":"--",
            "욕실수":50,
            "현관타입":10,
            "주거총점":38.0,
            "지역구공급총점":0.0,
            "역세권":80,
            "30분내 이동가능 거점":80,
            "1시간내 이동가능 거점":100,
            "교통총점":84.0,
            "백화점":100,
            "아울렛몰":80,
            "대형마트":80,
            "은행":70,
            "병원":60,
            "종합병원":100,
            "공원":80,
            "혐오시설":-100,
            "인프라총점":83.4,
            "초등학군":87.59,
            "중학군":43.72,
            "학군총점":52.494,
            "인구수":38.57,
            "인구증감":-8.31,
            "인구총점":24.506,
            "일자리":16.1,
            "소득수준":56.02,
            "일자리총점":28.076,
            "가치 총점":69.8941,
            "매매실거래년":20211202.0,
            "매매실거래가":25000.0,
            "전세실거래년":null,
            "전세실거래가":null,
            "전세가율":null,
            "장기전세가율평균":68.38,
            "전세가율거품지수":null,
            "검색코드":121719,
            "세대수":130.0,
            "준공년월":"2020-06-18",
            "준공년차":3.0,
            "가까운역이름":"제기동",
            "가까운역거리":120.81,
            "역세권여부":"역세권",
            "30분이내주요거점역":4,
            "1시간이내주요거점역":15,
            "3km이내백화점수":1,
            "5km이내아울렛몰수":1,
            "1km이내대형먀트수":1,
            "500m이내은행수":4,
            "500m이내병원수":29,
            "5km이내대형병원수":10,
            "500m이내공원수":1,
            "3km이내혐오시설수":4,
            "초등학교학업성취도":87.59,
            "중학교학업성취도":71.8,
            "용적률":950,
            "건폐율":57,
            "Y":37.577788,
            "X":127.033581,
            "rank":11.0,
            "area_info":"7평(25.09), 7평(25.71), 15평(50.57)",
            "last_sales":"2021-12-02,25000.0,7평(25.09)"
        },
        {
            "index":38,
            "아파트명":"래미안미드카운티",
            "투자타입":"일반",
            "전용면적(m2)":"82.37",
            "전용면적(평)":"24평",
            "법정동주소":"서울시 동대문구 답십리동 1013",
            "도로명주소":"서울시 동대문구 답십리로 141",
            "세대수":90,
            "입주년차":80,
            "용적률점수":"--",
            "건폐율점수":"--",
            "세대당주차수":30,
            "난방방식":30,
            "공급면적":"--",
            "전용률":"--",
            "욕실수":100,
            "현관타입":100,
            "주거총점":75.0,
            "지역구공급총점":0.0,
            "역세권":50,
            "30분내 이동가능 거점":60,
            "1시간내 이동가능 거점":100,
            "교통총점":63.0,
            "백화점":100,
            "아울렛몰":80,
            "대형마트":80,
            "은행":70,
            "병원":80,
            "종합병원":100,
            "공원":0,
            "혐오시설":0,
            "인프라총점":85.0,
            "초등학군":88.55,
            "중학군":38.72,
            "학군총점":48.686,
            "인구수":38.57,
            "인구증감":-8.31,
            "인구총점":24.506,
            "일자리":16.1,
            "소득수준":56.02,
            "일자리총점":28.076,
            "가치 총점":69.8529,
            "매매실거래년":20211105.0,
            "매매실거래가":149000.0,
            "전세실거래년":20220117.0,
            "전세실거래가":67000.0,
            "전세가율":52.14,
            "장기전세가율평균":68.38,
            "전세가율거품지수":16.24,
            "검색코드":111223,
            "세대수":1009.0,
            "준공년월":"2018-05-01",
            "준공년차":5.0,
            "가까운역이름":"청량리",
            "가까운역거리":957.28,
            "역세권여부":"준역세권",
            "30분이내주요거점역":3,
            "1시간이내주요거점역":11,
            "3km이내백화점수":1,
            "5km이내아울렛몰수":1,
            "1km이내대형먀트수":1,
            "500m이내은행수":3,
            "500m이내병원수":56,
            "5km이내대형병원수":9,
            "500m이내공원수":0,
            "3km이내혐오시설수":0,
            "초등학교학업성취도":88.55,
            "중학교학업성취도":63.8,
            "용적률":251,
            "건폐율":21,
            "Y":37.575166,
            "X":127.055667,
            "rank":12.0,
            "area_info":"24평(82.37), 25평(82.72), 29평(99.15), 33평(110.62), 33평(110.73), 33평(111.68), 46평(153.66)",
            "last_sales":"2021-11-05,149000.0,33평(111.68)"
        },
        {
            "index":134,
            "아파트명":"신설지웰홈스(민간임대,도시형)",
            "투자타입":"일반",
            "전용면적(m2)":"23.9",
            "전용면적(평)":"7평",
            "법정동주소":"서울시 동대문구 신설동 117-9",
            "도로명주소":"서울시 동대문구 난계로 242",
            "세대수":0,
            "입주년차":80,
            "용적률점수":"--",
            "건폐율점수":"--",
            "세대당주차수":0,
            "난방방식":30,
            "공급면적":"--",
            "전용률":"--",
            "욕실수":50,
            "현관타입":100,
            "주거총점":34.0,
            "지역구공급총점":0.0,
            "역세권":80,
            "30분내 이동가능 거점":80,
            "1시간내 이동가능 거점":100,
            "교통총점":84.0,
            "백화점":100,
            "아울렛몰":80,
            "대형마트":80,
            "은행":70,
            "병원":60,
            "종합병원":100,
            "공원":80,
            "혐오시설":-100,
            "인프라총점":83.4,
            "초등학군":87.59,
            "중학군":48.22,
            "학군총점":56.094,
            "인구수":38.57,
            "인구증감":-8.31,
            "인구총점":24.506,
            "일자리":16.1,
            "소득수준":56.02,
            "일자리총점":28.076,
            "가치 총점":69.6341,
            "매매실거래년":"18000101",
            "매매실거래가":null,
            "전세실거래년":null,
            "전세실거래가":null,
            "전세가율":null,
            "장기전세가율평균":68.38,
            "전세가율거품지수":null,
            "검색코드":118862,
            "세대수":170.0,
            "준공년월":"2017-11-30",
            "준공년차":6.0,
            "가까운역이름":"신설동",
            "가까운역거리":271.26,
            "역세권여부":"역세권",
            "30분이내주요거점역":4,
            "1시간이내주요거점역":14,
            "3km이내백화점수":1,
            "5km이내아울렛몰수":1,
            "1km이내대형먀트수":1,
            "500m이내은행수":4,
            "500m이내병원수":13,
            "5km이내대형병원수":11,
            "500m이내공원수":1,
            "3km이내혐오시설수":3,
            "초등학교학업성취도":87.59,
            "중학교학업성취도":79.3,
            "용적률":447,
            "건폐율":58,
            "Y":37.573094,
            "X":127.023765,
            "rank":13.0,
            "area_info":"7평(23.9), 9평(31.66), 10평(33.48), 13평(44.98)",
            "last_sales":"1800-01-01,nan,7평(23.9)"
        },
        {
            "index":400,
            "아파트명":"전농신성미소지움",
            "투자타입":"일반",
            "전용면적(m2)":"76.81",
            "전용면적(평)":"23평",
            "법정동주소":"서울시 동대문구 전농동 687",
            "도로명주소":"서울시 동대문구 서울시립대로 75",
            "세대수":30,
            "입주년차":40,
            "용적률점수":"--",
            "건폐율점수":"--",
            "세대당주차수":30,
            "난방방식":30,
            "공급면적":"--",
            "전용률":"--",
            "욕실수":50,
            "현관타입":10,
            "주거총점":32.0,
            "지역구공급총점":0.0,
            "역세권":80,
            "30분내 이동가능 거점":80,
            "1시간내 이동가능 거점":100,
            "교통총점":84.0,
            "백화점":100,
            "아울렛몰":80,
            "대형마트":100,
            "은행":70,
            "병원":80,
            "종합병원":100,
            "공원":0,
            "혐오시설":0,
            "인프라총점":88.0,
            "초등학군":88.55,
            "중학군":38.72,
            "학군총점":48.686,
            "인구수":38.57,
            "인구증감":-8.31,
            "인구총점":24.506,
            "일자리":16.1,
            "소득수준":56.02,
            "일자리총점":28.076,
            "가치 총점":69.5029,
            "매매실거래년":20211213.0,
            "매매실거래가":108500.0,
            "전세실거래년":20220116.0,
            "전세실거래가":56000.0,
            "전세가율":51.61,
            "장기전세가율평균":68.38,
            "전세가율거품지수":16.77,
            "검색코드":13766,
            "세대수":385.0,
            "준공년월":"2005-10-05",
            "준공년차":18.0,
            "가까운역이름":"청량리",
            "가까운역거리":238.14,
            "역세권여부":"역세권",
            "30분이내주요거점역":4,
            "1시간이내주요거점역":14,
            "3km이내백화점수":1,
            "5km이내아울렛몰수":1,
            "1km이내대형먀트수":2,
            "500m이내은행수":3,
            "500m이내병원수":49,
            "5km이내대형병원수":10,
            "500m이내공원수":0,
            "3km이내혐오시설수":0,
            "초등학교학업성취도":88.55,
            "중학교학업성취도":63.8,
            "용적률":347,
            "건폐율":27,
            "Y":37.578521,
            "X":127.048547,
            "rank":14.0,
            "area_info":"23평(76.81), 30평(99.53), 40평(132.95)",
            "last_sales":"2021-12-13,108500.0,23평(76.81)"
        },
        {
            "index":149,
            "아파트명":"동대문푸르지오시티(도시형)",
            "투자타입":"일반",
            "전용면적(m2)":"27.41",
            "전용면적(평)":"8평",
            "법정동주소":"서울시 동대문구 용두동 104-3",
            "도로명주소":"서울시 동대문구 왕산로 86",
            "세대수":0,
            "입주년차":80,
            "용적률점수":"--",
            "건폐율점수":"--",
            "세대당주차수":0,
            "난방방식":30,
            "공급면적":"--",
            "전용률":"--",
            "욕실수":50,
            "현관타입":100,
            "주거총점":34.0,
            "지역구공급총점":0.0,
            "역세권":80,
            "30분내 이동가능 거점":80,
            "1시간내 이동가능 거점":100,
            "교통총점":84.0,
            "백화점":100,
            "아울렛몰":80,
            "대형마트":80,
            "은행":70,
            "병원":60,
            "종합병원":100,
            "공원":80,
            "혐오시설":-100,
            "인프라총점":83.4,
            "초등학군":87.59,
            "중학군":43.72,
            "학군총점":52.494,
            "인구수":38.57,
            "인구증감":-8.31,
            "인구총점":24.506,
            "일자리":16.1,
            "소득수준":56.02,
            "일자리총점":28.076,
            "가치 총점":69.0941,
            "매매실거래년":20201010.0,
            "매매실거래가":41500.0,
            "전세실거래년":null,
            "전세실거래가":null,
            "전세가율":null,
            "장기전세가율평균":68.38,
            "전세가율거품지수":null,
            "검색코드":108854,
            "세대수":299.0,
            "준공년월":"2016-09-09",
            "준공년차":7.0,
            "가까운역이름":"제기동",
            "가까운역거리":192.08,
            "역세권여부":"역세권",
            "30분이내주요거점역":4,
            "1시간이내주요거점역":13,
            "3km이내백화점수":1,
            "5km이내아울렛몰수":1,
            "1km이내대형먀트수":1,
            "500m이내은행수":4,
            "500m이내병원수":18,
            "5km이내대형병원수":10,
            "500m이내공원수":1,
            "3km이내혐오시설수":4,
            "초등학교학업성취도":87.59,
            "중학교학업성취도":71.8,
            "용적률":799,
            "건폐율":49,
            "Y":37.577839,
            "X":127.032739,
            "rank":15.0,
            "area_info":"8평(27.41), 8평(27.41), 12평(42.33), 12평(42.33), 15평(51.99)",
            "last_sales":"2020-10-10,41500.0,15평(51.99)"
        },
        {
            "index":413,
            "아파트명":"안암골벽산",
            "투자타입":"일반",
            "전용면적(m2)":"81.18",
            "전용면적(평)":"24평",
            "법정동주소":"서울시 동대문구 제기동 153",
            "도로명주소":"서울시 동대문구 약령시로 25",
            "세대수":50,
            "입주년차":20,
            "용적률점수":"--",
            "건폐율점수":"--",
            "세대당주차수":60,
            "난방방식":30,
            "공급면적":"--",
            "전용률":"--",
            "욕실수":100,
            "현관타입":100,
            "주거총점":53.5,
            "지역구공급총점":0.0,
            "역세권":80,
            "30분내 이동가능 거점":80,
            "1시간내 이동가능 거점":100,
            "교통총점":84.0,
            "백화점":100,
            "아울렛몰":80,
            "대형마트":0,
            "은행":70,
            "병원":30,
            "종합병원":100,
            "공원":80,
            "혐오시설":0,
            "인프라총점":70.4,
            "초등학군":84.4,
            "중학군":43.72,
            "학군총점":51.856,
            "인구수":38.57,
            "인구증감":-8.31,
            "인구총점":24.506,
            "일자리":16.1,
            "소득수준":56.02,
            "일자리총점":28.076,
            "가치 총점":68.9984,
            "매매실거래년":20210817.0,
            "매매실거래가":102000.0,
            "전세실거래년":20211209.0,
            "전세실거래가":40950.0,
            "전세가율":55.34,
            "장기전세가율평균":68.38,
            "전세가율거품지수":13.04,
            "검색코드":3377,
            "세대수":640.0,
            "준공년월":"2003-06-13",
            "준공년차":20.0,
            "가까운역이름":"안암",
            "가까운역거리":423.65,
            "역세권여부":"역세권",
            "30분이내주요거점역":4,
            "1시간이내주요거점역":13,
            "3km이내백화점수":2,
            "5km이내아울렛몰수":1,
            "1km이내대형먀트수":0,
            "500m이내은행수":4,
            "500m이내병원수":5,
            "5km이내대형병원수":10,
            "500m이내공원수":1,
            "3km이내혐오시설수":0,
            "초등학교학업성취도":84.4,
            "중학교학업성취도":71.8,
            "용적률":299,
            "건폐율":21,
            "Y":37.583543,
            "X":127.03236,
            "rank":16.0,
            "area_info":"24평(81.18), 32평(108.75), 43평(143.6)",
            "last_sales":"2021-08-17,102000.0,43평(143.6)"
        },
        {
            "index":50,
            "아파트명":"래미안위브",
            "투자타입":"일반",
            "전용면적(m2)":"82.92",
            "전용면적(평)":"25평",
            "법정동주소":"서울시 동대문구 답십리동 1003",
            "도로명주소":"서울시 동대문구 답십리로 130",
            "세대수":100,
            "입주년차":80,
            "용적률점수":"--",
            "건폐율점수":"--",
            "세대당주차수":30,
            "난방방식":30,
            "공급면적":"--",
            "전용률":"--",
            "욕실수":100,
            "현관타입":100,
            "주거총점":78.5,
            "지역구공급총점":0.0,
            "역세권":50,
            "30분내 이동가능 거점":80,
            "1시간내 이동가능 거점":100,
            "교통총점":69.0,
            "백화점":100,
            "아울렛몰":80,
            "대형마트":0,
            "은행":70,
            "병원":80,
            "종합병원":100,
            "공원":0,
            "혐오시설":0,
            "인프라총점":73.0,
            "초등학군":84.51,
            "중학군":38.72,
            "학군총점":47.878,
            "인구수":38.57,
            "인구증감":-8.31,
            "인구총점":24.506,
            "일자리":16.1,
            "소득수준":56.02,
            "일자리총점":28.076,
            "가치 총점":68.9317,
            "매매실거래년":20211120.0,
            "매매실거래가":120000.0,
            "전세실거래년":20211120.0,
            "전세실거래가":69000.0,
            "전세가율":57.5,
            "장기전세가율평균":68.38,
            "전세가율거품지수":10.88,
            "검색코드":104202,
            "세대수":2652.0,
            "준공년월":"2014-10-13",
            "준공년차":9.0,
            "가까운역이름":"답십리",
            "가까운역거리":515.57,
            "역세권여부":"준역세권",
            "30분이내주요거점역":4,
            "1시간이내주요거점역":10,
            "3km이내백화점수":1,
            "5km이내아울렛몰수":1,
            "1km이내대형먀트수":0,
            "500m이내은행수":3,
            "500m이내병원수":37,
            "5km이내대형병원수":11,
            "500m이내공원수":0,
            "3km이내혐오시설수":0,
            "초등학교학업성취도":84.51,
            "중학교학업성취도":63.8,
            "용적률":242,
            "건폐율":22,
            "Y":37.571292,
            "X":127.053861,
            "rank":17.0,
            "area_info":"25평(82.92), 25평(84.12), 25평(85.28), 33평(109.94), 33평(109.21), 33평(111.47), 45평(150.74), 45평(150.18), 45평(151.53), 51평(170.08)",
            "last_sales":"2021-11-20,120000.0,25평(82.92)"
        },
        {
            "index":428,
            "아파트명":"이수브라운스톤",
            "투자타입":"일반",
            "전용면적(m2)":"76.65",
            "전용면적(평)":"23평",
            "법정동주소":"서울시 동대문구 제기동 252",
            "도로명주소":"서울시 동대문구 왕산로23길 89",
            "세대수":0,
            "입주년차":40,
            "용적률점수":"--",
            "건폐율점수":"--",
            "세대당주차수":30,
            "난방방식":30,
            "공급면적":"--",
            "전용률":"--",
            "욕실수":50,
            "현관타입":100,
            "주거총점":30.5,
            "지역구공급총점":0.0,
            "역세권":80,
            "30분내 이동가능 거점":80,
            "1시간내 이동가능 거점":100,
            "교통총점":84.0,
            "백화점":100,
            "아울렛몰":80,
            "대형마트":80,
            "은행":70,
            "병원":60,
            "종합병원":100,
            "공원":80,
            "혐오시설":0,
            "인프라총점":85.4,
            "초등학군":84.4,
            "중학군":43.72,
            "학군총점":51.856,
            "인구수":38.57,
            "인구증감":-8.31,
            "인구총점":24.506,
            "일자리":16.1,
            "소득수준":56.02,
            "일자리총점":28.076,
            "가치 총점":68.8984,
            "매매실거래년":20210905.0,
            "매매실거래가":104000.0,
            "전세실거래년":20191130.0,
            "전세실거래가":37000.0,
            "전세가율":45.68,
            "장기전세가율평균":68.38,
            "전세가율거품지수":22.7,
            "검색코드":10188,
            "세대수":299.0,
            "준공년월":"2005-03-14",
            "준공년차":18.0,
            "가까운역이름":"제기동",
            "가까운역거리":466.97,
            "역세권여부":"역세권",
            "30분이내주요거점역":4,
            "1시간이내주요거점역":13,
            "3km이내백화점수":2,
            "5km이내아울렛몰수":1,
            "1km이내대형먀트수":1,
            "500m이내은행수":4,
            "500m이내병원수":12,
            "5km이내대형병원수":10,
            "500m이내공원수":1,
            "3km이내혐오시설수":0,
            "초등학교학업성취도":84.4,
            "중학교학업성취도":71.8,
            "용적률":234,
            "건폐율":23,
            "Y":37.582222,
            "X":127.03386,
            "rank":18.0,
            "area_info":"23평(76.65), 31평(105.78), 32평(107.0)",
            "last_sales":"2021-09-05,104000.0,32평(107.0)"
        },
        {
            "index":168,
            "아파트명":"신동아",
            "투자타입":"일반",
            "전용면적(m2)":"61.89",
            "전용면적(평)":"18평",
            "법정동주소":"서울시 동대문구 용두동 779",
            "도로명주소":"서울시 동대문구 무학로26길 30",
            "세대수":80,
            "입주년차":0,
            "용적률점수":"--",
            "건폐율점수":"--",
            "세대당주차수":0,
            "난방방식":30,
            "공급면적":"--",
            "전용률":"--",
            "욕실수":50,
            "현관타입":10,
            "주거총점":37.0,
            "지역구공급총점":0.0,
            "역세권":80,
            "30분내 이동가능 거점":80,
            "1시간내 이동가능 거점":100,
            "교통총점":84.0,
            "백화점":100,
            "아울렛몰":80,
            "대형마트":100,
            "은행":70,
            "병원":10,
            "종합병원":100,
            "공원":0,
            "혐오시설":-100,
            "인프라총점":79.0,
            "초등학군":87.59,
            "중학군":43.72,
            "학군총점":52.494,
            "인구수":38.57,
            "인구증감":-8.31,
            "인구총점":24.506,
            "일자리":16.1,
            "소득수준":56.02,
            "일자리총점":28.076,
            "가치 총점":68.3741,
            "매매실거래년":20211130.0,
            "매매실거래가":97000.0,
            "전세실거래년":20211020.0,
            "전세실거래가":35000.0,
            "전세가율":50.43,
            "장기전세가율평균":68.38,
            "전세가율거품지수":17.95,
            "검색코드":338,
            "세대수":772.0,
            "준공년월":"1994-10-14",
            "준공년차":29.0,
            "가까운역이름":"용두",
            "가까운역거리":499.36,
            "역세권여부":"역세권",
            "30분이내주요거점역":4,
            "1시간이내주요거점역":14,
            "3km이내백화점수":1,
            "5km이내아울렛몰수":1,
            "1km이내대형먀트수":2,
            "500m이내은행수":3,
            "500m이내병원수":2,
            "5km이내대형병원수":10,
            "500m이내공원수":0,
            "3km이내혐오시설수":4,
            "초등학교학업성취도":87.59,
            "중학교학업성취도":71.8,
            "용적률":275,
            "건폐율":21,
            "Y":37.572958,
            "X":127.032588,
            "rank":19.0,
            "area_info":"18평(61.89), 21평(72.54), 26평(87.91), 31평(102.87)",
            "last_sales":"2021-11-30,97000.0,31평(102.87)"
        },
        {
            "index":473,
            "아파트명":"현대",
            "투자타입":"재건축",
            "전용면적(m2)":"87.6",
            "전용면적(평)":"26평",
            "법정동주소":"서울시 동대문구 청량리동 234-2",
            "도로명주소":"서울시 동대문구 약령시로21길 30",
            "세대수":0,
            "입주년차":"--",
            "용적률점수":60,
            "건폐율점수":0,
            "세대당주차수":"--",
            "난방방식":"--",
            "공급면적":70,
            "전용률":60,
            "욕실수":"--",
            "현관타입":"--",
            "주거총점":30.5,
            "지역구공급총점":0.0,
            "역세권":80,
            "30분내 이동가능 거점":80,
            "1시간내 이동가능 거점":100,
            "교통총점":84.0,
            "백화점":100,
            "아울렛몰":80,
            "대형마트":80,
            "은행":20,
            "병원":80,
            "종합병원":100,
            "공원":0,
            "혐오시설":0,
            "인프라총점":80.0,
            "초등학군":85.85,
            "중학군":45.1,
            "학군총점":53.25,
            "인구수":38.57,
            "인구증감":-8.31,
            "인구총점":24.506,
            "일자리":16.1,
            "소득수준":56.02,
            "일자리총점":28.076,
            "가치 총점":67.4875,
            "매매실거래년":20200210.0,
            "매매실거래가":75000.0,
            "전세실거래년":20211204.0,
            "전세실거래가":40000.0,
            "전세가율":72.73,
            "장기전세가율평균":68.38,
            "전세가율거품지수":-4.35,
            "검색코드":350,
            "세대수":241.0,
            "준공년월":"1987-06-16",
            "준공년차":36.0,
            "가까운역이름":"청량리",
            "가까운역거리":497.27,
            "역세권여부":"역세권",
            "30분이내주요거점역":4,
            "1시간이내주요거점역":13,
            "3km이내백화점수":1,
            "5km이내아울렛몰수":1,
            "1km이내대형먀트수":1,
            "500m이내은행수":2,
            "500m이내병원수":41,
            "5km이내대형병원수":9,
            "500m이내공원수":0,
            "3km이내혐오시설수":0,
            "초등학교학업성취도":85.85,
            "중학교학업성취도":74.3,
            "용적률":248,
            "건폐율":0,
            "Y":37.58462,
            "X":127.046182,
            "rank":20.0,
            "area_info":"26평(87.6), 30평(99.92), 30평(100.33), 34평(113.32), 42평(139.1), 43평(143.54), 44평(148.45)",
            "last_sales":"2020-02-10,75000.0,44평(148.45)"
        },
        {
            "index":431,
            "아파트명":"한신",
            "투자타입":"일반",
            "전용면적(m2)":"83.82",
            "전용면적(평)":"25평",
            "법정동주소":"서울시 동대문구 제기동 1212",
            "도로명주소":"서울시 동대문구 고산자로 534",
            "세대수":90,
            "입주년차":40,
            "용적률점수":"--",
            "건폐율점수":"--",
            "세대당주차수":30,
            "난방방식":30,
            "공급면적":"--",
            "전용률":"--",
            "욕실수":50,
            "현관타입":10,
            "주거총점":53.0,
            "지역구공급총점":0.0,
            "역세권":80,
            "30분내 이동가능 거점":80,
            "1시간내 이동가능 거점":100,
            "교통총점":84.0,
            "백화점":100,
            "아울렛몰":80,
            "대형마트":0,
            "은행":0,
            "병원":30,
            "종합병원":100,
            "공원":80,
            "혐오시설":0,
            "인프라총점":63.4,
            "초등학군":87.93,
            "중학군":45.1,
            "학군총점":53.666,
            "인구수":38.57,
            "인구증감":-8.31,
            "인구총점":24.506,
            "일자리":16.1,
            "소득수준":56.02,
            "일자리총점":28.076,
            "가치 총점":67.0699,
            "매매실거래년":20211015.0,
            "매매실거래가":113000.0,
            "전세실거래년":20220110.0,
            "전세실거래가":33600.0,
            "전세가율":39.53,
            "장기전세가율평균":68.38,
            "전세가율거품지수":28.85,
            "검색코드":3277,
            "세대수":1070.0,
            "준공년월":"2004-05-11",
            "준공년차":19.0,
            "가까운역이름":"고려대",
            "가까운역거리":307.77,
            "역세권여부":"역세권",
            "30분이내주요거점역":4,
            "1시간이내주요거점역":13,
            "3km이내백화점수":3,
            "5km이내아울렛몰수":1,
            "1km이내대형먀트수":0,
            "500m이내은행수":0,
            "500m이내병원수":6,
            "5km이내대형병원수":9,
            "500m이내공원수":1,
            "3km이내혐오시설수":0,
            "초등학교학업성취도":87.93,
            "중학교학업성취도":74.3,
            "용적률":300,
            "건폐율":19,
            "Y":37.589576,
            "X":127.039585,
            "rank":21.0,
            "area_info":"25평(83.82), 32평(108.07), 42평(141.84)",
            "last_sales":"2021-10-15,113000.0,42평(141.84)"
        },
        {
            "index":15,
            "아파트명":"답십리한화",
            "투자타입":"일반",
            "전용면적(m2)":"116.03",
            "전용면적(평)":"35평",
            "법정동주소":"서울시 동대문구 답십리동 994",
            "도로명주소":"서울시 동대문구 고미술로 57",
            "세대수":0,
            "입주년차":20,
            "용적률점수":"--",
            "건폐율점수":"--",
            "세대당주차수":30,
            "난방방식":30,
            "공급면적":"--",
            "전용률":"--",
            "욕실수":100,
            "현관타입":100,
            "주거총점":31.5,
            "지역구공급총점":0.0,
            "역세권":80,
            "30분내 이동가능 거점":100,
            "1시간내 이동가능 거점":100,
            "교통총점":90.0,
            "백화점":100,
            "아울렛몰":80,
            "대형마트":0,
            "은행":70,
            "병원":80,
            "종합병원":100,
            "공원":0,
            "혐오시설":0,
            "인프라총점":73.0,
            "초등학군":84.51,
            "중학군":38.72,
            "학군총점":47.878,
            "인구수":38.57,
            "인구증감":-8.31,
            "인구총점":24.506,
            "일자리":16.1,
            "소득수준":56.02,
            "일자리총점":28.076,
            "가치 총점":66.8817,
            "매매실거래년":20210819.0,
            "매매실거래가":86000.0,
            "전세실거래년":20210925.0,
            "전세실거래가":60000.0,
            "전세가율":69.77,
            "장기전세가율평균":68.38,
            "전세가율거품지수":-1.39,
            "검색코드":3372,
            "세대수":146.0,
            "준공년월":"2001-09-28",
            "준공년차":22.0,
            "가까운역이름":"답십리",
            "가까운역거리":110.8,
            "역세권여부":"역세권",
            "30분이내주요거점역":5,
            "1시간이내주요거점역":16,
            "3km이내백화점수":1,
            "5km이내아울렛몰수":1,
            "1km이내대형먀트수":0,
            "500m이내은행수":3,
            "500m이내병원수":38,
            "5km이내대형병원수":10,
            "500m이내공원수":0,
            "3km이내혐오시설수":0,
            "초등학교학업성취도":84.51,
            "중학교학업성취도":63.8,
            "용적률":451,
            "건폐율":57,
            "Y":37.566896,
            "X":127.053947,
            "rank":22.0,
            "area_info":"35평(116.03)",
            "last_sales":"2021-08-19,86000.0,35평(116.03)"
        },
        {
            "index":499,
            "아파트명":"청량리신현대",
            "투자타입":"재건축",
            "전용면적(m2)":"76.83",
            "전용면적(평)":"23평",
            "법정동주소":"서울시 동대문구 회기동 65",
            "도로명주소":"서울시 동대문구 이문로1길 21",
            "세대수":80,
            "입주년차":"--",
            "용적률점수":80,
            "건폐율점수":0,
            "세대당주차수":"--",
            "난방방식":"--",
            "공급면적":50,
            "전용률":60,
            "욕실수":"--",
            "현관타입":"--",
            "주거총점":61.5,
            "지역구공급총점":0.0,
            "역세권":80,
            "30분내 이동가능 거점":40,
            "1시간내 이동가능 거점":100,
            "교통총점":72.0,
            "백화점":100,
            "아울렛몰":80,
            "대형마트":0,
            "은행":70,
            "병원":60,
            "종합병원":100,
            "공원":0,
            "혐오시설":0,
            "인프라총점":71.0,
            "초등학군":89.41,
            "중학군":41.4,
            "학군총점":51.002,
            "인구수":38.57,
            "인구증감":-8.31,
            "인구총점":24.506,
            "일자리":16.1,
            "소득수준":56.02,
            "일자리총점":28.076,
            "가치 총점":66.4503,
            "매매실거래년":20211103.0,
            "매매실거래가":89000.0,
            "전세실거래년":20211211.0,
            "전세실거래가":29925.0,
            "전세가율":49.88,
            "장기전세가율평균":68.38,
            "전세가율거품지수":18.5,
            "검색코드":354,
            "세대수":736.0,
            "준공년월":"1989-05-26",
            "준공년차":34.0,
            "가까운역이름":"회기",
            "가까운역거리":478.46,
            "역세권여부":"역세권",
            "30분이내주요거점역":2,
            "1시간이내주요거점역":12,
            "3km이내백화점수":2,
            "5km이내아울렛몰수":1,
            "1km이내대형먀트수":0,
            "500m이내은행수":3,
            "500m이내병원수":17,
            "5km이내대형병원수":10,
            "500m이내공원수":0,
            "3km이내혐오시설수":0,
            "초등학교학업성취도":89.41,
            "중학교학업성취도":68.0,
            "용적률":204,
            "건폐율":0,
            "Y":37.589831,
            "X":127.052173,
            "rank":23.0,
            "area_info":"23평(76.83), 25평(82.8), 27평(90.12), 30평(102.23)",
            "last_sales":"2021-11-03,89000.0,30평(102.23)"
        },
        {
            "index":122,
            "아파트명":"현대썬앤빌청계(도시형)",
            "투자타입":"일반",
            "전용면적(m2)":"17.96",
            "전용면적(평)":"5평",
            "법정동주소":"서울시 동대문구 답십리동 530-15",
            "도로명주소":"서울시 동대문구 고미술로 71",
            "세대수":0,
            "입주년차":80,
            "용적률점수":"--",
            "건폐율점수":"--",
            "세대당주차수":0,
            "난방방식":30,
            "공급면적":"--",
            "전용률":"--",
            "욕실수":50,
            "현관타입":10,
            "주거총점":25.0,
            "지역구공급총점":0.0,
            "역세권":80,
            "30분내 이동가능 거점":100,
            "1시간내 이동가능 거점":100,
            "교통총점":90.0,
            "백화점":100,
            "아울렛몰":80,
            "대형마트":0,
            "은행":70,
            "병원":80,
            "종합병원":100,
            "공원":80,
            "혐오시설":0,
            "인프라총점":75.4,
            "초등학군":84.51,
            "중학군":38.72,
            "학군총점":47.878,
            "인구수":38.57,
            "인구증감":-8.31,
            "인구총점":24.506,
            "일자리":16.1,
            "소득수준":56.02,
            "일자리총점":28.076,
            "가치 총점":66.3017,
            "매매실거래년":20211220.0,
            "매매실거래가":15000.0,
            "전세실거래년":20211008.0,
            "전세실거래가":12600.0,
            "전세가율":105.88,
            "장기전세가율평균":68.38,
            "전세가율거품지수":-37.5,
            "검색코드":111044,
            "세대수":269.0,
            "준공년월":"2016-12-22",
            "준공년차":7.0,
            "가까운역이름":"답십리",
            "가까운역거리":226.12,
            "역세권여부":"역세권",
            "30분이내주요거점역":5,
            "1시간이내주요거점역":15,
            "3km이내백화점수":1,
            "5km이내아울렛몰수":1,
            "1km이내대형먀트수":0,
            "500m이내은행수":4,
            "500m이내병원수":38,
            "5km이내대형병원수":10,
            "500m이내공원수":1,
            "3km이내혐오시설수":0,
            "초등학교학업성취도":84.51,
            "중학교학업성취도":63.8,
            "용적률":619,
            "건폐율":59,
            "Y":37.566167,
            "X":127.055163,
            "rank":24.0,
            "area_info":"5평(17.96), 5평(18.73), 5평(18.6), 6평(23.09), 7평(23.23), 8평(29.72)",
            "last_sales":"2021-12-20,15000.0,6평(23.09)"
        },
        {
            "index":557,
            "아파트명":"휘경SK뷰",
            "투자타입":"일반",
            "전용면적(m2)":"81.42",
            "전용면적(평)":"24평",
            "법정동주소":"서울시 동대문구 휘경동 372",
            "도로명주소":"서울시 동대문구 휘경로 60",
            "세대수":90,
            "입주년차":100,
            "용적률점수":"--",
            "건폐율점수":"--",
            "세대당주차수":30,
            "난방방식":30,
            "공급면적":"--",
            "전용률":"--",
            "욕실수":100,
            "현관타입":100,
            "주거총점":79.0,
            "지역구공급총점":0.0,
            "역세권":80,
            "30분내 이동가능 거점":40,
            "1시간내 이동가능 거점":100,
            "교통총점":72.0,
            "백화점":100,
            "아울렛몰":0,
            "대형마트":0,
            "은행":0,
            "병원":60,
            "종합병원":100,
            "공원":80,
            "혐오시설":0,
            "인프라총점":58.4,
            "초등학군":89.18,
            "중학군":40.14,
            "학군총점":49.948,
            "인구수":38.57,
            "인구증감":-8.31,
            "인구총점":24.506,
            "일자리":16.1,
            "소득수준":56.02,
            "일자리총점":28.076,
            "가치 총점":66.0122,
            "매매실거래년":20211019.0,
            "매매실거래가":114500.0,
            "전세실거래년":20211201.0,
            "전세실거래가":44100.0,
            "전세가율":38.52,
            "장기전세가율평균":68.38,
            "전세가율거품지수":29.86,
            "검색코드":112482,
            "세대수":900.0,
            "준공년월":"2019-06-18",
            "준공년차":4.0,
            "가까운역이름":"외대앞",
            "가까운역거리":352.93,
            "역세권여부":"역세권",
            "30분이내주요거점역":2,
            "1시간이내주요거점역":12,
            "3km이내백화점수":1,
            "5km이내아울렛몰수":0,
            "1km이내대형먀트수":0,
            "500m이내은행수":1,
            "500m이내병원수":20,
            "5km이내대형병원수":11,
            "500m이내공원수":1,
            "3km이내혐오시설수":0,
            "초등학교학업성취도":89.18,
            "중학교학업성취도":65.3,
            "용적률":297,
            "건폐율":21,
            "Y":37.59362,
            "X":127.066091,
            "rank":25.0,
            "area_info":"24평(81.42), 24평(81.37), 24평(81.43), 34평(113.53), 34평(113.53), 34평(113.63), 34평(114.73), 34평(114.96), 38평(128.89), 40평(135.45)",
            "last_sales":"2021-10-19,114500.0,24평(81.42)"
        },
        {
            "index":434,
            "아파트명":"현대",
            "투자타입":"일반",
            "전용면적(m2)":"85.97",
            "전용면적(평)":"26평",
            "법정동주소":"서울시 동대문구 제기동 892-66",
            "도로명주소":"서울시 동대문구 정릉천동로 90",
            "세대수":0,
            "입주년차":20,
            "용적률점수":"--",
            "건폐율점수":"--",
            "세대당주차수":30,
            "난방방식":30,
            "공급면적":"--",
            "전용률":"--",
            "욕실수":50,
            "현관타입":10,
            "주거총점":17.5,
            "지역구공급총점":0.0,
            "역세권":80,
            "30분내 이동가능 거점":80,
            "1시간내 이동가능 거점":100,
            "교통총점":84.0,
            "백화점":100,
            "아울렛몰":80,
            "대형마트":80,
            "은행":70,
            "병원":60,
            "종합병원":100,
            "공원":80,
            "혐오시설":-50,
            "인프라총점":84.4,
            "초등학군":84.4,
            "중학군":43.72,
            "학군총점":51.856,
            "인구수":38.57,
            "인구증감":-8.31,
            "인구총점":24.506,
            "일자리":16.1,
            "소득수준":56.02,
            "일자리총점":28.076,
            "가치 총점":65.9984,
            "매매실거래년":20210616.0,
            "매매실거래가":97000.0,
            "전세실거래년":20210703.0,
            "전세실거래가":34650.0,
            "전세가율":47.01,
            "장기전세가율평균":68.38,
            "전세가율거품지수":21.37,
            "검색코드":1127,
            "세대수":261.0,
            "준공년월":"1999-11-13",
            "준공년차":24.0,
            "가까운역이름":"제기동",
            "가까운역거리":223.17,
            "역세권여부":"역세권",
            "30분이내주요거점역":4,
            "1시간이내주요거점역":15,
            "3km이내백화점수":1,
            "5km이내아울렛몰수":1,
            "1km이내대형먀트수":1,
            "500m이내은행수":4,
            "500m이내병원수":23,
            "5km이내대형병원수":10,
            "500m이내공원수":1,
            "3km이내혐오시설수":1,
            "초등학교학업성취도":84.4,
            "중학교학업성취도":71.8,
            "용적률":323,
            "건폐율":20,
            "Y":37.579976,
            "X":127.035803,
            "rank":26.0,
            "area_info":"26평(85.97), 33평(110.1), 33평(110.07), 35평(118.75)",
            "last_sales":"2021-06-16,97000.0,35평(118.75)"
        },
        {
            "index":495,
            "아파트명":"민족통일MJ캠퍼스경희대2차",
            "투자타입":"일반",
            "전용면적(m2)":"20.66",
            "전용면적(평)":"6평",
            "법정동주소":"서울시 동대문구 회기동 65-39",
            "도로명주소":"서울시 동대문구 이문로 7",
            "세대수":0,
            "입주년차":100,
            "용적률점수":"--",
            "건폐율점수":"--",
            "세대당주차수":0,
            "난방방식":30,
            "공급면적":"--",
            "전용률":"--",
            "욕실수":50,
            "현관타입":100,
            "주거총점":38.0,
            "지역구공급총점":0.0,
            "역세권":80,
            "30분내 이동가능 거점":80,
            "1시간내 이동가능 거점":100,
            "교통총점":84.0,
            "백화점":100,
            "아울렛몰":80,
            "대형마트":0,
            "은행":70,
            "병원":60,
            "종합병원":100,
            "공원":0,
            "혐오시설":0,
            "인프라총점":71.0,
            "초등학군":89.41,
            "중학군":41.4,
            "학군총점":51.002,
            "인구수":38.57,
            "인구증감":-8.31,
            "인구총점":24.506,
            "일자리":16.1,
            "소득수준":56.02,
            "일자리총점":28.076,
            "가치 총점":65.9503,
            "매매실거래년":20210501.0,
            "매매실거래가":34690.0,
            "전세실거래년":20210717.0,
            "전세실거래가":22000.0,
            "전세가율":88.0,
            "장기전세가율평균":68.38,
            "전세가율거품지수":-19.62,
            "검색코드":139744,
            "세대수":132.0,
            "준공년월":"2021-03-02",
            "준공년차":2.0,
            "가까운역이름":"회기",
            "가까운역거리":320.43,
            "역세권여부":"역세권",
            "30분이내주요거점역":4,
            "1시간이내주요거점역":13,
            "3km이내백화점수":1,
            "5km이내아울렛몰수":1,
            "1km이내대형먀트수":0,
            "500m이내은행수":3,
            "500m이내병원수":17,
            "5km이내대형병원수":10,
            "500m이내공원수":0,
            "3km이내혐오시설수":0,
            "초등학교학업성취도":89.41,
            "중학교학업성취도":68.0,
            "용적률":500,
            "건폐율":59,
            "Y":37.588919,
            "X":127.054011,
            "rank":27.0,
            "area_info":"6평(20.66), 8평(26.98), 7평(26.43), 9평(30.27)",
            "last_sales":"2021-05-01,34690.0,8평(26.98)"
        },
        {
            "index":556,
            "아파트명":"캠퍼스드림(도시형)",
            "투자타입":"일반",
            "전용면적(m2)":"23.19",
            "전용면적(평)":"7평",
            "법정동주소":"서울시 동대문구 휘경동 336-32",
            "도로명주소":"서울시 동대문구 이문로 10",
            "세대수":0,
            "입주년차":100,
            "용적률점수":"--",
            "건폐율점수":"--",
            "세대당주차수":0,
            "난방방식":30,
            "공급면적":"--",
            "전용률":"--",
            "욕실수":50,
            "현관타입":100,
            "주거총점":38.0,
            "지역구공급총점":0.0,
            "역세권":80,
            "30분내 이동가능 거점":80,
            "1시간내 이동가능 거점":100,
            "교통총점":84.0,
            "백화점":100,
            "아울렛몰":80,
            "대형마트":0,
            "은행":70,
            "병원":60,
            "종합병원":100,
            "공원":0,
            "혐오시설":0,
            "인프라총점":71.0,
            "초등학군":89.41,
            "중학군":41.4,
            "학군총점":51.002,
            "인구수":38.57,
            "인구증감":-8.31,
            "인구총점":24.506,
            "일자리":16.1,
            "소득수준":56.02,
            "일자리총점":28.076,
            "가치 총점":65.9503,
            "매매실거래년":"18000101",
            "매매실거래가":null,
            "전세실거래년":null,
            "전세실거래가":null,
            "전세가율":null,
            "장기전세가율평균":68.38,
            "전세가율거품지수":null,
            "검색코드":128560,
            "세대수":148.0,
            "준공년월":"2020-01-16",
            "준공년차":3.0,
            "가까운역이름":"회기",
            "가까운역거리":267.49,
            "역세권여부":"역세권",
            "30분이내주요거점역":4,
            "1시간이내주요거점역":13,
            "3km이내백화점수":1,
            "5km이내아울렛몰수":1,
            "1km이내대형먀트수":0,
            "500m이내은행수":3,
            "500m이내병원수":18,
            "5km이내대형병원수":10,
            "500m이내공원수":0,
            "3km이내혐오시설수":0,
            "초등학교학업성취도":89.41,
            "중학교학업성취도":68.0,
            "용적률":589,
            "건폐율":58,
            "Y":37.588759,
            "X":127.054679,
            "rank":27.0,
            "area_info":"7평(23.19)",
            "last_sales":"1800-01-01,nan,7평(23.19)"
        },
        {
            "index":487,
            "아파트명":"민족통일MJ캠퍼스경희대",
            "투자타입":"일반",
            "전용면적(m2)":"26.47",
            "전용면적(평)":"8평",
            "법정동주소":"서울시 동대문구 회기동 67-3",
            "도로명주소":"서울시 동대문구 이문로 3",
            "세대수":0,
            "입주년차":80,
            "용적률점수":"--",
            "건폐율점수":"--",
            "세대당주차수":0,
            "난방방식":30,
            "공급면적":"--",
            "전용률":"--",
            "욕실수":50,
            "현관타입":10,
            "주거총점":25.0,
            "지역구공급총점":0.0,
            "역세권":80,
            "30분내 이동가능 거점":80,
            "1시간내 이동가능 거점":100,
            "교통총점":84.0,
            "백화점":100,
            "아울렛몰":80,
            "대형마트":80,
            "은행":20,
            "병원":60,
            "종합병원":100,
            "공원":0,
            "혐오시설":0,
            "인프라총점":78.0,
            "초등학군":89.41,
            "중학군":41.4,
            "학군총점":51.002,
            "인구수":38.57,
            "인구증감":-8.31,
            "인구총점":24.506,
            "일자리":16.1,
            "소득수준":56.02,
            "일자리총점":28.076,
            "가치 총점":65.4503,
            "매매실거래년":20180525.0,
            "매매실거래가":28000.0,
            "전세실거래년":20200829.0,
            "전세실거래가":20000.0,
            "전세가율":100.0,
            "장기전세가율평균":68.38,
            "전세가율거품지수":-31.62,
            "검색코드":117771,
            "세대수":110.0,
            "준공년월":"2017-07-31",
            "준공년차":6.0,
            "가까운역이름":"회기",
            "가까운역거리":354.68,
            "역세권여부":"역세권",
            "30분이내주요거점역":4,
            "1시간이내주요거점역":13,
            "3km이내백화점수":1,
            "5km이내아울렛몰수":1,
            "1km이내대형먀트수":1,
            "500m이내은행수":2,
            "500m이내병원수":17,
            "5km이내대형병원수":10,
            "500m이내공원수":0,
            "3km이내혐오시설수":0,
            "초등학교학업성취도":89.41,
            "중학교학업성취도":68.0,
            "용적률":698,
            "건폐율":58,
            "Y":37.588628,
            "X":127.053697,
            "rank":28.0,
            "area_info":"8평(26.47), 8평(26.9), 8평(27.29), 9평(30.63), 9평(30.84), 9평(30.75), 11평(36.56), 11평(37.13)",
            "last_sales":"2018-05-25,28000.0,11평(37.13)"
        },
        {
            "index":408,
            "아파트명":"경동미주",
            "투자타입":"재건축",
            "전용면적(m2)":"90.91",
            "전용면적(평)":"27평",
            "법정동주소":"서울시 동대문구 제기동 892-68",
            "도로명주소":"서울시 동대문구 정릉천동로 80",
            "세대수":0,
            "입주년차":"--",
            "용적률점수":0,
            "건폐율점수":0,
            "세대당주차수":"--",
            "난방방식":"--",
            "공급면적":70,
            "전용률":60,
            "욕실수":"--",
            "현관타입":"--",
            "주거총점":6.5,
            "지역구공급총점":0.0,
            "역세권":80,
            "30분내 이동가능 거점":80,
            "1시간내 이동가능 거점":100,
            "교통총점":84.0,
            "백화점":100,
            "아울렛몰":80,
            "대형마트":80,
            "은행":100,
            "병원":80,
            "종합병원":100,
            "공원":80,
            "혐오시설":-50,
            "인프라총점":89.4,
            "초등학군":84.4,
            "중학군":43.72,
            "학군총점":51.856,
            "인구수":38.57,
            "인구증감":-8.31,
            "인구총점":24.506,
            "일자리":16.1,
            "소득수준":56.02,
            "일자리총점":28.076,
            "가치 총점":65.2984,
            "매매실거래년":20210821.0,
            "매매실거래가":97000.0,
            "전세실거래년":20210329.0,
            "전세실거래가":27500.0,
            "전세가율":34.38,
            "장기전세가율평균":68.38,
            "전세가율거품지수":34.0,
            "검색코드":931,
            "세대수":228.0,
            "준공년월":"1977-06-30",
            "준공년차":46.0,
            "가까운역이름":"제기동",
            "가까운역거리":137.28,
            "역세권여부":"역세권",
            "30분이내주요거점역":4,
            "1시간이내주요거점역":16,
            "3km이내백화점수":1,
            "5km이내아울렛몰수":1,
            "1km이내대형먀트수":1,
            "500m이내은행수":5,
            "500m이내병원수":32,
            "5km이내대형병원수":10,
            "500m이내공원수":1,
            "3km이내혐오시설수":1,
            "초등학교학업성취도":84.4,
            "중학교학업성취도":71.8,
            "용적률":0,
            "건폐율":0,
            "Y":37.57924,
            "X":127.0355,
            "rank":29.0,
            "area_info":"27평(90.91), 38평(127.9), 38평(127.9), 38평(128.2), 38평(128.39)",
            "last_sales":"2021-08-21,97000.0,38평(127.9)"
        },
        {
            "index":261,
            "아파트명":"일성트루엘",
            "투자타입":"일반",
            "전용면적(m2)":"74.37",
            "전용면적(평)":"22평",
            "법정동주소":"서울시 동대문구 장안동 581",
            "도로명주소":"서울시 동대문구 천호대로83길 71-7",
            "세대수":0,
            "입주년차":60,
            "용적률점수":"--",
            "건폐율점수":"--",
            "세대당주차수":30,
            "난방방식":30,
            "공급면적":"--",
            "전용률":"--",
            "욕실수":50,
            "현관타입":100,
            "주거총점":34.5,
            "지역구공급총점":0.0,
            "역세권":80,
            "30분내 이동가능 거점":80,
            "1시간내 이동가능 거점":100,
            "교통총점":84.0,
            "백화점":100,
            "아울렛몰":0,
            "대형마트":0,
            "은행":100,
            "병원":80,
            "종합병원":100,
            "공원":100,
            "혐오시설":0,
            "인프라총점":71.0,
            "초등학군":90.34,
            "중학군":40.12,
            "학군총점":50.164,
            "인구수":38.57,
            "인구증감":-8.31,
            "인구총점":24.506,
            "일자리":16.1,
            "소득수준":56.02,
            "일자리총점":28.076,
            "가치 총점":65.1246,
            "매매실거래년":20210426.0,
            "매매실거래가":78000.0,
            "전세실거래년":20210924.0,
            "전세실거래가":16210.0,
            "전세가율":null,
            "장기전세가율평균":68.38,
            "전세가율거품지수":null,
            "검색코드":102714,
            "세대수":116.0,
            "준공년월":"2012-07-26",
            "준공년차":11.0,
            "가까운역이름":"장한평",
            "가까운역거리":434.86,
            "역세권여부":"역세권",
            "30분이내주요거점역":4,
            "1시간이내주요거점역":12,
            "3km이내백화점수":2,
            "5km이내아울렛몰수":0,
            "1km이내대형먀트수":0,
            "500m이내은행수":6,
            "500m이내병원수":34,
            "5km이내대형병원수":9,
            "500m이내공원수":3,
            "3km이내혐오시설수":0,
            "초등학교학업성취도":90.34,
            "중학교학업성취도":66.2,
            "용적률":239,
            "건폐율":29,
            "Y":37.565302,
            "X":127.0654,
            "rank":30.0,
            "area_info":"22평(74.37), 22평(75.27), 31평(105.1), 31평(105.68), 31평(105.42)",
            "last_sales":"2021-04-26,78000.0,31평(105.42)"
        },
        {
            "index":518,
            "아파트명":"회기힐스테이트",
            "투자타입":"일반",
            "전용면적(m2)":"107.6",
            "전용면적(평)":"32평",
            "법정동주소":"서울시 동대문구 회기동 351",
            "도로명주소":"서울시 동대문구 회기로26길 15",
            "세대수":0,
            "입주년차":60,
            "용적률점수":"--",
            "건폐율점수":"--",
            "세대당주차수":60,
            "난방방식":30,
            "공급면적":"--",
            "전용률":"--",
            "욕실수":100,
            "현관타입":100,
            "주거총점":44.0,
            "지역구공급총점":0.0,
            "역세권":80,
            "30분내 이동가능 거점":60,
            "1시간내 이동가능 거점":100,
            "교통총점":78.0,
            "백화점":100,
            "아울렛몰":80,
            "대형마트":0,
            "은행":70,
            "병원":60,
            "종합병원":100,
            "공원":0,
            "혐오시설":0,
            "인프라총점":71.0,
            "초등학군":89.41,
            "중학군":41.4,
            "학군총점":51.002,
            "인구수":38.57,
            "인구증감":-8.31,
            "인구총점":24.506,
            "일자리":16.1,
            "소득수준":56.02,
            "일자리총점":28.076,
            "가치 총점":65.0503,
            "매매실거래년":20210930.0,
            "매매실거래가":106000.0,
            "전세실거래년":20220101.0,
            "전세실거래가":80000.0,
            "전세가율":75.47,
            "장기전세가율평균":68.38,
            "전세가율거품지수":-7.09,
            "검색코드":101315,
            "세대수":190.0,
            "준공년월":"2011-12-20",
            "준공년차":12.0,
            "가까운역이름":"회기",
            "가까운역거리":393.93,
            "역세권여부":"역세권",
            "30분이내주요거점역":3,
            "1시간이내주요거점역":13,
            "3km이내백화점수":2,
            "5km이내아울렛몰수":1,
            "1km이내대형먀트수":0,
            "500m이내은행수":4,
            "500m이내병원수":15,
            "5km이내대형병원수":11,
            "500m이내공원수":0,
            "3km이내혐오시설수":0,
            "초등학교학업성취도":89.41,
            "중학교학업성취도":68.0,
            "용적률":192,
            "건폐율":26,
            "Y":37.590579,
            "X":127.053341,
            "rank":31.0,
            "area_info":"32평(107.6), 32평(107.69), 45평(151.52)",
            "last_sales":"2021-09-30,106000.0,32평(107.6)"
        },
        {
            "index":98,
            "아파트명":"청계푸르지오시티(도시형)",
            "투자타입":"일반",
            "전용면적(m2)":"26.23",
            "전용면적(평)":"7평",
            "법정동주소":"서울시 동대문구 답십리동 497-23",
            "도로명주소":"서울시 동대문구 천호대로 257",
            "세대수":0,
            "입주년차":80,
            "용적률점수":"--",
            "건폐율점수":"--",
            "세대당주차수":0,
            "난방방식":30,
            "공급면적":"--",
            "전용률":"--",
            "욕실수":50,
            "현관타입":10,
            "주거총점":25.0,
            "지역구공급총점":0.0,
            "역세권":80,
            "30분내 이동가능 거점":100,
            "1시간내 이동가능 거점":100,
            "교통총점":90.0,
            "백화점":100,
            "아울렛몰":80,
            "대형마트":0,
            "은행":70,
            "병원":60,
            "종합병원":100,
            "공원":0,
            "혐오시설":0,
            "인프라총점":71.0,
            "초등학군":84.51,
            "중학군":38.72,
            "학군총점":47.878,
            "인구수":38.57,
            "인구증감":-8.31,
            "인구총점":24.506,
            "일자리":16.1,
            "소득수준":56.02,
            "일자리총점":28.076,
            "가치 총점":64.9817,
            "매매실거래년":20211214.0,
            "매매실거래가":14700.0,
            "전세실거래년":20211126.0,
            "전세실거래가":14000.0,
            "전세가율":95.24,
            "장기전세가율평균":68.38,
            "전세가율거품지수":-26.86,
            "검색코드":105744,
            "세대수":298.0,
            "준공년월":"2015-02-17",
            "준공년차":8.0,
            "가까운역이름":"답십리",
            "가까운역거리":329.23,
            "역세권여부":"역세권",
            "30분이내주요거점역":5,
            "1시간이내주요거점역":15,
            "3km이내백화점수":1,
            "5km이내아울렛몰수":1,
            "1km이내대형먀트수":0,
            "500m이내은행수":3,
            "500m이내병원수":18,
            "5km이내대형병원수":11,
            "500m이내공원수":0,
            "3km이내혐오시설수":0,
            "초등학교학업성취도":84.51,
            "중학교학업성취도":63.8,
            "용적률":325,
            "건폐율":27,
            "Y":37.569157,
            "X":127.050534,
            "rank":32.0,
            "area_info":"7평(26.23), 7평(26.23), 7평(26.23), 12평(42.17), 12평(42.17), 12평(42.17), 12평(42.17)",
            "last_sales":"2021-12-14,14700.0,7평(26.23)"
        },
        {
            "index":60,
            "아파트명":"보광타워(도시형)",
            "투자타입":"일반",
            "전용면적(m2)":"25.28",
            "전용면적(평)":"7평",
            "법정동주소":"서울시 동대문구 답십리동 530-4",
            "도로명주소":"서울시 동대문구 황물로 90",
            "세대수":0,
            "입주년차":100,
            "용적률점수":"--",
            "건폐율점수":"--",
            "세대당주차수":0,
            "난방방식":30,
            "공급면적":"--",
            "전용률":"--",
            "욕실수":50,
            "현관타입":10,
            "주거총점":29.0,
            "지역구공급총점":0.0,
            "역세권":80,
            "30분내 이동가능 거점":100,
            "1시간내 이동가능 거점":100,
            "교통총점":90.0,
            "백화점":100,
            "아울렛몰":80,
            "대형마트":0,
            "은행":20,
            "병원":60,
            "종합병원":100,
            "공원":0,
            "혐오시설":0,
            "인프라총점":66.0,
            "초등학군":84.51,
            "중학군":38.72,
            "학군총점":47.878,
            "인구수":38.57,
            "인구증감":-8.31,
            "인구총점":24.506,
            "일자리":16.1,
            "소득수준":56.02,
            "일자리총점":28.076,
            "가치 총점":64.2817,
            "매매실거래년":20220108.0,
            "매매실거래가":23500.0,
            "전세실거래년":20220105.0,
            "전세실거래가":13100.0,
            "전세가율":97.04,
            "장기전세가율평균":68.38,
            "전세가율거품지수":-28.66,
            "검색코드":116669,
            "세대수":160.0,
            "준공년월":"2019-04-05",
            "준공년차":4.0,
            "가까운역이름":"신답",
            "가까운역거리":324.71,
            "역세권여부":"역세권",
            "30분이내주요거점역":5,
            "1시간이내주요거점역":14,
            "3km이내백화점수":1,
            "5km이내아울렛몰수":1,
            "1km이내대형먀트수":0,
            "500m이내은행수":2,
            "500m이내병원수":12,
            "5km이내대형병원수":11,
            "500m이내공원수":0,
            "3km이내혐오시설수":0,
            "초등학교학업성취도":84.51,
            "중학교학업성취도":63.8,
            "용적률":718,
            "건폐율":59,
            "Y":37.570375,
            "X":127.050141,
            "rank":33.0,
            "area_info":"7평(25.28), 8평(27.67), 11평(38.78), 11평(38.45), 12평(40.95), 12평(41.84)",
            "last_sales":"2022-01-08,23500.0,12평(41.84)"
        },
        {
            "index":91,
            "아파트명":"청계벽산메가트리움",
            "투자타입":"일반",
            "전용면적(m2)":"83.06",
            "전용면적(평)":"25평",
            "법정동주소":"서울시 동대문구 답십리동 999",
            "도로명주소":"서울시 동대문구 천호대로 241",
            "세대수":0,
            "입주년차":40,
            "용적률점수":"--",
            "건폐율점수":"--",
            "세대당주차수":0,
            "난방방식":30,
            "공급면적":"--",
            "전용률":"--",
            "욕실수":100,
            "현관타입":100,
            "주거총점":31.0,
            "지역구공급총점":0.0,
            "역세권":80,
            "30분내 이동가능 거점":100,
            "1시간내 이동가능 거점":100,
            "교통총점":90.0,
            "백화점":100,
            "아울렛몰":80,
            "대형마트":0,
            "은행":0,
            "병원":60,
            "종합병원":100,
            "공원":0,
            "혐오시설":0,
            "인프라총점":64.0,
            "초등학군":84.51,
            "중학군":38.72,
            "학군총점":47.878,
            "인구수":38.57,
            "인구증감":-8.31,
            "인구총점":24.506,
            "일자리":16.1,
            "소득수준":56.02,
            "일자리총점":28.076,
            "가치 총점":64.0817,
            "매매실거래년":20210707.0,
            "매매실거래가":86000.0,
            "전세실거래년":20210814.0,
            "전세실거래가":47000.0,
            "전세가율":54.65,
            "장기전세가율평균":68.38,
            "전세가율거품지수":13.73,
            "검색코드":16649,
            "세대수":114.0,
            "준공년월":"2006-09-25",
            "준공년차":17.0,
            "가까운역이름":"신답",
            "가까운역거리":282.38,
            "역세권여부":"역세권",
            "30분이내주요거점역":5,
            "1시간이내주요거점역":15,
            "3km이내백화점수":1,
            "5km이내아울렛몰수":1,
            "1km이내대형먀트수":0,
            "500m이내은행수":1,
            "500m이내병원수":12,
            "5km이내대형병원수":11,
            "500m이내공원수":0,
            "3km이내혐오시설수":0,
            "초등학교학업성취도":84.51,
            "중학교학업성취도":63.8,
            "용적률":589,
            "건폐율":50,
            "Y":37.570042,
            "X":127.049685,
            "rank":34.0,
            "area_info":"25평(83.06), 35평(116.04)",
            "last_sales":"2021-07-07,86000.0,25평(83.06)"
        },
        {
            "index":383,
            "아파트명":"래미안크레시티",
            "투자타입":"일반",
            "전용면적(m2)":"84.73",
            "전용면적(평)":"25평",
            "법정동주소":"서울시 동대문구 전농동 690",
            "도로명주소":"서울시 동대문구 사가정로 65",
            "세대수":100,
            "입주년차":60,
            "용적률점수":"--",
            "건폐율점수":"--",
            "세대당주차수":30,
            "난방방식":30,
            "공급면적":"--",
            "전용률":"--",
            "욕실수":100,
            "현관타입":100,
            "주거총점":74.5,
            "지역구공급총점":0.0,
            "역세권":50,
            "30분내 이동가능 거점":20,
            "1시간내 이동가능 거점":100,
            "교통총점":51.0,
            "백화점":100,
            "아울렛몰":80,
            "대형마트":80,
            "은행":20,
            "병원":60,
            "종합병원":100,
            "공원":0,
            "혐오시설":0,
            "인프라총점":78.0,
            "초등학군":88.55,
            "중학군":38.72,
            "학군총점":48.686,
            "인구수":38.57,
            "인구증감":-8.31,
            "인구총점":24.506,
            "일자리":16.1,
            "소득수준":56.02,
            "일자리총점":28.076,
            "가치 총점":63.4529,
            "매매실거래년":20210927.0,
            "매매실거래가":170000.0,
            "전세실거래년":null,
            "전세실거래가":null,
            "전세가율":null,
            "장기전세가율평균":68.38,
            "전세가율거품지수":null,
            "검색코드":103797,
            "세대수":2397.0,
            "준공년월":"2013-04-01",
            "준공년차":10.0,
            "가까운역이름":"청량리",
            "가까운역거리":651.3,
            "역세권여부":"준역세권",
            "30분이내주요거점역":1,
            "1시간이내주요거점역":10,
            "3km이내백화점수":1,
            "5km이내아울렛몰수":1,
            "1km이내대형먀트수":1,
            "500m이내은행수":2,
            "500m이내병원수":27,
            "5km이내대형병원수":10,
            "500m이내공원수":0,
            "3km이내혐오시설수":0,
            "초등학교학업성취도":88.55,
            "중학교학업성취도":63.8,
            "용적률":235,
            "건폐율":22,
            "Y":37.5771,
            "X":127.053123,
            "rank":35.0,
            "area_info":"25평(84.73), 25평(85.09), 25평(85.85), 34평(112.53), 34평(112.64), 34평(113.41), 46평(153.44), 46평(153.28), 46평(154.17)",
            "last_sales":"2021-09-27,170000.0,46평(154.17)"
        },
        {
            "index":76,
            "아파트명":"센시티16(도시형)",
            "투자타입":"일반",
            "전용면적(m2)":"27.3",
            "전용면적(평)":"8평",
            "법정동주소":"서울시 동대문구 답십리동 488-18",
            "도로명주소":"서울시 동대문구 전농로 16",
            "세대수":0,
            "입주년차":60,
            "용적률점수":"--",
            "건폐율점수":"--",
            "세대당주차수":0,
            "난방방식":30,
            "공급면적":"--",
            "전용률":"--",
            "욕실수":50,
            "현관타입":10,
            "주거총점":21.0,
            "지역구공급총점":0.0,
            "역세권":80,
            "30분내 이동가능 거점":80,
            "1시간내 이동가능 거점":100,
            "교통총점":84.0,
            "백화점":100,
            "아울렛몰":80,
            "대형마트":0,
            "은행":70,
            "병원":80,
            "종합병원":100,
            "공원":80,
            "혐오시설":0,
            "인프라총점":75.4,
            "초등학군":84.51,
            "중학군":38.72,
            "학군총점":47.878,
            "인구수":38.57,
            "인구증감":-8.31,
            "인구총점":24.506,
            "일자리":16.1,
            "소득수준":56.02,
            "일자리총점":28.076,
            "가치 총점":63.4017,
            "매매실거래년":20211106.0,
            "매매실거래가":11500.0,
            "전세실거래년":20211124.0,
            "전세실거래가":10000.0,
            "전세가율":86.96,
            "장기전세가율평균":68.38,
            "전세가율거품지수":-18.58,
            "검색코드":105940,
            "세대수":243.0,
            "준공년월":"2013-08-09",
            "준공년차":10.0,
            "가까운역이름":"답십리",
            "가까운역거리":323.88,
            "역세권여부":"역세권",
            "30분이내주요거점역":4,
            "1시간이내주요거점역":13,
            "3km이내백화점수":1,
            "5km이내아울렛몰수":1,
            "1km이내대형먀트수":0,
            "500m이내은행수":4,
            "500m이내병원수":43,
            "5km이내대형병원수":10,
            "500m이내공원수":1,
            "3km이내혐오시설수":0,
            "초등학교학업성취도":84.51,
            "중학교학업성취도":63.8,
            "용적률":394,
            "건폐율":50,
            "Y":37.566284,
            "X":127.056332,
            "rank":36.0,
            "area_info":"8평(27.3), 11평(38.73), 12평(42.24), 25평(84.16)",
            "last_sales":"2021-11-06,11500.0,8평(27.3)"
        },
        {
            "index":538,
            "아파트명":"이문휘경지웰에스테이트(도시형)",
            "투자타입":"일반",
            "전용면적(m2)":"25.54",
            "전용면적(평)":"7평",
            "법정동주소":"서울시 동대문구 휘경동 377",
            "도로명주소":"서울시 동대문구 외대역동로 63-12",
            "세대수":0,
            "입주년차":100,
            "용적률점수":"--",
            "건폐율점수":"--",
            "세대당주차수":0,
            "난방방식":30,
            "공급면적":"--",
            "전용률":"--",
            "욕실수":50,
            "현관타입":100,
            "주거총점":38.0,
            "지역구공급총점":0.0,
            "역세권":80,
            "30분내 이동가능 거점":80,
            "1시간내 이동가능 거점":100,
            "교통총점":84.0,
            "백화점":100,
            "아울렛몰":0,
            "대형마트":0,
            "은행":0,
            "병원":80,
            "종합병원":100,
            "공원":80,
            "혐오시설":0,
            "인프라총점":60.4,
            "초등학군":89.41,
            "중학군":46.46,
            "학군총점":55.05,
            "인구수":38.57,
            "인구증감":-8.31,
            "인구총점":24.506,
            "일자리":16.1,
            "소득수준":56.02,
            "일자리총점":28.076,
            "가치 총점":63.3775,
            "매매실거래년":"18000101",
            "매매실거래가":null,
            "전세실거래년":null,
            "전세실거래가":null,
            "전세가율":null,
            "장기전세가율평균":68.38,
            "전세가율거품지수":null,
            "검색코드":127262,
            "세대수":280.0,
            "준공년월":"2021-09-01",
            "준공년차":2.0,
            "가까운역이름":"외대앞",
            "가까운역거리":150.78,
            "역세권여부":"역세권",
            "30분이내주요거점역":4,
            "1시간이내주요거점역":12,
            "3km이내백화점수":1,
            "5km이내아울렛몰수":0,
            "1km이내대형먀트수":0,
            "500m이내은행수":1,
            "500m이내병원수":38,
            "5km이내대형병원수":11,
            "500m이내공원수":1,
            "3km이내혐오시설수":0,
            "초등학교학업성취도":89.41,
            "중학교학업성취도":75.1,
            "용적률":399,
            "건폐율":45,
            "Y":37.59472,
            "X":127.063663,
            "rank":37.0,
            "area_info":"7평(25.54)",
            "last_sales":"1800-01-01,nan,7평(25.54)"
        },
        {
            "index":118,
            "아파트명":"한신휴플러스그린파크",
            "투자타입":"일반",
            "전용면적(m2)":"84.29",
            "전용면적(평)":"25평",
            "법정동주소":"서울시 동대문구 답십리동 1001",
            "도로명주소":"서울시 동대문구 답십리로38길 14",
            "세대수":0,
            "입주년차":60,
            "용적률점수":"--",
            "건폐율점수":"--",
            "세대당주차수":60,
            "난방방식":30,
            "공급면적":"--",
            "전용률":"--",
            "욕실수":50,
            "현관타입":100,
            "주거총점":39.0,
            "지역구공급총점":0.0,
            "역세권":50,
            "30분내 이동가능 거점":80,
            "1시간내 이동가능 거점":100,
            "교통총점":69.0,
            "백화점":100,
            "아울렛몰":80,
            "대형마트":100,
            "은행":20,
            "병원":60,
            "종합병원":100,
            "공원":0,
            "혐오시설":-50,
            "인프라총점":80.0,
            "초등학군":88.55,
            "중학군":38.72,
            "학군총점":48.686,
            "인구수":38.57,
            "인구증감":-8.31,
            "인구총점":24.506,
            "일자리":16.1,
            "소득수준":56.02,
            "일자리총점":28.076,
            "가치 총점":63.2529,
            "매매실거래년":20210515.0,
            "매매실거래가":90000.0,
            "전세실거래년":20211219.0,
            "전세실거래가":48000.0,
            "전세가율":62.34,
            "장기전세가율평균":68.38,
            "전세가율거품지수":6.04,
            "검색코드":27057,
            "세대수":141.0,
            "준공년월":"2010-09-30",
            "준공년차":13.0,
            "가까운역이름":"신답",
            "가까운역거리":513.79,
            "역세권여부":"준역세권",
            "30분이내주요거점역":4,
            "1시간이내주요거점역":12,
            "3km이내백화점수":1,
            "5km이내아울렛몰수":1,
            "1km이내대형먀트수":2,
            "500m이내은행수":2,
            "500m이내병원수":18,
            "5km이내대형병원수":10,
            "500m이내공원수":0,
            "3km이내혐오시설수":1,
            "초등학교학업성취도":88.55,
            "중학교학업성취도":63.8,
            "용적률":225,
            "건폐율":28,
            "Y":37.573854,
            "X":127.049772,
            "rank":38.0,
            "area_info":"25평(84.29), 26평(86.35), 34평(113.13), 44평(146.67)",
            "last_sales":"2021-05-15,90000.0,26평(86.35)"
        },
        {
            "index":304,
            "아파트명":"장안푸르미에(도시형)",
            "투자타입":"일반",
            "전용면적(m2)":"21.52",
            "전용면적(평)":"6평",
            "법정동주소":"서울시 동대문구 장안동 466-5",
            "도로명주소":"서울시 동대문구 천호대로97길 9",
            "세대수":0,
            "입주년차":60,
            "용적률점수":"--",
            "건폐율점수":"--",
            "세대당주차수":0,
            "난방방식":30,
            "공급면적":"--",
            "전용률":"--",
            "욕실수":50,
            "현관타입":10,
            "주거총점":21.0,
            "지역구공급총점":0.0,
            "역세권":80,
            "30분내 이동가능 거점":100,
            "1시간내 이동가능 거점":100,
            "교통총점":90.0,
            "백화점":100,
            "아울렛몰":0,
            "대형마트":0,
            "은행":70,
            "병원":60,
            "종합병원":100,
            "공원":80,
            "혐오시설":0,
            "인프라총점":65.4,
            "초등학군":87.35,
            "중학군":40.12,
            "학군총점":49.566,
            "인구수":38.57,
            "인구증감":-8.31,
            "인구총점":24.506,
            "일자리":16.1,
            "소득수준":56.02,
            "일자리총점":28.076,
            "가치 총점":62.7549,
            "매매실거래년":20210517.0,
            "매매실거래가":12000.0,
            "전세실거래년":20210612.0,
            "전세실거래가":12500.0,
            "전세가율":97.66,
            "장기전세가율평균":68.38,
            "전세가율거품지수":-29.28,
            "검색코드":106046,
            "세대수":147.0,
            "준공년월":"2013-11-14",
            "준공년차":10.0,
            "가까운역이름":"장한평",
            "가까운역거리":468.86,
            "역세권여부":"역세권",
            "30분이내주요거점역":5,
            "1시간이내주요거점역":14,
            "3km이내백화점수":2,
            "5km이내아울렛몰수":0,
            "1km이내대형먀트수":0,
            "500m이내은행수":3,
            "500m이내병원수":22,
            "5km이내대형병원수":9,
            "500m이내공원수":1,
            "3km이내혐오시설수":0,
            "초등학교학업성취도":87.35,
            "중학교학업성취도":66.2,
            "용적률":393,
            "건폐율":51,
            "Y":37.561401,
            "X":127.069942,
            "rank":39.0,
            "area_info":"6평(21.52), 6평(22.98), 6평(22.79), 6평(22.74), 6평(22.69), 6평(22.36), 6평(22.97), 6평(22.96), 6평(22.81), 9평(31.83)",
            "last_sales":"2021-05-17,12000.0,9평(31.83)"
        },
        {
            "index":416,
            "아파트명":"어진재(도시형)",
            "투자타입":"일반",
            "전용면적(m2)":"29.78",
            "전용면적(평)":"9평",
            "법정동주소":"서울시 동대문구 제기동 1213",
            "도로명주소":"서울시 동대문구 회기로 14",
            "세대수":0,
            "입주년차":80,
            "용적률점수":"--",
            "건폐율점수":"--",
            "세대당주차수":0,
            "난방방식":30,
            "공급면적":"--",
            "전용률":"--",
            "욕실수":50,
            "현관타입":100,
            "주거총점":34.0,
            "지역구공급총점":0.0,
            "역세권":80,
            "30분내 이동가능 거점":80,
            "1시간내 이동가능 거점":100,
            "교통총점":84.0,
            "백화점":100,
            "아울렛몰":80,
            "대형마트":0,
            "은행":0,
            "병원":10,
            "종합병원":100,
            "공원":0,
            "혐오시설":0,
            "인프라총점":59.0,
            "초등학군":88.12,
            "중학군":49.7,
            "학군총점":57.384,
            "인구수":38.57,
            "인구증감":-8.31,
            "인구총점":24.506,
            "일자리":16.1,
            "소득수준":56.02,
            "일자리총점":28.076,
            "가치 총점":62.5076,
            "매매실거래년":20211213.0,
            "매매실거래가":17000.0,
            "전세실거래년":20210104.0,
            "전세실거래가":14000.0,
            "전세가율":77.78,
            "장기전세가율평균":68.38,
            "전세가율거품지수":-9.4,
            "검색코드":111786,
            "세대수":124.0,
            "준공년월":"2014-04-18",
            "준공년차":9.0,
            "가까운역이름":"고려대",
            "가까운역거리":150.85,
            "역세권여부":"역세권",
            "30분이내주요거점역":4,
            "1시간이내주요거점역":13,
            "3km이내백화점수":3,
            "5km이내아울렛몰수":1,
            "1km이내대형먀트수":0,
            "500m이내은행수":1,
            "500m이내병원수":4,
            "5km이내대형병원수":9,
            "500m이내공원수":0,
            "3km이내혐오시설수":0,
            "초등학교학업성취도":88.12,
            "중학교학업성취도":81.1,
            "용적률":194,
            "건폐율":48,
            "Y":37.591067,
            "X":127.037856,
            "rank":40.0,
            "area_info":"9평(29.78), 9평(29.92), 9평(30.41), 9평(30.48), 9평(32.94), 9평(32.58), 9평(32.64), 10평(33.9), 10평(35.82), 11평(38.18), 15평(51.11), 16평(53.09)",
            "last_sales":"2021-12-13,17000.0,9평(30.41)"
        },
        {
            "index":203,
            "아파트명":"이문래미안2차",
            "투자타입":"일반",
            "전용면적(m2)":"78.43",
            "전용면적(평)":"23평",
            "법정동주소":"서울시 동대문구 이문동 311",
            "도로명주소":"서울시 동대문구 이문로12길 3-10",
            "세대수":50,
            "입주년차":40,
            "용적률점수":"--",
            "건폐율점수":"--",
            "세대당주차수":30,
            "난방방식":30,
            "공급면적":"--",
            "전용률":"--",
            "욕실수":100,
            "현관타입":100,
            "주거총점":53.0,
            "지역구공급총점":0.0,
            "역세권":80,
            "30분내 이동가능 거점":20,
            "1시간내 이동가능 거점":100,
            "교통총점":66.0,
            "백화점":100,
            "아울렛몰":0,
            "대형마트":0,
            "은행":70,
            "병원":80,
            "종합병원":100,
            "공원":80,
            "혐오시설":0,
            "인프라총점":67.4,
            "초등학군":89.41,
            "중학군":46.46,
            "학군총점":55.05,
            "인구수":38.57,
            "인구증감":-8.31,
            "인구총점":24.506,
            "일자리":16.1,
            "소득수준":56.02,
            "일자리총점":28.076,
            "가치 총점":62.1775,
            "매매실거래년":20211022.0,
            "매매실거래가":90000.0,
            "전세실거래년":20211227.0,
            "전세실거래가":53000.0,
            "전세가율":58.89,
            "장기전세가율평균":68.38,
            "전세가율거품지수":9.49,
            "검색코드":8791,
            "세대수":648.0,
            "준공년월":"2004-04-13",
            "준공년차":19.0,
            "가까운역이름":"외대앞",
            "가까운역거리":409.34,
            "역세권여부":"역세권",
            "30분이내주요거점역":1,
            "1시간이내주요거점역":12,
            "3km이내백화점수":1,
            "5km이내아울렛몰수":0,
            "1km이내대형먀트수":0,
            "500m이내은행수":3,
            "500m이내병원수":37,
            "5km이내대형병원수":11,
            "500m이내공원수":1,
            "3km이내혐오시설수":0,
            "초등학교학업성취도":89.41,
            "중학교학업성취도":75.1,
            "용적률":248,
            "건폐율":15,
            "Y":37.593589,
            "X":127.06012,
            "rank":41.0,
            "area_info":"23평(78.43), 31평(104.62), 40평(135.26), 53평(177.64)",
            "last_sales":"2021-10-22,90000.0,23평(78.43)"
        },
        {
            "index":25,
            "아파트명":"동서울한양",
            "투자타입":"재건축",
            "전용면적(m2)":"74.24",
            "전용면적(평)":"22평",
            "법정동주소":"서울시 동대문구 답십리동 41",
            "도로명주소":"서울시 동대문구 답십리로 184",
            "세대수":50,
            "입주년차":"--",
            "용적률점수":80,
            "건폐율점수":80,
            "세대당주차수":"--",
            "난방방식":"--",
            "공급면적":50,
            "전용률":80,
            "욕실수":"--",
            "현관타입":"--",
            "주거총점":69.5,
            "지역구공급총점":0.0,
            "역세권":50,
            "30분내 이동가능 거점":40,
            "1시간내 이동가능 거점":100,
            "교통총점":57.0,
            "백화점":100,
            "아울렛몰":80,
            "대형마트":0,
            "은행":20,
            "병원":80,
            "종합병원":100,
            "공원":80,
            "혐오시설":0,
            "인프라총점":70.4,
            "초등학군":82.81,
            "중학군":38.72,
            "학군총점":47.538,
            "인구수":38.57,
            "인구증감":-8.31,
            "인구총점":24.506,
            "일자리":16.1,
            "소득수준":56.02,
            "일자리총점":28.076,
            "가치 총점":62.1007,
            "매매실거래년":20211119.0,
            "매매실거래가":81500.0,
            "전세실거래년":20211207.0,
            "전세실거래가":26250.0,
            "전세가율":43.39,
            "장기전세가율평균":68.38,
            "전세가율거품지수":24.99,
            "검색코드":337,
            "세대수":499.0,
            "준공년월":"1989-07-25",
            "준공년차":34.0,
            "가까운역이름":"답십리",
            "가까운역거리":851.62,
            "역세권여부":"준역세권",
            "30분이내주요거점역":2,
            "1시간이내주요거점역":10,
            "3km이내백화점수":1,
            "5km이내아울렛몰수":1,
            "1km이내대형먀트수":0,
            "500m이내은행수":2,
            "500m이내병원수":34,
            "5km이내대형병원수":10,
            "500m이내공원수":1,
            "3km이내혐오시설수":0,
            "초등학교학업성취도":82.81,
            "중학교학업성취도":63.8,
            "용적률":219,
            "건폐율":22,
            "Y":37.571631,
            "X":127.060147,
            "rank":42.0,
            "area_info":"22평(74.24), 28평(95.06)",
            "last_sales":"2021-11-19,81500.0,28평(95.06)"
        },
        {
            "index":600,
            "아파트명":"휘경현대",
            "투자타입":"재건축",
            "전용면적(m2)":"98.59",
            "전용면적(평)":"29평",
            "법정동주소":"서울시 동대문구 휘경동 363",
            "도로명주소":"서울시 동대문구 서울시립대로29길 62",
            "세대수":0,
            "입주년차":"--",
            "용적률점수":20,
            "건폐율점수":80,
            "세대당주차수":"--",
            "난방방식":"--",
            "공급면적":70,
            "전용률":80,
            "욕실수":"--",
            "현관타입":"--",
            "주거총점":31.5,
            "지역구공급총점":0.0,
            "역세권":80,
            "30분내 이동가능 거점":20,
            "1시간내 이동가능 거점":100,
            "교통총점":66.0,
            "백화점":100,
            "아울렛몰":80,
            "대형마트":80,
            "은행":70,
            "병원":60,
            "종합병원":100,
            "공원":0,
            "혐오시설":0,
            "인프라총점":83.0,
            "초등학군":88.37,
            "중학군":41.4,
            "학군총점":50.794,
            "인구수":38.57,
            "인구증감":-8.31,
            "인구총점":24.506,
            "일자리":16.1,
            "소득수준":56.02,
            "일자리총점":28.076,
            "가치 총점":61.9191,
            "매매실거래년":20210821.0,
            "매매실거래가":74000.0,
            "전세실거래년":20210813.0,
            "전세실거래가":41000.0,
            "전세가율":56.71,
            "장기전세가율평균":68.38,
            "전세가율거품지수":11.67,
            "검색코드":359,
            "세대수":146.0,
            "준공년월":"1992-12-05",
            "준공년차":31.0,
            "가까운역이름":"회기",
            "가까운역거리":388.98,
            "역세권여부":"역세권",
            "30분이내주요거점역":1,
            "1시간이내주요거점역":12,
            "3km이내백화점수":1,
            "5km이내아울렛몰수":1,
            "1km이내대형먀트수":1,
            "500m이내은행수":3,
            "500m이내병원수":18,
            "5km이내대형병원수":10,
            "500m이내공원수":0,
            "3km이내혐오시설수":0,
            "초등학교학업성취도":88.37,
            "중학교학업성취도":68.0,
            "용적률":273,
            "건폐율":22,
            "Y":37.58638,
            "X":127.05549,
            "rank":43.0,
            "area_info":"29평(98.59), 29평(98.2)",
            "last_sales":"2021-08-21,74000.0,29평(98.2)"
        },
        {
            "index":93,
            "아파트명":"청계지웰에스테이트(도시형)",
            "투자타입":"일반",
            "전용면적(m2)":"28.25",
            "전용면적(평)":"8평",
            "법정동주소":"서울시 동대문구 답십리동 498-7",
            "도로명주소":"서울시 동대문구 사가정로 6",
            "세대수":0,
            "입주년차":60,
            "용적률점수":"--",
            "건폐율점수":"--",
            "세대당주차수":0,
            "난방방식":30,
            "공급면적":"--",
            "전용률":"--",
            "욕실수":50,
            "현관타입":10,
            "주거총점":21.0,
            "지역구공급총점":0.0,
            "역세권":80,
            "30분내 이동가능 거점":100,
            "1시간내 이동가능 거점":100,
            "교통총점":90.0,
            "백화점":100,
            "아울렛몰":80,
            "대형마트":0,
            "은행":0,
            "병원":60,
            "종합병원":100,
            "공원":0,
            "혐오시설":-50,
            "인프라총점":63.0,
            "초등학군":84.51,
            "중학군":38.72,
            "학군총점":47.878,
            "인구수":38.57,
            "인구증감":-8.31,
            "인구총점":24.506,
            "일자리":16.1,
            "소득수준":56.02,
            "일자리총점":28.076,
            "가치 총점":61.7817,
            "매매실거래년":20211211.0,
            "매매실거래가":13000.0,
            "전세실거래년":20200705.0,
            "전세실거래가":10000.0,
            "전세가율":75.19,
            "장기전세가율평균":68.38,
            "전세가율거품지수":-6.81,
            "검색코드":103366,
            "세대수":149.0,
            "준공년월":"2012-09-25",
            "준공년차":11.0,
            "가까운역이름":"신답",
            "가까운역거리":277.56,
            "역세권여부":"역세권",
            "30분이내주요거점역":5,
            "1시간이내주요거점역":15,
            "3km이내백화점수":1,
            "5km이내아울렛몰수":1,
            "1km이내대형먀트수":0,
            "500m이내은행수":1,
            "500m이내병원수":11,
            "5km이내대형병원수":11,
            "500m이내공원수":0,
            "3km이내혐오시설수":1,
            "초등학교학업성취도":84.51,
            "중학교학업성취도":63.8,
            "용적률":0,
            "건폐율":0,
            "Y":37.570294,
            "X":127.049614,
            "rank":44.0,
            "area_info":"8평(28.25), 8평(29.68), 9평(30.06), 18평(59.73), 36평(119.1)",
            "last_sales":"2021-12-11,13000.0,8평(29.68)"
        },
        {
            "index":188,
            "아파트명":"청계천대성스카이렉스2",
            "투자타입":"일반",
            "전용면적(m2)":"109.62",
            "전용면적(평)":"33평",
            "법정동주소":"서울시 동대문구 용두동 255-66",
            "도로명주소":"서울시 동대문구 청계천로 471",
            "세대수":0,
            "입주년차":40,
            "용적률점수":"--",
            "건폐율점수":"--",
            "세대당주차수":30,
            "난방방식":30,
            "공급면적":"--",
            "전용률":"--",
            "욕실수":100,
            "현관타입":100,
            "주거총점":35.5,
            "지역구공급총점":0.0,
            "역세권":50,
            "30분내 이동가능 거점":80,
            "1시간내 이동가능 거점":100,
            "교통총점":69.0,
            "백화점":100,
            "아울렛몰":80,
            "대형마트":100,
            "은행":20,
            "병원":10,
            "종합병원":100,
            "공원":0,
            "혐오시설":-100,
            "인프라총점":74.0,
            "초등학군":82.76,
            "중학군":48.22,
            "학군총점":55.128,
            "인구수":38.57,
            "인구증감":-8.31,
            "인구총점":24.506,
            "일자리":16.1,
            "소득수준":56.02,
            "일자리총점":28.076,
            "가치 총점":61.7192,
            "매매실거래년":20210728.0,
            "매매실거래가":94500.0,
            "전세실거래년":20210820.0,
            "전세실거래가":70000.0,
            "전세가율":74.07,
            "장기전세가율평균":68.38,
            "전세가율거품지수":-5.69,
            "검색코드":25821,
            "세대수":112.0,
            "준공년월":"2007-06-04",
            "준공년차":16.0,
            "가까운역이름":"상왕십리",
            "가까운역거리":671.78,
            "역세권여부":"준역세권",
            "30분이내주요거점역":4,
            "1시간이내주요거점역":13,
            "3km이내백화점수":1,
            "5km이내아울렛몰수":1,
            "1km이내대형먀트수":2,
            "500m이내은행수":2,
            "500m이내병원수":2,
            "5km이내대형병원수":11,
            "500m이내공원수":0,
            "3km이내혐오시설수":4,
            "초등학교학업성취도":82.76,
            "중학교학업성취도":79.3,
            "용적률":599,
            "건폐율":59,
            "Y":37.570377,
            "X":127.029949,
            "rank":45.0,
            "area_info":"33평(109.62)",
            "last_sales":"2021-07-28,94500.0,33평(109.62)"
        },
        {
            "index":83,
            "아파트명":"신답극동",
            "투자타입":"재건축",
            "전용면적(m2)":"64.26",
            "전용면적(평)":"19평",
            "법정동주소":"서울시 동대문구 답십리동 464-1",
            "도로명주소":"서울시 동대문구 서울시립대로 5",
            "세대수":0,
            "입주년차":"--",
            "용적률점수":0,
            "건폐율점수":0,
            "세대당주차수":"--",
            "난방방식":"--",
            "공급면적":50,
            "전용률":60,
            "욕실수":"--",
            "현관타입":"--",
            "주거총점":5.5,
            "지역구공급총점":0.0,
            "역세권":80,
            "30분내 이동가능 거점":80,
            "1시간내 이동가능 거점":100,
            "교통총점":84.0,
            "백화점":100,
            "아울렛몰":80,
            "대형마트":100,
            "은행":0,
            "병원":60,
            "종합병원":100,
            "공원":0,
            "혐오시설":-50,
            "인프라총점":78.0,
            "초등학군":85.73,
            "중학군":42.84,
            "학군총점":51.418,
            "인구수":38.57,
            "인구증감":-8.31,
            "인구총점":24.506,
            "일자리":16.1,
            "소득수준":56.02,
            "일자리총점":28.076,
            "가치 총점":61.6127,
            "매매실거래년":20210828.0,
            "매매실거래가":110000.0,
            "전세실거래년":20210129.0,
            "전세실거래가":22000.0,
            "전세가율":34.38,
            "장기전세가율평균":68.38,
            "전세가율거품지수":34.0,
            "검색코드":331,
            "세대수":225.0,
            "준공년월":"1987-08-04",
            "준공년차":36.0,
            "가까운역이름":"신답",
            "가까운역거리":378.34,
            "역세권여부":"역세권",
            "30분이내주요거점역":4,
            "1시간이내주요거점역":13,
            "3km이내백화점수":1,
            "5km이내아울렛몰수":1,
            "1km이내대형먀트수":2,
            "500m이내은행수":1,
            "500m이내병원수":10,
            "5km이내대형병원수":11,
            "500m이내공원수":0,
            "3km이내혐오시설수":1,
            "초등학교학업성취도":85.73,
            "중학교학업성취도":71.4,
            "용적률":303,
            "건폐율":0,
            "Y":37.572798,
            "X":127.043967,
            "rank":46.0,
            "area_info":"19평(64.26), 21평(72.49), 28평(93.84), 29평(98.54), 37평(122.48)",
            "last_sales":"2021-08-28,110000.0,37평(122.48)"
        },
        {
            "index":66,
            "아파트명":"삼희",
            "투자타입":"재건축",
            "전용면적(m2)":"61.38",
            "전용면적(평)":"18평",
            "법정동주소":"서울시 동대문구 답십리동 530-5",
            "도로명주소":"서울시 동대문구 고미술로 11",
            "세대수":0,
            "입주년차":"--",
            "용적률점수":0,
            "건폐율점수":0,
            "세대당주차수":"--",
            "난방방식":"--",
            "공급면적":50,
            "전용률":60,
            "욕실수":"--",
            "현관타입":"--",
            "주거총점":5.5,
            "지역구공급총점":0.0,
            "역세권":80,
            "30분내 이동가능 거점":100,
            "1시간내 이동가능 거점":100,
            "교통총점":90.0,
            "백화점":100,
            "아울렛몰":80,
            "대형마트":0,
            "은행":70,
            "병원":60,
            "종합병원":100,
            "공원":0,
            "혐오시설":0,
            "인프라총점":71.0,
            "초등학군":84.51,
            "중학군":38.72,
            "학군총점":47.878,
            "인구수":38.57,
            "인구증감":-8.31,
            "인구총점":24.506,
            "일자리":16.1,
            "소득수준":56.02,
            "일자리총점":28.076,
            "가치 총점":61.0817,
            "매매실거래년":20210725.0,
            "매매실거래가":54000.0,
            "전세실거래년":20180421.0,
            "전세실거래가":17000.0,
            "전세가율":31.48,
            "장기전세가율평균":68.38,
            "전세가율거품지수":36.9,
            "검색코드":3272,
            "세대수":150.0,
            "준공년월":"1983-12-19",
            "준공년차":40.0,
            "가까운역이름":"답십리",
            "가까운역거리":321.82,
            "역세권여부":"역세권",
            "30분이내주요거점역":5,
            "1시간이내주요거점역":16,
            "3km이내백화점수":1,
            "5km이내아울렛몰수":1,
            "1km이내대형먀트수":0,
            "500m이내은행수":3,
            "500m이내병원수":19,
            "5km이내대형병원수":11,
            "500m이내공원수":0,
            "3km이내혐오시설수":0,
            "초등학교학업성취도":84.51,
            "중학교학업성취도":63.8,
            "용적률":0,
            "건폐율":0,
            "Y":37.569305,
            "X":127.050996,
            "rank":47.0,
            "area_info":"18평(61.38), 24평(79.85), 25평(85.41), 29평(98.48), 30평(99.74), 30평(100.83), 31평(103.57), 33평(110.47)",
            "last_sales":"2021-07-25,54000.0,18평(61.38)"
        },
        {
            "index":397,
            "아파트명":"전농삼성(전농삼성래미안)",
            "투자타입":"일반",
            "전용면적(m2)":"86.65",
            "전용면적(평)":"26평",
            "법정동주소":"서울시 동대문구 전농동 155",
            "도로명주소":"서울시 동대문구 전농로 192",
            "세대수":50,
            "입주년차":20,
            "용적률점수":"--",
            "건폐율점수":"--",
            "세대당주차수":60,
            "난방방식":30,
            "공급면적":"--",
            "전용률":"--",
            "욕실수":50,
            "현관타입":10,
            "주거총점":39.5,
            "지역구공급총점":0.0,
            "역세권":50,
            "30분내 이동가능 거점":60,
            "1시간내 이동가능 거점":100,
            "교통총점":63.0,
            "백화점":100,
            "아울렛몰":80,
            "대형마트":80,
            "은행":20,
            "병원":30,
            "종합병원":100,
            "공원":0,
            "혐오시설":0,
            "인프라총점":75.0,
            "초등학군":86.99,
            "중학군":47.52,
            "학군총점":55.414,
            "인구수":38.57,
            "인구증감":-8.31,
            "인구총점":24.506,
            "일자리":16.1,
            "소득수준":56.02,
            "일자리총점":28.076,
            "가치 총점":60.7621,
            "매매실거래년":20210901.0,
            "매매실거래가":86700.0,
            "전세실거래년":20211211.0,
            "전세실거래가":35700.0,
            "전세가율":41.18,
            "장기전세가율평균":68.38,
            "전세가율거품지수":27.2,
            "검색코드":1254,
            "세대수":463.0,
            "준공년월":"2000-05-13",
            "준공년차":23.0,
            "가까운역이름":"청량리",
            "가까운역거리":781.23,
            "역세권여부":"준역세권",
            "30분이내주요거점역":3,
            "1시간이내주요거점역":10,
            "3km이내백화점수":1,
            "5km이내아울렛몰수":1,
            "1km이내대형먀트수":1,
            "500m이내은행수":2,
            "500m이내병원수":8,
            "5km이내대형병원수":10,
            "500m이내공원수":0,
            "3km이내혐오시설수":0,
            "초등학교학업성취도":86.99,
            "중학교학업성취도":78.2,
            "용적률":0,
            "건폐율":0,
            "Y":37.581928,
            "X":127.055421,
            "rank":48.0,
            "area_info":"26평(86.65), 33평(109.32), 43평(145.45)",
            "last_sales":"2021-09-01,86700.0,26평(86.65)"
        },
        {
            "index":369,
            "아파트명":"동아",
            "투자타입":"일반",
            "전용면적(m2)":"80.69",
            "전용면적(평)":"24평",
            "법정동주소":"서울시 동대문구 전농동 645-2",
            "도로명주소":"서울시 동대문구 서울시립대로 31",
            "세대수":30,
            "입주년차":0,
            "용적률점수":"--",
            "건폐율점수":"--",
            "세대당주차수":0,
            "난방방식":30,
            "공급면적":"--",
            "전용률":"--",
            "욕실수":50,
            "현관타입":10,
            "주거총점":19.5,
            "지역구공급총점":0.0,
            "역세권":50,
            "30분내 이동가능 거점":80,
            "1시간내 이동가능 거점":100,
            "교통총점":69.0,
            "백화점":100,
            "아울렛몰":80,
            "대형마트":100,
            "은행":20,
            "병원":60,
            "종합병원":100,
            "공원":0,
            "혐오시설":-50,
            "인프라총점":80.0,
            "초등학군":85.73,
            "중학군":42.84,
            "학군총점":51.418,
            "인구수":38.57,
            "인구증감":-8.31,
            "인구총점":24.506,
            "일자리":16.1,
            "소득수준":56.02,
            "일자리총점":28.076,
            "가치 총점":59.7627,
            "매매실거래년":20211113.0,
            "매매실거래가":110000.0,
            "전세실거래년":20211229.0,
            "전세실거래가":32550.0,
            "전세가율":37.63,
            "장기전세가율평균":68.38,
            "전세가율거품지수":30.75,
            "검색코드":1126,
            "세대수":360.0,
            "준공년월":"1997-12-22",
            "준공년차":26.0,
            "가까운역이름":"신답",
            "가까운역거리":552.55,
            "역세권여부":"준역세권",
            "30분이내주요거점역":4,
            "1시간이내주요거점역":12,
            "3km이내백화점수":1,
            "5km이내아울렛몰수":1,
            "1km이내대형먀트수":2,
            "500m이내은행수":2,
            "500m이내병원수":11,
            "5km이내대형병원수":10,
            "500m이내공원수":0,
            "3km이내혐오시설수":1,
            "초등학교학업성취도":85.73,
            "중학교학업성취도":71.4,
            "용적률":0,
            "건폐율":0,
            "Y":37.574985,
            "X":127.045863,
            "rank":49.0,
            "area_info":"24평(80.69), 27평(91.45), 31평(105.74), 43평(143.82)",
            "last_sales":"2021-11-13,110000.0,43평(143.82)"
        },
        {
            "index":221,
            "아파트명":"중앙하이츠빌",
            "투자타입":"일반",
            "전용면적(m2)":"81.22",
            "전용면적(평)":"24평",
            "법정동주소":"서울시 동대문구 이문동 84",
            "도로명주소":"서울시 동대문구 외대역동로 101",
            "세대수":30,
            "입주년차":20,
            "용적률점수":"--",
            "건폐율점수":"--",
            "세대당주차수":30,
            "난방방식":30,
            "공급면적":"--",
            "전용률":"--",
            "욕실수":50,
            "현관타입":100,
            "주거총점":37.0,
            "지역구공급총점":0.0,
            "역세권":80,
            "30분내 이동가능 거점":60,
            "1시간내 이동가능 거점":100,
            "교통총점":78.0,
            "백화점":100,
            "아울렛몰":0,
            "대형마트":0,
            "은행":0,
            "병원":60,
            "종합병원":100,
            "공원":0,
            "혐오시설":0,
            "인프라총점":56.0,
            "초등학군":89.38,
            "중학군":46.46,
            "학군총점":55.044,
            "인구수":38.57,
            "인구증감":-8.31,
            "인구총점":24.506,
            "일자리":16.1,
            "소득수준":56.02,
            "일자리총점":28.076,
            "가치 총점":59.7566,
            "매매실거래년":20210705.0,
            "매매실거래가":90000.0,
            "전세실거래년":20211206.0,
            "전세실거래가":17000.0,
            "전세가율":21.79,
            "장기전세가율평균":68.38,
            "전세가율거품지수":46.59,
            "검색코드":9538,
            "세대수":302.0,
            "준공년월":"2002-05-23",
            "준공년차":21.0,
            "가까운역이름":"외대앞",
            "가까운역거리":140.56,
            "역세권여부":"역세권",
            "30분이내주요거점역":3,
            "1시간이내주요거점역":12,
            "3km이내백화점수":1,
            "5km이내아울렛몰수":0,
            "1km이내대형먀트수":0,
            "500m이내은행수":0,
            "500m이내병원수":26,
            "5km이내대형병원수":11,
            "500m이내공원수":0,
            "3km이내혐오시설수":0,
            "초등학교학업성취도":89.38,
            "중학교학업성취도":75.1,
            "용적률":296,
            "건폐율":23,
            "Y":37.596879,
            "X":127.064778,
            "rank":50.0,
            "area_info":"24평(81.22), 32평(108.76), 42평(141.74)",
            "last_sales":"2021-07-05,90000.0,32평(108.76)"
        },
        {
            "index":7,
            "아파트명":"답십리파크자이",
            "투자타입":"일반",
            "전용면적(m2)":"68.69",
            "전용면적(평)":"20평",
            "법정동주소":"서울시 동대문구 답십리동 1014",
            "도로명주소":"서울시 동대문구 답십리로56길 105",
            "세대수":80,
            "입주년차":100,
            "용적률점수":"--",
            "건폐율점수":"--",
            "세대당주차수":30,
            "난방방식":30,
            "공급면적":"--",
            "전용률":"--",
            "욕실수":50,
            "현관타입":100,
            "주거총점":70.5,
            "지역구공급총점":0.0,
            "역세권":50,
            "30분내 이동가능 거점":20,
            "1시간내 이동가능 거점":100,
            "교통총점":51.0,
            "백화점":100,
            "아울렛몰":80,
            "대형마트":0,
            "은행":0,
            "병원":80,
            "종합병원":100,
            "공원":80,
            "혐오시설":0,
            "인프라총점":68.4,
            "초등학군":84.51,
            "중학군":38.72,
            "학군총점":47.878,
            "인구수":38.57,
            "인구증감":-8.31,
            "인구총점":24.506,
            "일자리":16.1,
            "소득수준":56.02,
            "일자리총점":28.076,
            "가치 총점":59.6517,
            "매매실거래년":20220106.0,
            "매매실거래가":97700.0,
            "전세실거래년":20211102.0,
            "전세실거래가":63000.0,
            "전세가율":64.48,
            "장기전세가율평균":68.38,
            "전세가율거품지수":3.9,
            "검색코드":113059,
            "세대수":802.0,
            "준공년월":"2019-01-22",
            "준공년차":4.0,
            "가까운역이름":"답십리",
            "가까운역거리":630.59,
            "역세권여부":"준역세권",
            "30분이내주요거점역":1,
            "1시간이내주요거점역":11,
            "3km이내백화점수":1,
            "5km이내아울렛몰수":1,
            "1km이내대형먀트수":0,
            "500m이내은행수":1,
            "500m이내병원수":32,
            "5km이내대형병원수":10,
            "500m이내공원수":1,
            "3km이내혐오시설수":0,
            "초등학교학업성취도":84.51,
            "중학교학업성취도":63.8,
            "용적률":243,
            "건폐율":22,
            "Y":37.567866,
            "X":127.059718,
            "rank":51.0,
            "area_info":"20평(68.69), 20평(69.09), 25평(83.45), 25평(83.45), 25평(83.45), 25평(85.04), 33평(110.69), 33평(111.28)",
            "last_sales":"2022-01-06,97700.0,20평(68.69)"
        },
        {
            "index":503,
            "아파트명":"회기역한일베라체캠퍼스",
            "투자타입":"일반",
            "전용면적(m2)":"24.96",
            "전용면적(평)":"7평",
            "법정동주소":"서울시 동대문구 회기동 346-18",
            "도로명주소":"서울시 동대문구 이문로 37",
            "세대수":0,
            "입주년차":60,
            "용적률점수":"--",
            "건폐율점수":"--",
            "세대당주차수":0,
            "난방방식":30,
            "공급면적":"--",
            "전용률":"--",
            "욕실수":50,
            "현관타입":10,
            "주거총점":21.0,
            "지역구공급총점":0.0,
            "역세권":80,
            "30분내 이동가능 거점":60,
            "1시간내 이동가능 거점":100,
            "교통총점":78.0,
            "백화점":100,
            "아울렛몰":0,
            "대형마트":0,
            "은행":70,
            "병원":60,
            "종합병원":100,
            "공원":80,
            "혐오시설":0,
            "인프라총점":65.4,
            "초등학군":89.41,
            "중학군":46.46,
            "학군총점":55.05,
            "인구수":38.57,
            "인구증감":-8.31,
            "인구총점":24.506,
            "일자리":16.1,
            "소득수준":56.02,
            "일자리총점":28.076,
            "가치 총점":59.3775,
            "매매실거래년":20200831.0,
            "매매실거래가":45900.0,
            "전세실거래년":20201006.0,
            "전세실거래가":15000.0,
            "전세가율":120.0,
            "장기전세가율평균":68.38,
            "전세가율거품지수":-51.62,
            "검색코드":103167,
            "세대수":264.0,
            "준공년월":"2013-06-24",
            "준공년차":10.0,
            "가까운역이름":"회기",
            "가까운역거리":205.67,
            "역세권여부":"역세권",
            "30분이내주요거점역":3,
            "1시간이내주요거점역":14,
            "3km이내백화점수":1,
            "5km이내아울렛몰수":0,
            "1km이내대형먀트수":0,
            "500m이내은행수":4,
            "500m이내병원수":20,
            "5km이내대형병원수":10,
            "500m이내공원수":1,
            "3km이내혐오시설수":0,
            "초등학교학업성취도":89.41,
            "중학교학업성취도":75.1,
            "용적률":477,
            "건폐율":51,
            "Y":37.590917,
            "X":127.056145,
            "rank":52.0,
            "area_info":"7평(24.96), 8평(29.27), 10평(34.23), 11평(36.49), 11평(36.38), 11평(36.61), 11평(36.41), 14평(49.21), 15평(50.14), 19평(64.62), 19평(64.04), 19평(64.62), 20평(67.77), 24평(81.06), 24평(81.06)",
            "last_sales":"2020-08-31,45900.0,24평(81.06)"
        },
        {
            "index":0,
            "아파트명":"답십리대우",
            "투자타입":"일반",
            "전용면적(m2)":"89.12",
            "전용면적(평)":"26평",
            "법정동주소":"서울시 동대문구 답십리동 111",
            "도로명주소":"서울시 동대문구 답십리로41길 33",
            "세대수":30,
            "입주년차":20,
            "용적률점수":"--",
            "건폐율점수":"--",
            "세대당주차수":30,
            "난방방식":30,
            "공급면적":"--",
            "전용률":"--",
            "욕실수":50,
            "현관타입":50,
            "주거총점":32.0,
            "지역구공급총점":0.0,
            "역세권":50,
            "30분내 이동가능 거점":60,
            "1시간내 이동가능 거점":100,
            "교통총점":63.0,
            "백화점":100,
            "아울렛몰":80,
            "대형마트":80,
            "은행":20,
            "병원":60,
            "종합병원":100,
            "공원":0,
            "혐오시설":0,
            "인프라총점":78.0,
            "초등학군":88.55,
            "중학군":38.72,
            "학군총점":48.686,
            "인구수":38.57,
            "인구증감":-8.31,
            "인구총점":24.506,
            "일자리":16.1,
            "소득수준":56.02,
            "일자리총점":28.076,
            "가치 총점":59.1529,
            "매매실거래년":20210409.0,
            "매매실거래가":86000.0,
            "전세실거래년":20211023.0,
            "전세실거래가":35700.0,
            "전세가율":41.51,
            "장기전세가율평균":68.38,
            "전세가율거품지수":26.87,
            "검색코드":3269,
            "세대수":319.0,
            "준공년월":"2002-04-29",
            "준공년차":21.0,
            "가까운역이름":"신답",
            "가까운역거리":725.91,
            "역세권여부":"준역세권",
            "30분이내주요거점역":3,
            "1시간이내주요거점역":11,
            "3km이내백화점수":1,
            "5km이내아울렛몰수":1,
            "1km이내대형먀트수":1,
            "500m이내은행수":2,
            "500m이내병원수":29,
            "5km이내대형병원수":10,
            "500m이내공원수":0,
            "3km이내혐오시설수":0,
            "초등학교학업성취도":88.55,
            "중학교학업성취도":63.8,
            "용적률":301,
            "건폐율":19,
            "Y":37.57364,
            "X":127.053352,
            "rank":53.0,
            "area_info":"26평(89.12), 32평(108.45), 42평(141.8)",
            "last_sales":"2021-04-09,86000.0,26평(89.12)"
        },
        {
            "index":314,
            "아파트명":"장안현대홈타운1차",
            "투자타입":"일반",
            "전용면적(m2)":"75.08",
            "전용면적(평)":"22평",
            "법정동주소":"서울시 동대문구 장안동 336",
            "도로명주소":"서울시 동대문구 장안벚꽃로 107",
            "세대수":100,
            "입주년차":20,
            "용적률점수":"--",
            "건폐율점수":"--",
            "세대당주차수":60,
            "난방방식":30,
            "공급면적":"--",
            "전용률":"--",
            "욕실수":50,
            "현관타입":100,
            "주거총점":66.0,
            "지역구공급총점":0.0,
            "역세권":50,
            "30분내 이동가능 거점":20,
            "1시간내 이동가능 거점":100,
            "교통총점":51.0,
            "백화점":100,
            "아울렛몰":0,
            "대형마트":0,
            "은행":70,
            "병원":80,
            "종합병원":100,
            "공원":100,
            "혐오시설":0,
            "인프라총점":68.0,
            "초등학군":87.35,
            "중학군":40.12,
            "학군총점":49.566,
            "인구수":38.57,
            "인구증감":-8.31,
            "인구총점":24.506,
            "일자리":16.1,
            "소득수준":56.02,
            "일자리총점":28.076,
            "가치 총점":58.8849,
            "매매실거래년":20211231.0,
            "매매실거래가":104000.0,
            "전세실거래년":20211015.0,
            "전세실거래가":34650.0,
            "전세가율":40.76,
            "장기전세가율평균":68.38,
            "전세가율거품지수":27.62,
            "검색코드":3376,
            "세대수":2182.0,
            "준공년월":"2003-10-28",
            "준공년차":20.0,
            "가까운역이름":"중곡",
            "가까운역거리":929.74,
            "역세권여부":"준역세권",
            "30분이내주요거점역":1,
            "1시간이내주요거점역":10,
            "3km이내백화점수":1,
            "5km이내아울렛몰수":0,
            "1km이내대형먀트수":0,
            "500m이내은행수":3,
            "500m이내병원수":46,
            "5km이내대형병원수":10,
            "500m이내공원수":2,
            "3km이내혐오시설수":0,
            "초등학교학업성취도":87.35,
            "중학교학업성취도":66.2,
            "용적률":308,
            "건폐율":21,
            "Y":37.569449,
            "X":127.074755,
            "rank":54.0,
            "area_info":"22평(75.08), 23평(76.62), 23평(76.18), 32평(107.62), 32평(108.02), 42평(142.0), 50평(168.32)",
            "last_sales":"2021-12-31,104000.0,32평(107.62)"
        },
        {
            "index":480,
            "아파트명":"홍릉동부",
            "투자타입":"일반",
            "전용면적(m2)":"82.23",
            "전용면적(평)":"24평",
            "법정동주소":"서울시 동대문구 청량리동 212",
            "도로명주소":"서울시 동대문구 홍릉로10길 48",
            "세대수":30,
            "입주년차":20,
            "용적률점수":"--",
            "건폐율점수":"--",
            "세대당주차수":30,
            "난방방식":30,
            "공급면적":"--",
            "전용률":"--",
            "욕실수":50,
            "현관타입":100,
            "주거총점":37.0,
            "지역구공급총점":0.0,
            "역세권":50,
            "30분내 이동가능 거점":40,
            "1시간내 이동가능 거점":100,
            "교통총점":57.0,
            "백화점":100,
            "아울렛몰":80,
            "대형마트":80,
            "은행":0,
            "병원":60,
            "종합병원":100,
            "공원":80,
            "혐오시설":0,
            "인프라총점":78.4,
            "초등학군":85.85,
            "중학군":45.1,
            "학군총점":53.25,
            "인구수":38.57,
            "인구증감":-8.31,
            "인구총점":24.506,
            "일자리":16.1,
            "소득수준":56.02,
            "일자리총점":28.076,
            "가치 총점":58.8575,
            "매매실거래년":20201218.0,
            "매매실거래가":90000.0,
            "전세실거래년":20211224.0,
            "전세실거래가":30450.0,
            "전세가율":37.18,
            "장기전세가율평균":68.38,
            "전세가율거품지수":31.2,
            "검색코드":3378,
            "세대수":371.0,
            "준공년월":"2001-09-24",
            "준공년차":22.0,
            "가까운역이름":"청량리",
            "가까운역거리":680.53,
            "역세권여부":"준역세권",
            "30분이내주요거점역":2,
            "1시간이내주요거점역":10,
            "3km이내백화점수":2,
            "5km이내아울렛몰수":1,
            "1km이내대형먀트수":1,
            "500m이내은행수":1,
            "500m이내병원수":29,
            "5km이내대형병원수":9,
            "500m이내공원수":1,
            "3km이내혐오시설수":0,
            "초등학교학업성취도":85.85,
            "중학교학업성취도":74.3,
            "용적률":299,
            "건폐율":21,
            "Y":37.586268,
            "X":127.04607,
            "rank":55.0,
            "area_info":"24평(82.23), 24평(82.43), 33평(109.71), 33평(109.71), 33평(109.44), 33평(109.73), 43평(144.54)",
            "last_sales":"2020-12-18,90000.0,33평(109.44)"
        },
        {
            "index":189,
            "아파트명":"그레이스힐타운(도시형)",
            "투자타입":"일반",
            "전용면적(m2)":"15.97",
            "전용면적(평)":"4평",
            "법정동주소":"서울시 동대문구 이문동 288-7",
            "도로명주소":"서울시 동대문구 이문로 116",
            "세대수":0,
            "입주년차":100,
            "용적률점수":"--",
            "건폐율점수":"--",
            "세대당주차수":0,
            "난방방식":30,
            "공급면적":"--",
            "전용률":"--",
            "욕실수":50,
            "현관타입":100,
            "주거총점":38.0,
            "지역구공급총점":0.0,
            "역세권":80,
            "30분내 이동가능 거점":40,
            "1시간내 이동가능 거점":100,
            "교통총점":72.0,
            "백화점":100,
            "아울렛몰":0,
            "대형마트":0,
            "은행":0,
            "병원":80,
            "종합병원":100,
            "공원":0,
            "혐오시설":0,
            "인프라총점":58.0,
            "초등학군":89.38,
            "중학군":46.46,
            "학군총점":55.044,
            "인구수":38.57,
            "인구증감":-8.31,
            "인구총점":24.506,
            "일자리":16.1,
            "소득수준":56.02,
            "일자리총점":28.076,
            "가치 총점":58.4566,
            "매매실거래년":"18000101",
            "매매실거래가":null,
            "전세실거래년":null,
            "전세실거래가":null,
            "전세가율":null,
            "장기전세가율평균":68.38,
            "전세가율거품지수":null,
            "검색코드":128229,
            "세대수":110.0,
            "준공년월":"2019-10-30",
            "준공년차":4.0,
            "가까운역이름":"외대앞",
            "가까운역거리":259.77,
            "역세권여부":"역세권",
            "30분이내주요거점역":2,
            "1시간이내주요거점역":11,
            "3km이내백화점수":1,
            "5km이내아울렛몰수":0,
            "1km이내대형먀트수":0,
            "500m이내은행수":1,
            "500m이내병원수":30,
            "5km이내대형병원수":11,
            "500m이내공원수":0,
            "3km이내혐오시설수":0,
            "초등학교학업성취도":89.38,
            "중학교학업성취도":75.1,
            "용적률":644,
            "건폐율":58,
            "Y":37.596971,
            "X":127.060827,
            "rank":56.0,
            "area_info":"4평(15.97)",
            "last_sales":"1800-01-01,nan,4평(15.97)"
        },
        {
            "index":470,
            "아파트명":"한신",
            "투자타입":"일반",
            "전용면적(m2)":"85.38",
            "전용면적(평)":"25평",
            "법정동주소":"서울시 동대문구 청량리동 60",
            "도로명주소":"서울시 동대문구 제기로 131",
            "세대수":90,
            "입주년차":0,
            "용적률점수":"--",
            "건폐율점수":"--",
            "세대당주차수":30,
            "난방방식":30,
            "공급면적":"--",
            "전용률":"--",
            "욕실수":50,
            "현관타입":10,
            "주거총점":45.0,
            "지역구공급총점":0.0,
            "역세권":50,
            "30분내 이동가능 거점":40,
            "1시간내 이동가능 거점":100,
            "교통총점":57.0,
            "백화점":100,
            "아울렛몰":80,
            "대형마트":80,
            "은행":0,
            "병원":30,
            "종합병원":100,
            "공원":0,
            "혐오시설":0,
            "인프라총점":73.0,
            "초등학군":85.85,
            "중학군":41.4,
            "학군총점":50.29,
            "인구수":38.57,
            "인구증감":-8.31,
            "인구총점":24.506,
            "일자리":16.1,
            "소득수준":56.02,
            "일자리총점":28.076,
            "가치 총점":58.3935,
            "매매실거래년":20211124.0,
            "매매실거래가":96000.0,
            "전세실거래년":20220108.0,
            "전세실거래가":32000.0,
            "전세가율":36.78,
            "장기전세가율평균":68.38,
            "전세가율거품지수":31.6,
            "검색코드":1128,
            "세대수":960.0,
            "준공년월":"1997-12-16",
            "준공년차":26.0,
            "가까운역이름":"회기",
            "가까운역거리":737.09,
            "역세권여부":"준역세권",
            "30분이내주요거점역":2,
            "1시간이내주요거점역":11,
            "3km이내백화점수":2,
            "5km이내아울렛몰수":1,
            "1km이내대형먀트수":1,
            "500m이내은행수":0,
            "500m이내병원수":7,
            "5km이내대형병원수":9,
            "500m이내공원수":0,
            "3km이내혐오시설수":0,
            "초등학교학업성취도":85.85,
            "중학교학업성취도":68.0,
            "용적률":275,
            "건폐율":23,
            "Y":37.588133,
            "X":127.049387,
            "rank":57.0,
            "area_info":"25평(85.38), 32평(107.52), 42평(140.57)",
            "last_sales":"2021-11-24,96000.0,32평(107.52)"
        },
        {
            "index":251,
            "아파트명":"위더스빌",
            "투자타입":"일반",
            "전용면적(m2)":"114.72",
            "전용면적(평)":"34평",
            "법정동주소":"서울시 동대문구 장안동 580",
            "도로명주소":"서울시 동대문구 한천로 42",
            "세대수":0,
            "입주년차":60,
            "용적률점수":"--",
            "건폐율점수":"--",
            "세대당주차수":80,
            "난방방식":30,
            "공급면적":"--",
            "전용률":"--",
            "욕실수":100,
            "현관타입":100,
            "주거총점":47.0,
            "지역구공급총점":0.0,
            "역세권":50,
            "30분내 이동가능 거점":20,
            "1시간내 이동가능 거점":100,
            "교통총점":51.0,
            "백화점":100,
            "아울렛몰":80,
            "대형마트":0,
            "은행":100,
            "병원":60,
            "종합병원":100,
            "공원":100,
            "혐오시설":0,
            "인프라총점":77.0,
            "초등학군":90.34,
            "중학군":40.12,
            "학군총점":50.164,
            "인구수":38.57,
            "인구증감":-8.31,
            "인구총점":24.506,
            "일자리":16.1,
            "소득수준":56.02,
            "일자리총점":28.076,
            "가치 총점":57.8746,
            "매매실거래년":20211012.0,
            "매매실거래가":94500.0,
            "전세실거래년":20210717.0,
            "전세실거래가":39900.0,
            "전세가율":59.55,
            "장기전세가율평균":68.38,
            "전세가율거품지수":8.83,
            "검색코드":101732,
            "세대수":157.0,
            "준공년월":"2011-08-04",
            "준공년차":12.0,
            "가까운역이름":"장한평",
            "가까운역거리":588.45,
            "역세권여부":"준역세권",
            "30분이내주요거점역":1,
            "1시간이내주요거점역":11,
            "3km이내백화점수":1,
            "5km이내아울렛몰수":1,
            "1km이내대형먀트수":0,
            "500m이내은행수":5,
            "500m이내병원수":29,
            "5km이내대형병원수":10,
            "500m이내공원수":2,
            "3km이내혐오시설수":0,
            "초등학교학업성취도":90.34,
            "중학교학업성취도":66.2,
            "용적률":389,
            "건폐율":55,
            "Y":37.566348,
            "X":127.062126,
            "rank":58.0,
            "area_info":"34평(114.72), 34평(114.14), 34평(114.99), 34평(115.19), 34평(115.05), 41평(136.49), 43평(144.9), 45평(150.07), 46평(155.36), 55평(184.37)",
            "last_sales":"2021-10-12,94500.0,45평(150.07)"
        },
        {
            "index":80,
            "아파트명":"신답경남",
            "투자타입":"재건축",
            "전용면적(m2)":"77.7",
            "전용면적(평)":"23평",
            "법정동주소":"서울시 동대문구 답십리동 645-8",
            "도로명주소":"서울시 동대문구 천호대로47길 62",
            "세대수":0,
            "입주년차":"--",
            "용적률점수":0,
            "건폐율점수":0,
            "세대당주차수":"--",
            "난방방식":"--",
            "공급면적":50,
            "전용률":60,
            "욕실수":"--",
            "현관타입":"--",
            "주거총점":5.5,
            "지역구공급총점":0.0,
            "역세권":50,
            "30분내 이동가능 거점":80,
            "1시간내 이동가능 거점":100,
            "교통총점":69.0,
            "백화점":100,
            "아울렛몰":80,
            "대형마트":100,
            "은행":20,
            "병원":60,
            "종합병원":100,
            "공원":0,
            "혐오시설":-50,
            "인프라총점":80.0,
            "초등학군":85.73,
            "중학군":42.84,
            "학군총점":51.418,
            "인구수":38.57,
            "인구증감":-8.31,
            "인구총점":24.506,
            "일자리":16.1,
            "소득수준":56.02,
            "일자리총점":28.076,
            "가치 총점":56.9627,
            "매매실거래년":20211009.0,
            "매매실거래가":89500.0,
            "전세실거래년":20211127.0,
            "전세실거래가":28350.0,
            "전세가율":38.31,
            "장기전세가율평균":68.38,
            "전세가율거품지수":30.07,
            "검색코드":330,
            "세대수":225.0,
            "준공년월":"1991-06-19",
            "준공년차":32.0,
            "가까운역이름":"신답",
            "가까운역거리":555.77,
            "역세권여부":"준역세권",
            "30분이내주요거점역":4,
            "1시간이내주요거점역":11,
            "3km이내백화점수":1,
            "5km이내아울렛몰수":1,
            "1km이내대형먀트수":2,
            "500m이내은행수":2,
            "500m이내병원수":13,
            "5km이내대형병원수":10,
            "500m이내공원수":0,
            "3km이내혐오시설수":1,
            "초등학교학업성취도":85.73,
            "중학교학업성취도":71.4,
            "용적률":306,
            "건폐율":0,
            "Y":37.57485,
            "X":127.044767,
            "rank":59.0,
            "area_info":"23평(77.7), 28평(94.86), 32평(108.22)",
            "last_sales":"2021-10-09,89500.0,32평(108.22)"
        },
        {
            "index":215,
            "아파트명":"이문웰츠타워",
            "투자타입":"일반",
            "전용면적(m2)":"107.51",
            "전용면적(평)":"32평",
            "법정동주소":"서울시 동대문구 이문동 292-10",
            "도로명주소":"서울시 동대문구 이문로 136",
            "세대수":0,
            "입주년차":40,
            "용적률점수":"--",
            "건폐율점수":"--",
            "세대당주차수":60,
            "난방방식":30,
            "공급면적":"--",
            "전용률":"--",
            "욕실수":100,
            "현관타입":100,
            "주거총점":40.0,
            "지역구공급총점":0.0,
            "역세권":80,
            "30분내 이동가능 거점":20,
            "1시간내 이동가능 거점":100,
            "교통총점":66.0,
            "백화점":100,
            "아울렛몰":0,
            "대형마트":0,
            "은행":0,
            "병원":60,
            "종합병원":100,
            "공원":0,
            "혐오시설":0,
            "인프라총점":56.0,
            "초등학군":89.38,
            "중학군":46.46,
            "학군총점":55.044,
            "인구수":38.57,
            "인구증감":-8.31,
            "인구총점":24.506,
            "일자리":16.1,
            "소득수준":56.02,
            "일자리총점":28.076,
            "가치 총점":56.1566,
            "매매실거래년":20201120.0,
            "매매실거래가":120000.0,
            "전세실거래년":20191122.0,
            "전세실거래가":30000.0,
            "전세가율":58.25,
            "장기전세가율평균":68.38,
            "전세가율거품지수":10.13,
            "검색코드":27048,
            "세대수":107.0,
            "준공년월":"2008-09-01",
            "준공년차":15.0,
            "가까운역이름":"외대앞",
            "가까운역거리":312.18,
            "역세권여부":"역세권",
            "30분이내주요거점역":1,
            "1시간이내주요거점역":11,
            "3km이내백화점수":1,
            "5km이내아울렛몰수":0,
            "1km이내대형먀트수":0,
            "500m이내은행수":1,
            "500m이내병원수":26,
            "5km이내대형병원수":11,
            "500m이내공원수":0,
            "3km이내혐오시설수":0,
            "초등학교학업성취도":89.38,
            "중학교학업성취도":75.1,
            "용적률":426,
            "건폐율":58,
            "Y":37.598495,
            "X":127.061757,
            "rank":60.0,
            "area_info":"32평(107.51), 33평(109.99), 33평(109.86), 37평(125.4), 43평(145.11), 83평(276.51)",
            "last_sales":"2020-11-20,120000.0,83평(276.51)"
        },
        {
            "index":580,
            "아파트명":"휘경롯데낙천대",
            "투자타입":"일반",
            "전용면적(m2)":"79.85",
            "전용면적(평)":"24평",
            "법정동주소":"서울시 동대문구 휘경동 109",
            "도로명주소":"서울시 동대문구 외대역동로1길 24",
            "세대수":0,
            "입주년차":20,
            "용적률점수":"--",
            "건폐율점수":"--",
            "세대당주차수":60,
            "난방방식":30,
            "공급면적":"--",
            "전용률":"--",
            "욕실수":100,
            "현관타입":100,
            "주거총점":36.0,
            "지역구공급총점":0.0,
            "역세권":80,
            "30분내 이동가능 거점":20,
            "1시간내 이동가능 거점":100,
            "교통총점":66.0,
            "백화점":100,
            "아울렛몰":0,
            "대형마트":0,
            "은행":20,
            "병원":60,
            "종합병원":100,
            "공원":80,
            "혐오시설":0,
            "인프라총점":60.4,
            "초등학군":89.41,
            "중학군":40.14,
            "학군총점":49.994,
            "인구수":38.57,
            "인구증감":-8.31,
            "인구총점":24.506,
            "일자리":16.1,
            "소득수준":56.02,
            "일자리총점":28.076,
            "가치 총점":55.9191,
            "매매실거래년":20210718.0,
            "매매실거래가":94500.0,
            "전세실거래년":20211218.0,
            "전세실거래가":33600.0,
            "전세가율":48.7,
            "장기전세가율평균":68.38,
            "전세가율거품지수":19.68,
            "검색코드":8752,
            "세대수":239.0,
            "준공년월":"2003-07-15",
            "준공년차":20.0,
            "가까운역이름":"외대앞",
            "가까운역거리":434.96,
            "역세권여부":"역세권",
            "30분이내주요거점역":1,
            "1시간이내주요거점역":12,
            "3km이내백화점수":1,
            "5km이내아울렛몰수":0,
            "1km이내대형먀트수":0,
            "500m이내은행수":2,
            "500m이내병원수":27,
            "5km이내대형병원수":11,
            "500m이내공원수":1,
            "3km이내혐오시설수":0,
            "초등학교학업성취도":89.41,
            "중학교학업성취도":65.3,
            "용적률":330,
            "건폐율":25,
            "Y":37.592265,
            "X":127.064678,
            "rank":61.0,
            "area_info":"24평(79.85), 32평(105.96), 32평(107.65), 41평(135.99)",
            "last_sales":"2021-07-18,94500.0,41평(135.99)"
        },
        {
            "index":521,
            "아파트명":"동양2차",
            "투자타입":"일반",
            "전용면적(m2)":"82.39",
            "전용면적(평)":"24평",
            "법정동주소":"서울시 동대문구 휘경동 117",
            "도로명주소":"서울시 동대문구 외대역동로 36",
            "세대수":0,
            "입주년차":20,
            "용적률점수":"--",
            "건폐율점수":"--",
            "세대당주차수":60,
            "난방방식":30,
            "공급면적":"--",
            "전용률":"--",
            "욕실수":100,
            "현관타입":100,
            "주거총점":36.0,
            "지역구공급총점":0.0,
            "역세권":80,
            "30분내 이동가능 거점":20,
            "1시간내 이동가능 거점":100,
            "교통총점":66.0,
            "백화점":100,
            "아울렛몰":0,
            "대형마트":0,
            "은행":20,
            "병원":60,
            "종합병원":100,
            "공원":80,
            "혐오시설":0,
            "인프라총점":60.4,
            "초등학군":89.18,
            "중학군":40.14,
            "학군총점":49.948,
            "인구수":38.57,
            "인구증감":-8.31,
            "인구총점":24.506,
            "일자리":16.1,
            "소득수준":56.02,
            "일자리총점":28.076,
            "가치 총점":55.9122,
            "매매실거래년":20210730.0,
            "매매실거래가":94000.0,
            "전세실거래년":20190511.0,
            "전세실거래가":27000.0,
            "전세가율":49.09,
            "장기전세가율평균":68.38,
            "전세가율거품지수":19.29,
            "검색코드":8750,
            "세대수":208.0,
            "준공년월":"2002-07-03",
            "준공년차":21.0,
            "가까운역이름":"외대앞",
            "가까운역거리":487.6,
            "역세권여부":"역세권",
            "30분이내주요거점역":1,
            "1시간이내주요거점역":10,
            "3km이내백화점수":1,
            "5km이내아울렛몰수":0,
            "1km이내대형먀트수":0,
            "500m이내은행수":2,
            "500m이내병원수":16,
            "5km이내대형병원수":11,
            "500m이내공원수":1,
            "3km이내혐오시설수":0,
            "초등학교학업성취도":89.18,
            "중학교학업성취도":65.3,
            "용적률":345,
            "건폐율":28,
            "Y":37.592415,
            "X":127.066601,
            "rank":62.0,
            "area_info":"24평(82.39), 34평(113.0), 34평(114.28), 43평(145.03)",
            "last_sales":"2021-07-30,94000.0,43평(145.03)"
        },
        {
            "index":31,
            "아파트명":"두산",
            "투자타입":"일반",
            "전용면적(m2)":"79.16",
            "전용면적(평)":"23평",
            "법정동주소":"서울시 동대문구 답십리동 990",
            "도로명주소":"서울시 동대문구 답십리로56길 21",
            "세대수":80,
            "입주년차":20,
            "용적률점수":"--",
            "건폐율점수":"--",
            "세대당주차수":30,
            "난방방식":30,
            "공급면적":"--",
            "전용률":"--",
            "욕실수":50,
            "현관타입":100,
            "주거총점":54.5,
            "지역구공급총점":0.0,
            "역세권":50,
            "30분내 이동가능 거점":20,
            "1시간내 이동가능 거점":100,
            "교통총점":51.0,
            "백화점":100,
            "아울렛몰":80,
            "대형마트":0,
            "은행":0,
            "병원":80,
            "종합병원":100,
            "공원":0,
            "혐오시설":0,
            "인프라총점":66.0,
            "초등학군":84.51,
            "중학군":38.72,
            "학군총점":47.878,
            "인구수":38.57,
            "인구증감":-8.31,
            "인구총점":24.506,
            "일자리":16.1,
            "소득수준":56.02,
            "일자리총점":28.076,
            "가치 총점":55.7317,
            "매매실거래년":20211002.0,
            "매매실거래가":85000.0,
            "전세실거래년":20210513.0,
            "전세실거래가":32500.0,
            "전세가율":38.24,
            "장기전세가율평균":68.38,
            "전세가율거품지수":30.14,
            "검색코드":3271,
            "세대수":739.0,
            "준공년월":"2000-08-02",
            "준공년차":23.0,
            "가까운역이름":"답십리",
            "가까운역거리":708.4,
            "역세권여부":"준역세권",
            "30분이내주요거점역":1,
            "1시간이내주요거점역":11,
            "3km이내백화점수":1,
            "5km이내아울렛몰수":1,
            "1km이내대형먀트수":0,
            "500m이내은행수":1,
            "500m이내병원수":32,
            "5km이내대형병원수":10,
            "500m이내공원수":0,
            "3km이내혐오시설수":0,
            "초등학교학업성취도":84.51,
            "중학교학업성취도":63.8,
            "용적률":266,
            "건폐율":22,
            "Y":37.569637,
            "X":127.059867,
            "rank":63.0,
            "area_info":"23평(79.16), 25평(85.11), 32평(108.69), 42평(141.33)",
            "last_sales":"2021-10-02,85000.0,23평(79.16)"
        },
        {
            "index":348,
            "아파트명":"장한평월드메르디앙2차",
            "투자타입":"일반",
            "전용면적(m2)":"71.34",
            "전용면적(평)":"21평",
            "법정동주소":"서울시 동대문구 장안동 575",
            "도로명주소":"서울시 동대문구 천호대로97길 61",
            "세대수":0,
            "입주년차":40,
            "용적률점수":"--",
            "건폐율점수":"--",
            "세대당주차수":30,
            "난방방식":30,
            "공급면적":"--",
            "전용률":"--",
            "욕실수":50,
            "현관타입":100,
            "주거총점":30.5,
            "지역구공급총점":0.0,
            "역세권":50,
            "30분내 이동가능 거점":60,
            "1시간내 이동가능 거점":100,
            "교통총점":63.0,
            "백화점":100,
            "아울렛몰":0,
            "대형마트":0,
            "은행":70,
            "병원":60,
            "종합병원":100,
            "공원":100,
            "혐오시설":0,
            "인프라총점":66.0,
            "초등학군":87.35,
            "중학군":40.12,
            "학군총점":49.566,
            "인구수":38.57,
            "인구증감":-8.31,
            "인구총점":24.506,
            "일자리":16.1,
            "소득수준":56.02,
            "일자리총점":28.076,
            "가치 총점":55.3849,
            "매매실거래년":20180528.0,
            "매매실거래가":54000.0,
            "전세실거래년":null,
            "전세실거래가":null,
            "전세가율":null,
            "장기전세가율평균":68.38,
            "전세가율거품지수":null,
            "검색코드":23817,
            "세대수":124.0,
            "준공년월":"2007-05-25",
            "준공년차":16.0,
            "가까운역이름":"장한평",
            "가까운역거리":623.5,
            "역세권여부":"준역세권",
            "30분이내주요거점역":3,
            "1시간이내주요거점역":12,
            "3km이내백화점수":2,
            "5km이내아울렛몰수":0,
            "1km이내대형먀트수":0,
            "500m이내은행수":4,
            "500m이내병원수":19,
            "5km이내대형병원수":9,
            "500m이내공원수":2,
            "3km이내혐오시설수":0,
            "초등학교학업성취도":87.35,
            "중학교학업성취도":66.2,
            "용적률":249,
            "건폐율":24,
            "Y":37.563492,
            "X":127.071206,
            "rank":64.0,
            "area_info":"21평(71.34), 27평(89.81), 27평(89.45), 31평(103.02), 33평(109.19), 33평(109.5), 33평(110.04)",
            "last_sales":"2018-05-28,54000.0,33평(110.04)"
        },
        {
            "index":595,
            "아파트명":"휘경해모로프레스티지",
            "투자타입":"일반",
            "전용면적(m2)":"80.84",
            "전용면적(평)":"24평",
            "법정동주소":"서울시 동대문구 휘경동 375",
            "도로명주소":"서울시 동대문구 외대역동로1길 60-3",
            "세대수":0,
            "입주년차":100,
            "용적률점수":"--",
            "건폐율점수":"--",
            "세대당주차수":30,
            "난방방식":30,
            "공급면적":"--",
            "전용률":"--",
            "욕실수":100,
            "현관타입":100,
            "주거총점":47.5,
            "지역구공급총점":0.0,
            "역세권":50,
            "30분내 이동가능 거점":20,
            "1시간내 이동가능 거점":100,
            "교통총점":51.0,
            "백화점":100,
            "아울렛몰":0,
            "대형마트":0,
            "은행":70,
            "병원":80,
            "종합병원":100,
            "공원":80,
            "혐오시설":0,
            "인프라총점":67.4,
            "초등학군":89.41,
            "중학군":40.14,
            "학군총점":49.994,
            "인구수":38.57,
            "인구증감":-8.31,
            "인구총점":24.506,
            "일자리":16.1,
            "소득수준":56.02,
            "일자리총점":28.076,
            "가치 총점":55.0691,
            "매매실거래년":20200112.0,
            "매매실거래가":90000.0,
            "전세실거래년":20201107.0,
            "전세실거래가":65000.0,
            "전세가율":141.3,
            "장기전세가율평균":68.38,
            "전세가율거품지수":-72.92,
            "검색코드":118948,
            "세대수":299.0,
            "준공년월":"2020-02-01",
            "준공년차":3.0,
            "가까운역이름":"외대앞",
            "가까운역거리":501.54,
            "역세권여부":"준역세권",
            "30분이내주요거점역":1,
            "1시간이내주요거점역":12,
            "3km이내백화점수":1,
            "5km이내아울렛몰수":0,
            "1km이내대형먀트수":0,
            "500m이내은행수":3,
            "500m이내병원수":35,
            "5km이내대형병원수":10,
            "500m이내공원수":1,
            "3km이내혐오시설수":0,
            "초등학교학업성취도":89.41,
            "중학교학업성취도":65.3,
            "용적률":249,
            "건폐율":20,
            "Y":37.591618,
            "X":127.062659,
            "rank":65.0,
            "area_info":"24평(80.84), 25평(82.82), 33평(111.06), 34평(112.73), 34평(112.54)",
            "last_sales":"2020-01-12,90000.0,33평(111.06)"
        },
        {
            "index":528,
            "아파트명":"브라운스톤휘경",
            "투자타입":"일반",
            "전용면적(m2)":"80.63",
            "전용면적(평)":"24평",
            "법정동주소":"서울시 동대문구 휘경동 368",
            "도로명주소":"서울시 동대문구 망우로20길 86",
            "세대수":50,
            "입주년차":60,
            "용적률점수":"--",
            "건폐율점수":"--",
            "세대당주차수":30,
            "난방방식":30,
            "공급면적":"--",
            "전용률":"--",
            "욕실수":100,
            "현관타입":100,
            "주거총점":57.0,
            "지역구공급총점":0.0,
            "역세권":50,
            "30분내 이동가능 거점":20,
            "1시간내 이동가능 거점":100,
            "교통총점":51.0,
            "백화점":100,
            "아울렛몰":0,
            "대형마트":0,
            "은행":20,
            "병원":60,
            "종합병원":100,
            "공원":80,
            "혐오시설":0,
            "인프라총점":60.4,
            "초등학군":89.18,
            "중학군":40.14,
            "학군총점":49.948,
            "인구수":38.57,
            "인구증감":-8.31,
            "인구총점":24.506,
            "일자리":16.1,
            "소득수준":56.02,
            "일자리총점":28.076,
            "가치 총점":54.8622,
            "매매실거래년":20211002.0,
            "매매실거래가":134500.0,
            "전세실거래년":20211004.0,
            "전세실거래가":55000.0,
            "전세가율":63.95,
            "장기전세가율평균":68.38,
            "전세가율거품지수":4.43,
            "검색코드":101768,
            "세대수":451.0,
            "준공년월":"2013-10-25",
            "준공년차":10.0,
            "가까운역이름":"외대앞",
            "가까운역거리":682.06,
            "역세권여부":"준역세권",
            "30분이내주요거점역":1,
            "1시간이내주요거점역":10,
            "3km이내백화점수":1,
            "5km이내아울렛몰수":0,
            "1km이내대형먀트수":0,
            "500m이내은행수":2,
            "500m이내병원수":17,
            "5km이내대형병원수":10,
            "500m이내공원수":1,
            "3km이내혐오시설수":0,
            "초등학교학업성취도":89.18,
            "중학교학업성취도":65.3,
            "용적률":221,
            "건폐율":21,
            "Y":37.590341,
            "X":127.066305,
            "rank":66.0,
            "area_info":"24평(80.63), 24평(80.83), 24평(82.64), 32평(107.62), 32평(108.45), 42평(140.48)",
            "last_sales":"2021-10-02,134500.0,42평(140.48)"
        },
        {
            "index":27,
            "아파트명":"동아",
            "투자타입":"일반",
            "전용면적(m2)":"89.86",
            "전용면적(평)":"27평",
            "법정동주소":"서울시 동대문구 답십리동 10",
            "도로명주소":"서울시 동대문구 한천로11길 10-1",
            "세대수":80,
            "입주년차":20,
            "용적률점수":"--",
            "건폐율점수":"--",
            "세대당주차수":30,
            "난방방식":30,
            "공급면적":"--",
            "전용률":"--",
            "욕실수":50,
            "현관타입":10,
            "주거총점":45.5,
            "지역구공급총점":0.0,
            "역세권":50,
            "30분내 이동가능 거점":20,
            "1시간내 이동가능 거점":100,
            "교통총점":51.0,
            "백화점":100,
            "아울렛몰":80,
            "대형마트":0,
            "은행":0,
            "병원":60,
            "종합병원":100,
            "공원":100,
            "혐오시설":0,
            "인프라총점":67.0,
            "초등학군":82.81,
            "중학군":40.12,
            "학군총점":48.658,
            "인구수":38.57,
            "인구증감":-8.31,
            "인구총점":24.506,
            "일자리":16.1,
            "소득수준":56.02,
            "일자리총점":28.076,
            "가치 총점":54.3487,
            "매매실거래년":20210917.0,
            "매매실거래가":95000.0,
            "전세실거래년":20220107.0,
            "전세실거래가":31500.0,
            "전세가율":39.38,
            "장기전세가율평균":68.38,
            "전세가율거품지수":29.0,
            "검색코드":3270,
            "세대수":741.0,
            "준공년월":"2001-11-23",
            "준공년차":22.0,
            "가까운역이름":"답십리",
            "가까운역거리":854.54,
            "역세권여부":"준역세권",
            "30분이내주요거점역":1,
            "1시간이내주요거점역":12,
            "3km이내백화점수":1,
            "5km이내아울렛몰수":1,
            "1km이내대형먀트수":0,
            "500m이내은행수":0,
            "500m이내병원수":19,
            "5km이내대형병원수":10,
            "500m이내공원수":2,
            "3km이내혐오시설수":0,
            "초등학교학업성취도":82.81,
            "중학교학업성취도":66.2,
            "용적률":328,
            "건폐율":23,
            "Y":37.569266,
            "X":127.061864,
            "rank":67.0,
            "area_info":"27평(89.86), 32평(108.68), 38평(127.99), 42평(141.94)",
            "last_sales":"2021-09-17,95000.0,42평(141.94)"
        },
        {
            "index":343,
            "아파트명":"장한평월드메르디앙1차",
            "투자타입":"일반",
            "전용면적(m2)":"79.73",
            "전용면적(평)":"24평",
            "법정동주소":"서울시 동대문구 장안동 573",
            "도로명주소":"서울시 동대문구 천호대로93길 56",
            "세대수":0,
            "입주년차":40,
            "용적률점수":"--",
            "건폐율점수":"--",
            "세대당주차수":30,
            "난방방식":30,
            "공급면적":"--",
            "전용률":"--",
            "욕실수":100,
            "현관타입":100,
            "주거총점":35.5,
            "지역구공급총점":0.0,
            "역세권":50,
            "30분내 이동가능 거점":40,
            "1시간내 이동가능 거점":100,
            "교통총점":57.0,
            "백화점":100,
            "아울렛몰":0,
            "대형마트":0,
            "은행":70,
            "병원":60,
            "종합병원":100,
            "공원":80,
            "혐오시설":0,
            "인프라총점":65.4,
            "초등학군":87.35,
            "중학군":40.12,
            "학군총점":49.566,
            "인구수":38.57,
            "인구증감":-8.31,
            "인구총점":24.506,
            "일자리":16.1,
            "소득수준":56.02,
            "일자리총점":28.076,
            "가치 총점":54.1049,
            "매매실거래년":20210906.0,
            "매매실거래가":83000.0,
            "전세실거래년":20111224.0,
            "전세실거래가":23000.0,
            "전세가율":42.75,
            "장기전세가율평균":68.38,
            "전세가율거품지수":25.63,
            "검색코드":19500,
            "세대수":123.0,
            "준공년월":"2006-06-08",
            "준공년차":17.0,
            "가까운역이름":"장한평",
            "가까운역거리":586.73,
            "역세권여부":"준역세권",
            "30분이내주요거점역":2,
            "1시간이내주요거점역":12,
            "3km이내백화점수":2,
            "5km이내아울렛몰수":0,
            "1km이내대형먀트수":0,
            "500m이내은행수":4,
            "500m이내병원수":23,
            "5km이내대형병원수":9,
            "500m이내공원수":1,
            "3km이내혐오시설수":0,
            "초등학교학업성취도":87.35,
            "중학교학업성취도":66.2,
            "용적률":249,
            "건폐율":23,
            "Y":37.56368,
            "X":127.07065,
            "rank":68.0,
            "area_info":"24평(79.73), 24평(80.24), 33평(110.08), 33평(110.62), 33평(111.47)",
            "last_sales":"2021-09-06,83000.0,33평(111.47)"
        },
        {
            "index":590,
            "아파트명":"휘경센트레빌",
            "투자타입":"일반",
            "전용면적(m2)":"111.89",
            "전용면적(평)":"33평",
            "법정동주소":"서울시 동대문구 휘경동 367",
            "도로명주소":"서울시 동대문구 외대역동로 14",
            "세대수":0,
            "입주년차":60,
            "용적률점수":"--",
            "건폐율점수":"--",
            "세대당주차수":30,
            "난방방식":30,
            "공급면적":"--",
            "전용률":"--",
            "욕실수":100,
            "현관타입":100,
            "주거총점":39.5,
            "지역구공급총점":0.0,
            "역세권":50,
            "30분내 이동가능 거점":40,
            "1시간내 이동가능 거점":100,
            "교통총점":57.0,
            "백화점":100,
            "아울렛몰":0,
            "대형마트":0,
            "은행":20,
            "병원":60,
            "종합병원":100,
            "공원":0,
            "혐오시설":0,
            "인프라총점":58.0,
            "초등학군":89.18,
            "중학군":47.48,
            "학군총점":55.82,
            "인구수":38.57,
            "인구증감":-8.31,
            "인구총점":24.506,
            "일자리":16.1,
            "소득수준":56.02,
            "일자리총점":28.076,
            "가치 총점":53.623,
            "매매실거래년":20211112.0,
            "매매실거래가":106000.0,
            "전세실거래년":20210925.0,
            "전세실거래가":69000.0,
            "전세가율":65.71,
            "장기전세가율평균":68.38,
            "전세가율거품지수":2.67,
            "검색코드":27031,
            "세대수":297.0,
            "준공년월":"2011-09-29",
            "준공년차":12.0,
            "가까운역이름":"외대앞",
            "가까운역거리":670.86,
            "역세권여부":"준역세권",
            "30분이내주요거점역":2,
            "1시간이내주요거점역":10,
            "3km이내백화점수":1,
            "5km이내아울렛몰수":0,
            "1km이내대형먀트수":0,
            "500m이내은행수":2,
            "500m이내병원수":12,
            "5km이내대형병원수":10,
            "500m이내공원수":0,
            "3km이내혐오시설수":0,
            "초등학교학업성취도":89.18,
            "중학교학업성취도":78.8,
            "용적률":251,
            "건폐율":15,
            "Y":37.591484,
            "X":127.068492,
            "rank":69.0,
            "area_info":"33평(111.89), 33평(111.68), 33평(111.35), 44평(145.69), 44평(146.07)",
            "last_sales":"2021-11-12,106000.0,44평(145.69)"
        },
        {
            "index":525,
            "아파트명":"동일스위트리버",
            "투자타입":"일반",
            "전용면적(m2)":"79.19",
            "전용면적(평)":"23평",
            "법정동주소":"서울시 동대문구 휘경동 366",
            "도로명주소":"서울시 동대문구 한천로 300",
            "세대수":50,
            "입주년차":40,
            "용적률점수":"--",
            "건폐율점수":"--",
            "세대당주차수":30,
            "난방방식":30,
            "공급면적":"--",
            "전용률":"--",
            "욕실수":100,
            "현관타입":100,
            "주거총점":53.0,
            "지역구공급총점":0.0,
            "역세권":50,
            "30분내 이동가능 거점":20,
            "1시간내 이동가능 거점":100,
            "교통총점":51.0,
            "백화점":100,
            "아울렛몰":0,
            "대형마트":0,
            "은행":20,
            "병원":30,
            "종합병원":100,
            "공원":0,
            "혐오시설":0,
            "인프라총점":55.0,
            "초등학군":89.18,
            "중학군":47.48,
            "학군총점":55.82,
            "인구수":38.57,
            "인구증감":-8.31,
            "인구총점":24.506,
            "일자리":16.1,
            "소득수준":56.02,
            "일자리총점":28.076,
            "가치 총점":53.323,
            "매매실거래년":20211021.0,
            "매매실거래가":76000.0,
            "전세실거래년":20210414.0,
            "전세실거래가":49000.0,
            "전세가율":64.47,
            "장기전세가율평균":68.38,
            "전세가율거품지수":3.91,
            "검색코드":22508,
            "세대수":445.0,
            "준공년월":"2007-05-18",
            "준공년차":16.0,
            "가까운역이름":"회기",
            "가까운역거리":953.22,
            "역세권여부":"준역세권",
            "30분이내주요거점역":1,
            "1시간이내주요거점역":10,
            "3km이내백화점수":1,
            "5km이내아울렛몰수":0,
            "1km이내대형먀트수":0,
            "500m이내은행수":2,
            "500m이내병원수":9,
            "5km이내대형병원수":10,
            "500m이내공원수":0,
            "3km이내혐오시설수":0,
            "초등학교학업성취도":89.18,
            "중학교학업성취도":78.8,
            "용적률":246,
            "건폐율":17,
            "Y":37.587525,
            "X":127.068122,
            "rank":70.0,
            "area_info":"23평(79.19), 33평(110.11), 44평(145.55)",
            "last_sales":"2021-10-21,76000.0,23평(79.19)"
        },
        {
            "index":241,
            "아파트명":"서희스타힐스",
            "투자타입":"일반",
            "전용면적(m2)":"65.83",
            "전용면적(평)":"19평",
            "법정동주소":"서울시 동대문구 장안동 365-4",
            "도로명주소":"서울시 동대문구 장한로20길 7",
            "세대수":0,
            "입주년차":60,
            "용적률점수":"--",
            "건폐율점수":"--",
            "세대당주차수":0,
            "난방방식":30,
            "공급면적":"--",
            "전용률":"--",
            "욕실수":50,
            "현관타입":100,
            "주거총점":30.0,
            "지역구공급총점":0.0,
            "역세권":50,
            "30분내 이동가능 거점":20,
            "1시간내 이동가능 거점":100,
            "교통총점":51.0,
            "백화점":100,
            "아울렛몰":0,
            "대형마트":0,
            "은행":100,
            "병원":80,
            "종합병원":100,
            "공원":100,
            "혐오시설":0,
            "인프라총점":71.0,
            "초등학군":87.35,
            "중학군":40.12,
            "학군총점":49.566,
            "인구수":38.57,
            "인구증감":-8.31,
            "인구총점":24.506,
            "일자리":16.1,
            "소득수준":56.02,
            "일자리총점":28.076,
            "가치 총점":52.5849,
            "매매실거래년":20210505.0,
            "매매실거래가":66700.0,
            "전세실거래년":20210318.0,
            "전세실거래가":27500.0,
            "전세가율":72.37,
            "장기전세가율평균":68.38,
            "전세가율거품지수":-3.99,
            "검색코드":107672,
            "세대수":132.0,
            "준공년월":"2013-12-04",
            "준공년차":10.0,
            "가까운역이름":"장한평",
            "가까운역거리":970.04,
            "역세권여부":"준역세권",
            "30분이내주요거점역":1,
            "1시간이내주요거점역":10,
            "3km이내백화점수":1,
            "5km이내아울렛몰수":0,
            "1km이내대형먀트수":0,
            "500m이내은행수":5,
            "500m이내병원수":52,
            "5km이내대형병원수":10,
            "500m이내공원수":3,
            "3km이내혐오시설수":0,
            "초등학교학업성취도":87.35,
            "중학교학업성취도":66.2,
            "용적률":695,
            "건폐율":58,
            "Y":37.568891,
            "X":127.070347,
            "rank":71.0,
            "area_info":"19평(65.83), 21평(70.96), 29평(97.11), 33평(109.42), 33평(110.04), 34평(113.26)",
            "last_sales":"2021-05-05,66700.0,34평(113.26)"
        },
        {
            "index":362,
            "아파트명":"현대썬앤빌601(도시형)",
            "투자타입":"일반",
            "전용면적(m2)":"29.76",
            "전용면적(평)":"9평",
            "법정동주소":"서울시 동대문구 장안동 373-3",
            "도로명주소":"서울시 동대문구 장한로 91",
            "세대수":0,
            "입주년차":80,
            "용적률점수":"--",
            "건폐율점수":"--",
            "세대당주차수":0,
            "난방방식":30,
            "공급면적":"--",
            "전용률":"--",
            "욕실수":50,
            "현관타입":100,
            "주거총점":34.0,
            "지역구공급총점":0.0,
            "역세권":50,
            "30분내 이동가능 거점":20,
            "1시간내 이동가능 거점":100,
            "교통총점":51.0,
            "백화점":100,
            "아울렛몰":0,
            "대형마트":0,
            "은행":70,
            "병원":80,
            "종합병원":100,
            "공원":100,
            "혐오시설":0,
            "인프라총점":68.0,
            "초등학군":87.35,
            "중학군":40.12,
            "학군총점":49.566,
            "인구수":38.57,
            "인구증감":-8.31,
            "인구총점":24.506,
            "일자리":16.1,
            "소득수준":56.02,
            "일자리총점":28.076,
            "가치 총점":52.4849,
            "매매실거래년":20211122.0,
            "매매실거래가":14000.0,
            "전세실거래년":20160222.0,
            "전세실거래가":11000.0,
            "전세가율":null,
            "장기전세가율평균":68.38,
            "전세가율거품지수":null,
            "검색코드":107062,
            "세대수":193.0,
            "준공년월":"2015-10-02",
            "준공년차":8.0,
            "가까운역이름":"장한평",
            "가까운역거리":957.96,
            "역세권여부":"준역세권",
            "30분이내주요거점역":1,
            "1시간이내주요거점역":11,
            "3km이내백화점수":1,
            "5km이내아울렛몰수":0,
            "1km이내대형먀트수":0,
            "500m이내은행수":4,
            "500m이내병원수":51,
            "5km이내대형병원수":10,
            "500m이내공원수":3,
            "3km이내혐오시설수":0,
            "초등학교학업성취도":87.35,
            "중학교학업성취도":66.2,
            "용적률":929,
            "건폐율":54,
            "Y":37.56919,
            "X":127.06937,
            "rank":72.0,
            "area_info":"9평(29.76), 9평(30.63), 12평(40.61)",
            "last_sales":"2021-11-22,14000.0,9평(30.63)"
        },
        {
            "index":212,
            "아파트명":"이문삼익",
            "투자타입":"일반",
            "전용면적(m2)":"78.99",
            "전용면적(평)":"23평",
            "법정동주소":"서울시 동대문구 이문동 73",
            "도로명주소":"서울시 동대문구 한천로55길 9",
            "세대수":30,
            "입주년차":0,
            "용적률점수":"--",
            "건폐율점수":"--",
            "세대당주차수":0,
            "난방방식":30,
            "공급면적":"--",
            "전용률":"--",
            "욕실수":50,
            "현관타입":10,
            "주거총점":19.5,
            "지역구공급총점":0.0,
            "역세권":80,
            "30분내 이동가능 거점":20,
            "1시간내 이동가능 거점":100,
            "교통총점":66.0,
            "백화점":100,
            "아울렛몰":0,
            "대형마트":0,
            "은행":0,
            "병원":60,
            "종합병원":100,
            "공원":0,
            "혐오시설":0,
            "인프라총점":56.0,
            "초등학군":89.38,
            "중학군":46.46,
            "학군총점":55.044,
            "인구수":38.57,
            "인구증감":-8.31,
            "인구총점":24.506,
            "일자리":16.1,
            "소득수준":56.02,
            "일자리총점":28.076,
            "가치 총점":52.0566,
            "매매실거래년":20211211.0,
            "매매실거래가":75000.0,
            "전세실거래년":20220112.0,
            "전세실거래가":36000.0,
            "전세가율":48.0,
            "장기전세가율평균":68.38,
            "전세가율거품지수":20.38,
            "검색코드":1124,
            "세대수":353.0,
            "준공년월":"1997-12-30",
            "준공년차":26.0,
            "가까운역이름":"외대앞",
            "가까운역거리":334.62,
            "역세권여부":"역세권",
            "30분이내주요거점역":1,
            "1시간이내주요거점역":11,
            "3km이내백화점수":1,
            "5km이내아울렛몰수":0,
            "1km이내대형먀트수":0,
            "500m이내은행수":1,
            "500m이내병원수":17,
            "5km이내대형병원수":11,
            "500m이내공원수":0,
            "3km이내혐오시설수":0,
            "초등학교학업성취도":89.38,
            "중학교학업성취도":75.1,
            "용적률":397,
            "건폐율":27,
            "Y":37.596088,
            "X":127.067347,
            "rank":73.0,
            "area_info":"23평(78.99), 29평(96.78), 39평(130.7)",
            "last_sales":"2021-12-11,75000.0,23평(78.99)"
        },
        {
            "index":273,
            "아파트명":"장안래미안1차",
            "투자타입":"일반",
            "전용면적(m2)":"84.8",
            "전용면적(평)":"25평",
            "법정동주소":"서울시 동대문구 장안동 354-2",
            "도로명주소":"서울시 동대문구 장한로14길 81",
            "세대수":50,
            "입주년차":20,
            "용적률점수":"--",
            "건폐율점수":"--",
            "세대당주차수":30,
            "난방방식":30,
            "공급면적":"--",
            "전용률":"--",
            "욕실수":100,
            "현관타입":100,
            "주거총점":49.0,
            "지역구공급총점":0.0,
            "역세권":50,
            "30분내 이동가능 거점":20,
            "1시간내 이동가능 거점":100,
            "교통총점":51.0,
            "백화점":100,
            "아울렛몰":0,
            "대형마트":0,
            "은행":0,
            "병원":30,
            "종합병원":100,
            "공원":80,
            "혐오시설":0,
            "인프라총점":55.4,
            "초등학군":87.35,
            "중학군":40.12,
            "학군총점":49.566,
            "인구수":38.57,
            "인구증감":-8.31,
            "인구총점":24.506,
            "일자리":16.1,
            "소득수준":56.02,
            "일자리총점":28.076,
            "가치 총점":51.7049,
            "매매실거래년":20211221.0,
            "매매실거래가":81000.0,
            "전세실거래년":20201230.0,
            "전세실거래가":50000.0,
            "전세가율":51.55,
            "장기전세가율평균":68.38,
            "전세가율거품지수":16.83,
            "검색코드":3375,
            "세대수":558.0,
            "준공년월":"2003-04-30",
            "준공년차":20.0,
            "가까운역이름":"장한평",
            "가까운역거리":916.13,
            "역세권여부":"준역세권",
            "30분이내주요거점역":1,
            "1시간이내주요거점역":11,
            "3km이내백화점수":1,
            "5km이내아울렛몰수":0,
            "1km이내대형먀트수":0,
            "500m이내은행수":1,
            "500m이내병원수":6,
            "5km이내대형병원수":10,
            "500m이내공원수":1,
            "3km이내혐오시설수":0,
            "초등학교학업성취도":87.35,
            "중학교학업성취도":66.2,
            "용적률":297,
            "건폐율":23,
            "Y":37.56604,
            "X":127.073246,
            "rank":74.0,
            "area_info":"25평(84.8), 33평(110.24), 43평(144.17)",
            "last_sales":"2021-12-21,81000.0,33평(110.24)"
        },
        {
            "index":247,
            "아파트명":"신부파스카",
            "투자타입":"일반",
            "전용면적(m2)":"111.22",
            "전용면적(평)":"33평",
            "법정동주소":"서울시 동대문구 장안동 563",
            "도로명주소":"서울시 동대문구 장한로12길 35",
            "세대수":0,
            "입주년차":40,
            "용적률점수":"--",
            "건폐율점수":"--",
            "세대당주차수":30,
            "난방방식":30,
            "공급면적":"--",
            "전용률":"--",
            "욕실수":100,
            "현관타입":100,
            "주거총점":35.5,
            "지역구공급총점":0.0,
            "역세권":50,
            "30분내 이동가능 거점":20,
            "1시간내 이동가능 거점":90,
            "교통총점":49.0,
            "백화점":100,
            "아울렛몰":0,
            "대형마트":0,
            "은행":70,
            "병원":60,
            "종합병원":100,
            "공원":100,
            "혐오시설":0,
            "인프라총점":66.0,
            "초등학군":87.35,
            "중학군":40.12,
            "학군총점":49.566,
            "인구수":38.57,
            "인구증감":-8.31,
            "인구총점":24.506,
            "일자리":16.1,
            "소득수준":56.02,
            "일자리총점":28.076,
            "가치 총점":51.4849,
            "매매실거래년":20210818.0,
            "매매실거래가":79000.0,
            "전세실거래년":20211023.0,
            "전세실거래가":58500.0,
            "전세가율":74.05,
            "장기전세가율평균":68.38,
            "전세가율거품지수":-5.67,
            "검색코드":22690,
            "세대수":106.0,
            "준공년월":"2005-07-27",
            "준공년차":18.0,
            "가까운역이름":"장한평",
            "가까운역거리":664.39,
            "역세권여부":"준역세권",
            "30분이내주요거점역":1,
            "1시간이내주요거점역":9,
            "3km이내백화점수":2,
            "5km이내아울렛몰수":0,
            "1km이내대형먀트수":0,
            "500m이내은행수":4,
            "500m이내병원수":10,
            "5km이내대형병원수":9,
            "500m이내공원수":4,
            "3km이내혐오시설수":0,
            "초등학교학업성취도":87.35,
            "중학교학업성취도":66.2,
            "용적률":245,
            "건폐율":26,
            "Y":37.56568,
            "X":127.069934,
            "rank":75.0,
            "area_info":"33평(111.22), 33평(111.73)",
            "last_sales":"2021-08-18,79000.0,33평(111.22)"
        },
        {
            "index":192,
            "아파트명":"쌍용",
            "투자타입":"일반",
            "전용면적(m2)":"81.2",
            "전용면적(평)":"24평",
            "법정동주소":"서울시 동대문구 이문동 64",
            "도로명주소":"서울시 동대문구 한천로58길 47",
            "세대수":90,
            "입주년차":20,
            "용적률점수":"--",
            "건폐율점수":"--",
            "세대당주차수":30,
            "난방방식":30,
            "공급면적":"--",
            "전용률":"--",
            "욕실수":50,
            "현관타입":100,
            "주거총점":58.0,
            "지역구공급총점":0.0,
            "역세권":80,
            "30분내 이동가능 거점":40,
            "1시간내 이동가능 거점":100,
            "교통총점":72.0,
            "백화점":0,
            "아울렛몰":0,
            "대형마트":0,
            "은행":0,
            "병원":30,
            "종합병원":100,
            "공원":0,
            "혐오시설":0,
            "인프라총점":23.0,
            "초등학군":89.38,
            "중학군":39.14,
            "학군총점":49.188,
            "인구수":38.57,
            "인구증감":-8.31,
            "인구총점":24.506,
            "일자리":16.1,
            "소득수준":56.02,
            "일자리총점":28.076,
            "가치 총점":51.0782,
            "매매실거래년":20211123.0,
            "매매실거래가":74000.0,
            "전세실거래년":20220112.0,
            "전세실거래가":33600.0,
            "전세가율":45.41,
            "장기전세가율평균":68.38,
            "전세가율거품지수":22.97,
            "검색코드":3275,
            "세대수":1318.0,
            "준공년월":"2000-11-29",
            "준공년차":23.0,
            "가까운역이름":"신이문",
            "가까운역거리":188.49,
            "역세권여부":"역세권",
            "30분이내주요거점역":2,
            "1시간이내주요거점역":12,
            "3km이내백화점수":0,
            "5km이내아울렛몰수":0,
            "1km이내대형먀트수":0,
            "500m이내은행수":0,
            "500m이내병원수":7,
            "5km이내대형병원수":10,
            "500m이내공원수":0,
            "3km이내혐오시설수":0,
            "초등학교학업성취도":89.38,
            "중학교학업성취도":63.9,
            "용적률":343,
            "건폐율":22,
            "Y":37.60044,
            "X":127.068505,
            "rank":76.0,
            "area_info":"24평(81.2), 32평(108.76), 42평(140.7)",
            "last_sales":"2021-11-23,74000.0,24평(81.2)"
        },
        {
            "index":373,
            "아파트명":"래미안아름숲",
            "투자타입":"일반",
            "전용면적(m2)":"84.8",
            "전용면적(평)":"25평",
            "법정동주소":"서울시 동대문구 전농동 688",
            "도로명주소":"서울시 동대문구 전농로16길 51",
            "세대수":80,
            "입주년차":60,
            "용적률점수":"--",
            "건폐율점수":"--",
            "세대당주차수":60,
            "난방방식":30,
            "공급면적":"--",
            "전용률":"--",
            "욕실수":100,
            "현관타입":100,
            "주거총점":72.0,
            "지역구공급총점":0.0,
            "역세권":0,
            "30분내 이동가능 거점":20,
            "1시간내 이동가능 거점":100,
            "교통총점":26.0,
            "백화점":100,
            "아울렛몰":0,
            "대형마트":0,
            "은행":70,
            "병원":60,
            "종합병원":100,
            "공원":0,
            "혐오시설":0,
            "인프라총점":63.0,
            "초등학군":90.39,
            "중학군":49.14,
            "학군총점":57.39,
            "인구수":38.57,
            "인구증감":-8.31,
            "인구총점":24.506,
            "일자리":16.1,
            "소득수준":56.02,
            "일자리총점":28.076,
            "가치 총점":51.0085,
            "매매실거래년":20210625.0,
            "매매실거래가":140000.0,
            "전세실거래년":20211207.0,
            "전세실거래가":44000.0,
            "전세가율":42.72,
            "장기전세가율평균":68.38,
            "전세가율거품지수":25.66,
            "검색코드":26918,
            "세대수":719.0,
            "준공년월":"2012-07-26",
            "준공년차":11.0,
            "가까운역이름":"회기",
            "가까운역거리":1002.41,
            "역세권여부":"비역세권",
            "30분이내주요거점역":1,
            "1시간이내주요거점역":10,
            "3km이내백화점수":1,
            "5km이내아울렛몰수":0,
            "1km이내대형먀트수":0,
            "500m이내은행수":3,
            "500m이내병원수":20,
            "5km이내대형병원수":10,
            "500m이내공원수":0,
            "3km이내혐오시설수":0,
            "초등학교학업성취도":90.39,
            "중학교학업성취도":80.5,
            "용적률":181,
            "건폐율":19,
            "Y":37.580874,
            "X":127.06105,
            "rank":77.0,
            "area_info":"25평(84.8), 25평(84.85), 25평(85.69), 32평(108.69), 33평(109.55), 33평(110.36), 33평(111.92), 33평(111.4), 43평(144.3), 43평(145.14)",
            "last_sales":"2021-06-25,140000.0,43평(145.14)"
        },
        {
            "index":276,
            "아파트명":"장안래미안2차",
            "투자타입":"일반",
            "전용면적(m2)":"71.85",
            "전용면적(평)":"21평",
            "법정동주소":"서울시 동대문구 장안동 329-3",
            "도로명주소":"서울시 동대문구 장안벚꽃로 167",
            "세대수":100,
            "입주년차":40,
            "용적률점수":"--",
            "건폐율점수":"--",
            "세대당주차수":30,
            "난방방식":30,
            "공급면적":"--",
            "전용률":"--",
            "욕실수":100,
            "현관타입":100,
            "주거총점":70.5,
            "지역구공급총점":0.0,
            "역세권":0,
            "30분내 이동가능 거점":0,
            "1시간내 이동가능 거점":100,
            "교통총점":20.0,
            "백화점":100,
            "아울렛몰":0,
            "대형마트":80,
            "은행":20,
            "병원":80,
            "종합병원":100,
            "공원":100,
            "혐오시설":-50,
            "인프라총점":74.0,
            "초등학군":88.84,
            "중학군":41.2,
            "학군총점":50.728,
            "인구수":38.57,
            "인구증감":-8.31,
            "인구총점":24.506,
            "일자리":16.1,
            "소득수준":56.02,
            "일자리총점":28.076,
            "가치 총점":50.9092,
            "매매실거래년":20210811.0,
            "매매실거래가":140000.0,
            "전세실거래년":20210202.0,
            "전세실거래가":40000.0,
            "전세가율":49.38,
            "장기전세가율평균":68.38,
            "전세가율거품지수":19.0,
            "검색코드":8802,
            "세대수":1786.0,
            "준공년월":"2007-06-28",
            "준공년차":16.0,
            "가까운역이름":"용마산",
            "가까운역거리":1021.71,
            "역세권여부":"비역세권",
            "30분이내주요거점역":0,
            "1시간이내주요거점역":10,
            "3km이내백화점수":1,
            "5km이내아울렛몰수":0,
            "1km이내대형먀트수":1,
            "500m이내은행수":2,
            "500m이내병원수":43,
            "5km이내대형병원수":11,
            "500m이내공원수":2,
            "3km이내혐오시설수":1,
            "초등학교학업성취도":88.84,
            "중학교학업성취도":68.4,
            "용적률":299,
            "건폐율":19,
            "Y":37.574254,
            "X":127.075159,
            "rank":78.0,
            "area_info":"21평(71.85), 25평(82.69), 30평(100.78), 40평(132.47)",
            "last_sales":"2021-08-11,140000.0,40평(132.47)"
        },
        {
            "index":392,
            "아파트명":"전농SK",
            "투자타입":"일반",
            "전용면적(m2)":"80.32",
            "전용면적(평)":"24평",
            "법정동주소":"서울시 동대문구 전농동 10",
            "도로명주소":"서울시 동대문구 사가정로 148",
            "세대수":100,
            "입주년차":20,
            "용적률점수":"--",
            "건폐율점수":"--",
            "세대당주차수":30,
            "난방방식":30,
            "공급면적":"--",
            "전용률":"--",
            "욕실수":50,
            "현관타입":10,
            "주거총점":52.5,
            "지역구공급총점":0.0,
            "역세권":0,
            "30분내 이동가능 거점":20,
            "1시간내 이동가능 거점":100,
            "교통총점":26.0,
            "백화점":100,
            "아울렛몰":80,
            "대형마트":0,
            "은행":70,
            "병원":80,
            "종합병원":100,
            "공원":80,
            "혐오시설":0,
            "인프라총점":75.4,
            "초등학군":90.39,
            "중학군":49.14,
            "학군총점":57.39,
            "인구수":38.57,
            "인구증감":-8.31,
            "인구총점":24.506,
            "일자리":16.1,
            "소득수준":56.02,
            "일자리총점":28.076,
            "가치 총점":50.8285,
            "매매실거래년":20211025.0,
            "매매실거래가":87500.0,
            "전세실거래년":20220117.0,
            "전세실거래가":42000.0,
            "전세가율":47.19,
            "장기전세가율평균":68.38,
            "전세가율거품지수":21.19,
            "검색코드":3276,
            "세대수":1830.0,
            "준공년월":"2000-07-06",
            "준공년차":23.0,
            "가까운역이름":"청량리",
            "가까운역거리":1259.0,
            "역세권여부":"비역세권",
            "30분이내주요거점역":1,
            "1시간이내주요거점역":10,
            "3km이내백화점수":1,
            "5km이내아울렛몰수":1,
            "1km이내대형먀트수":0,
            "500m이내은행수":3,
            "500m이내병원수":37,
            "5km이내대형병원수":9,
            "500m이내공원수":1,
            "3km이내혐오시설수":0,
            "초등학교학업성취도":90.39,
            "중학교학업성취도":80.5,
            "용적률":275,
            "건폐율":20,
            "Y":37.576932,
            "X":127.060522,
            "rank":79.0,
            "area_info":"24평(80.32), 24평(81.16), 33평(109.64), 33평(109.5), 42평(141.81)",
            "last_sales":"2021-10-25,87500.0,24평(81.16)"
        },
        {
            "index":403,
            "아파트명":"전농우성",
            "투자타입":"재건축",
            "전용면적(m2)":"55.8",
            "전용면적(평)":"16평",
            "법정동주소":"서울시 동대문구 전농동 6",
            "도로명주소":"서울시 동대문구 사가정로 190",
            "세대수":90,
            "입주년차":"--",
            "용적률점수":60,
            "건폐율점수":100,
            "세대당주차수":"--",
            "난방방식":"--",
            "공급면적":50,
            "전용률":60,
            "욕실수":"--",
            "현관타입":"--",
            "주거총점":76.5,
            "지역구공급총점":0.0,
            "역세권":0,
            "30분내 이동가능 거점":20,
            "1시간내 이동가능 거점":100,
            "교통총점":26.0,
            "백화점":100,
            "아울렛몰":0,
            "대형마트":0,
            "은행":0,
            "병원":60,
            "종합병원":100,
            "공원":80,
            "혐오시설":0,
            "인프라총점":58.4,
            "초등학군":88.44,
            "중학군":49.14,
            "학군총점":57.0,
            "인구수":38.57,
            "인구증감":-8.31,
            "인구총점":24.506,
            "일자리":16.1,
            "소득수준":56.02,
            "일자리총점":28.076,
            "가치 총점":50.47,
            "매매실거래년":20211006.0,
            "매매실거래가":97000.0,
            "전세실거래년":20211220.0,
            "전세실거래가":22000.0,
            "전세가율":36.67,
            "장기전세가율평균":68.38,
            "전세가율거품지수":31.71,
            "검색코드":346,
            "세대수":1234.0,
            "준공년월":"1992-03-11",
            "준공년차":31.0,
            "가까운역이름":"회기",
            "가까운역거리":1495.11,
            "역세권여부":"비역세권",
            "30분이내주요거점역":1,
            "1시간이내주요거점역":10,
            "3km이내백화점수":1,
            "5km이내아울렛몰수":0,
            "1km이내대형먀트수":0,
            "500m이내은행수":1,
            "500m이내병원수":17,
            "5km이내대형병원수":11,
            "500m이내공원수":1,
            "3km이내혐오시설수":0,
            "초등학교학업성취도":88.44,
            "중학교학업성취도":80.5,
            "용적률":228,
            "건폐율":19,
            "Y":37.57728,
            "X":127.06477,
            "rank":80.0,
            "area_info":"16평(55.8), 22평(75.4), 28평(95.14), 38평(126.98), 41평(136.96)",
            "last_sales":"2021-10-06,97000.0,41평(136.96)"
        },
        {
            "index":228,
            "아파트명":"동대문더퍼스트데시앙",
            "투자타입":"일반",
            "전용면적(m2)":"82.17",
            "전용면적(평)":"24평",
            "법정동주소":"서울시 동대문구 장안동 587",
            "도로명주소":"서울시 동대문구 장한로27가길 37",
            "세대수":50,
            "입주년차":100,
            "용적률점수":"--",
            "건폐율점수":"--",
            "세대당주차수":30,
            "난방방식":30,
            "공급면적":"--",
            "전용률":"--",
            "욕실수":100,
            "현관타입":100,
            "주거총점":65.0,
            "지역구공급총점":0.0,
            "역세권":0,
            "30분내 이동가능 거점":20,
            "1시간내 이동가능 거점":100,
            "교통총점":26.0,
            "백화점":100,
            "아울렛몰":0,
            "대형마트":0,
            "은행":70,
            "병원":100,
            "종합병원":100,
            "공원":100,
            "혐오시설":-50,
            "인프라총점":69.0,
            "초등학군":88.84,
            "중학군":41.2,
            "학군총점":50.728,
            "인구수":38.57,
            "인구증감":-8.31,
            "인구총점":24.506,
            "일자리":16.1,
            "소득수준":56.02,
            "일자리총점":28.076,
            "가치 총점":50.4092,
            "매매실거래년":20211008.0,
            "매매실거래가":95000.0,
            "전세실거래년":20211110.0,
            "전세실거래가":39900.0,
            "전세가율":42.0,
            "장기전세가율평균":68.38,
            "전세가율거품지수":26.38,
            "검색코드":119787,
            "세대수":469.0,
            "준공년월":"2019-10-22",
            "준공년차":4.0,
            "가까운역이름":"용마산",
            "가까운역거리":1425.34,
            "역세권여부":"비역세권",
            "30분이내주요거점역":1,
            "1시간이내주요거점역":10,
            "3km이내백화점수":1,
            "5km이내아울렛몰수":0,
            "1km이내대형먀트수":0,
            "500m이내은행수":3,
            "500m이내병원수":63,
            "5km이내대형병원수":11,
            "500m이내공원수":2,
            "3km이내혐오시설수":1,
            "초등학교학업성취도":88.84,
            "중학교학업성취도":68.4,
            "용적률":247,
            "건폐율":26,
            "Y":37.574657,
            "X":127.070604,
            "rank":81.0,
            "area_info":"24평(82.17), 24평(82.44), 25평(82.98), 30평(102.29), 30평(102.25), 31평(103.25), 31평(103.24), 32평(107.91), 32평(107.82), 32평(107.81), 32평(107.92), 32평(108.0), 45평(150.2)",
            "last_sales":"2021-10-08,95000.0,24평(82.17)"
        },
        {
            "index":332,
            "아파트명":"장안힐스테이트",
            "투자타입":"일반",
            "전용면적(m2)":"78.61",
            "전용면적(평)":"23평",
            "법정동주소":"서울시 동대문구 장안동 329-2",
            "도로명주소":"서울시 동대문구 장안벚꽃로1길 7",
            "세대수":80,
            "입주년차":40,
            "용적률점수":"--",
            "건폐율점수":"--",
            "세대당주차수":30,
            "난방방식":30,
            "공급면적":"--",
            "전용률":"--",
            "욕실수":100,
            "현관타입":100,
            "주거총점":63.5,
            "지역구공급총점":0.0,
            "역세권":0,
            "30분내 이동가능 거점":20,
            "1시간내 이동가능 거점":100,
            "교통총점":26.0,
            "백화점":100,
            "아울렛몰":0,
            "대형마트":80,
            "은행":0,
            "병원":60,
            "종합병원":100,
            "공원":80,
            "혐오시설":-50,
            "인프라총점":69.4,
            "초등학군":85.83,
            "중학군":41.2,
            "학군총점":50.126,
            "인구수":38.57,
            "인구증감":-8.31,
            "인구총점":24.506,
            "일자리":16.1,
            "소득수준":56.02,
            "일자리총점":28.076,
            "가치 총점":50.1389,
            "매매실거래년":20210924.0,
            "매매실거래가":123000.0,
            "전세실거래년":20211106.0,
            "전세실거래가":63000.0,
            "전세가율":68.33,
            "장기전세가율평균":68.38,
            "전세가율거품지수":0.05,
            "검색코드":22636,
            "세대수":859.0,
            "준공년월":"2007-08-04",
            "준공년차":16.0,
            "가까운역이름":"용마산",
            "가까운역거리":1018.92,
            "역세권여부":"비역세권",
            "30분이내주요거점역":1,
            "1시간이내주요거점역":10,
            "3km이내백화점수":1,
            "5km이내아울렛몰수":0,
            "1km이내대형먀트수":1,
            "500m이내은행수":1,
            "500m이내병원수":25,
            "5km이내대형병원수":11,
            "500m이내공원수":1,
            "3km이내혐오시설수":1,
            "초등학교학업성취도":85.83,
            "중학교학업성취도":68.4,
            "용적률":249,
            "건폐율":15,
            "Y":37.576105,
            "X":127.075589,
            "rank":82.0,
            "area_info":"23평(78.61), 23평(78.53), 23평(78.53), 23평(78.53), 23평(78.63), 32평(107.96), 32평(107.51), 32평(108.73), 32평(108.73), 42평(139.74), 50평(165.96)",
            "last_sales":"2021-09-24,123000.0,32평(108.73)"
        },
        {
            "index":195,
            "아파트명":"이문e-편한세상",
            "투자타입":"일반",
            "전용면적(m2)":"85.31",
            "전용면적(평)":"25평",
            "법정동주소":"서울시 동대문구 이문동 225",
            "도로명주소":"서울시 동대문구 한천로63길 10",
            "세대수":90,
            "입주년차":20,
            "용적률점수":"--",
            "건폐율점수":"--",
            "세대당주차수":30,
            "난방방식":30,
            "공급면적":"--",
            "전용률":"--",
            "욕실수":100,
            "현관타입":100,
            "주거총점":63.0,
            "지역구공급총점":0.0,
            "역세권":80,
            "30분내 이동가능 거점":20,
            "1시간내 이동가능 거점":100,
            "교통총점":66.0,
            "백화점":0,
            "아울렛몰":0,
            "대형마트":0,
            "은행":0,
            "병원":30,
            "종합병원":100,
            "공원":0,
            "혐오시설":0,
            "인프라총점":23.0,
            "초등학군":89.38,
            "중학군":39.14,
            "학군총점":49.188,
            "인구수":38.57,
            "인구증감":-8.31,
            "인구총점":24.506,
            "일자리":16.1,
            "소득수준":56.02,
            "일자리총점":28.076,
            "가치 총점":49.9782,
            "매매실거래년":20211208.0,
            "매매실거래가":82000.0,
            "전세실거래년":20211230.0,
            "전세실거래가":47000.0,
            "전세가율":57.32,
            "장기전세가율평균":68.38,
            "전세가율거품지수":11.06,
            "검색코드":8199,
            "세대수":1378.0,
            "준공년월":"2003-07-09",
            "준공년차":20.0,
            "가까운역이름":"신이문",
            "가까운역거리":393.02,
            "역세권여부":"역세권",
            "30분이내주요거점역":1,
            "1시간이내주요거점역":11,
            "3km이내백화점수":0,
            "5km이내아울렛몰수":0,
            "1km이내대형먀트수":0,
            "500m이내은행수":0,
            "500m이내병원수":8,
            "5km이내대형병원수":11,
            "500m이내공원수":0,
            "3km이내혐오시설수":0,
            "초등학교학업성취도":89.38,
            "중학교학업성취도":63.9,
            "용적률":251,
            "건폐율":17,
            "Y":37.6048,
            "X":127.06486,
            "rank":83.0,
            "area_info":"25평(85.31), 32평(107.25), 34평(114.69), 44평(147.2), 50평(166.9)",
            "last_sales":"2021-12-08,82000.0,25평(85.31)"
        },
        {
            "index":3,
            "아파트명":"답십리청솔우성",
            "투자타입":"일반",
            "전용면적(m2)":"78.45",
            "전용면적(평)":"23평",
            "법정동주소":"서울시 동대문구 답십리동 80",
            "도로명주소":"서울시 동대문구 전농로10길 20",
            "세대수":100,
            "입주년차":20,
            "용적률점수":"--",
            "건폐율점수":"--",
            "세대당주차수":0,
            "난방방식":30,
            "공급면적":"--",
            "전용률":"--",
            "욕실수":50,
            "현관타입":100,
            "주거총점":57.0,
            "지역구공급총점":0.0,
            "역세권":0,
            "30분내 이동가능 거점":20,
            "1시간내 이동가능 거점":90,
            "교통총점":24.0,
            "백화점":100,
            "아울렛몰":80,
            "대형마트":0,
            "은행":70,
            "병원":80,
            "종합병원":100,
            "공원":80,
            "혐오시설":0,
            "인프라총점":75.4,
            "초등학군":88.55,
            "중학군":38.72,
            "학군총점":48.686,
            "인구수":38.57,
            "인구증감":-8.31,
            "인구총점":24.506,
            "일자리":16.1,
            "소득수준":56.02,
            "일자리총점":28.076,
            "가치 총점":49.7229,
            "매매실거래년":20211125.0,
            "매매실거래가":85000.0,
            "전세실거래년":20211118.0,
            "전세실거래가":55000.0,
            "전세가율":64.71,
            "장기전세가율평균":68.38,
            "전세가율거품지수":3.67,
            "검색코드":3273,
            "세대수":1542.0,
            "준공년월":"2000-03-18",
            "준공년차":23.0,
            "가까운역이름":"답십리",
            "가까운역거리":1089.9,
            "역세권여부":"비역세권",
            "30분이내주요거점역":1,
            "1시간이내주요거점역":9,
            "3km이내백화점수":1,
            "5km이내아울렛몰수":1,
            "1km이내대형먀트수":0,
            "500m이내은행수":3,
            "500m이내병원수":53,
            "5km이내대형병원수":10,
            "500m이내공원수":1,
            "3km이내혐오시설수":0,
            "초등학교학업성취도":88.55,
            "중학교학업성취도":63.8,
            "용적률":258,
            "건폐율":19,
            "Y":37.574897,
            "X":127.059574,
            "rank":84.0,
            "area_info":"23평(78.45), 23평(78.25), 32평(108.21), 42평(140.69)",
            "last_sales":"2021-11-25,85000.0,23평(78.45)"
        },
        {
            "index":200,
            "아파트명":"이문대우",
            "투자타입":"일반",
            "전용면적(m2)":"116.28",
            "전용면적(평)":"35평",
            "법정동주소":"서울시 동대문구 이문동 45",
            "도로명주소":"서울시 동대문구 한천로58길 139",
            "세대수":50,
            "입주년차":20,
            "용적률점수":"--",
            "건폐율점수":"--",
            "세대당주차수":30,
            "난방방식":30,
            "공급면적":"--",
            "전용률":"--",
            "욕실수":100,
            "현관타입":100,
            "주거총점":49.0,
            "지역구공급총점":0.0,
            "역세권":80,
            "30분내 이동가능 거점":40,
            "1시간내 이동가능 거점":100,
            "교통총점":72.0,
            "백화점":0,
            "아울렛몰":0,
            "대형마트":0,
            "은행":0,
            "병원":30,
            "종합병원":100,
            "공원":0,
            "혐오시설":0,
            "인프라총점":23.0,
            "초등학군":89.38,
            "중학군":39.14,
            "학군총점":49.188,
            "인구수":38.57,
            "인구증감":-8.31,
            "인구총점":24.506,
            "일자리":16.1,
            "소득수준":56.02,
            "일자리총점":28.076,
            "가치 총점":49.2782,
            "매매실거래년":20211105.0,
            "매매실거래가":92000.0,
            "전세실거래년":20220112.0,
            "전세실거래가":37800.0,
            "전세가율":41.09,
            "장기전세가율평균":68.38,
            "전세가율거품지수":27.29,
            "검색코드":3374,
            "세대수":490.0,
            "준공년월":"2001-12-20",
            "준공년차":22.0,
            "가까운역이름":"신이문",
            "가까운역거리":268.82,
            "역세권여부":"역세권",
            "30분이내주요거점역":2,
            "1시간이내주요거점역":12,
            "3km이내백화점수":0,
            "5km이내아울렛몰수":0,
            "1km이내대형먀트수":0,
            "500m이내은행수":0,
            "500m이내병원수":7,
            "5km이내대형병원수":10,
            "500m이내공원수":0,
            "3km이내혐오시설수":0,
            "초등학교학업성취도":89.38,
            "중학교학업성취도":63.9,
            "용적률":314,
            "건폐율":21,
            "Y":37.602787,
            "X":127.07014,
            "rank":85.0,
            "area_info":"35평(116.28), 35평(116.04), 45평(149.71)",
            "last_sales":"2021-11-05,92000.0,35평(116.28)"
        },
        {
            "index":207,
            "아파트명":"이문삼성래미안1차",
            "투자타입":"일반",
            "전용면적(m2)":"77.82",
            "전용면적(평)":"23평",
            "법정동주소":"서울시 동대문구 이문동 425",
            "도로명주소":"서울시 동대문구 천장산로11길 22",
            "세대수":30,
            "입주년차":20,
            "용적률점수":"--",
            "건폐율점수":"--",
            "세대당주차수":60,
            "난방방식":30,
            "공급면적":"--",
            "전용률":"--",
            "욕실수":100,
            "현관타입":100,
            "주거총점":46.5,
            "지역구공급총점":0.0,
            "역세권":50,
            "30분내 이동가능 거점":0,
            "1시간내 이동가능 거점":90,
            "교통총점":43.0,
            "백화점":100,
            "아울렛몰":0,
            "대형마트":0,
            "은행":0,
            "병원":30,
            "종합병원":100,
            "공원":80,
            "혐오시설":0,
            "인프라총점":55.4,
            "초등학군":89.38,
            "중학군":46.46,
            "학군총점":55.044,
            "인구수":38.57,
            "인구증감":-8.31,
            "인구총점":24.506,
            "일자리":16.1,
            "소득수준":56.02,
            "일자리총점":28.076,
            "가치 총점":49.2266,
            "매매실거래년":20210416.0,
            "매매실거래가":102500.0,
            "전세실거래년":20220106.0,
            "전세실거래가":35700.0,
            "전세가율":49.58,
            "장기전세가율평균":68.38,
            "전세가율거품지수":18.8,
            "검색코드":11052,
            "세대수":379.0,
            "준공년월":"2001-11-07",
            "준공년차":22.0,
            "가까운역이름":"외대앞",
            "가까운역거리":754.05,
            "역세권여부":"준역세권",
            "30분이내주요거점역":0,
            "1시간이내주요거점역":9,
            "3km이내백화점수":3,
            "5km이내아울렛몰수":0,
            "1km이내대형먀트수":0,
            "500m이내은행수":1,
            "500m이내병원수":8,
            "5km이내대형병원수":12,
            "500m이내공원수":1,
            "3km이내혐오시설수":0,
            "초등학교학업성취도":89.38,
            "중학교학업성취도":75.1,
            "용적률":234,
            "건폐율":18,
            "Y":37.59994,
            "X":127.056518,
            "rank":86.0,
            "area_info":"23평(77.82), 32평(106.66), 33평(109.51), 41평(138.04), 53평(175.59)",
            "last_sales":"2021-04-16,102500.0,53평(175.59)"
        },
        {
            "index":575,
            "아파트명":"휘경롯데",
            "투자타입":"일반",
            "전용면적(m2)":"83.56",
            "전용면적(평)":"25평",
            "법정동주소":"서울시 동대문구 휘경동 78",
            "도로명주소":"서울시 동대문구 망우로 95",
            "세대수":0,
            "입주년차":20,
            "용적률점수":"--",
            "건폐율점수":"--",
            "세대당주차수":30,
            "난방방식":30,
            "공급면적":"--",
            "전용률":"--",
            "욕실수":50,
            "현관타입":10,
            "주거총점":17.5,
            "지역구공급총점":0.0,
            "역세권":50,
            "30분내 이동가능 거점":40,
            "1시간내 이동가능 거점":100,
            "교통총점":57.0,
            "백화점":100,
            "아울렛몰":0,
            "대형마트":0,
            "은행":20,
            "병원":60,
            "종합병원":100,
            "공원":80,
            "혐오시설":0,
            "인프라총점":60.4,
            "초등학군":89.41,
            "중학군":40.14,
            "학군총점":49.994,
            "인구수":38.57,
            "인구증감":-8.31,
            "인구총점":24.506,
            "일자리":16.1,
            "소득수준":56.02,
            "일자리총점":28.076,
            "가치 총점":49.0691,
            "매매실거래년":20211212.0,
            "매매실거래가":68500.0,
            "전세실거래년":20210901.0,
            "전세실거래가":28350.0,
            "전세가율":41.39,
            "장기전세가율평균":68.38,
            "전세가율거품지수":26.99,
            "검색코드":3278,
            "세대수":265.0,
            "준공년월":"2000-08-25",
            "준공년차":23.0,
            "가까운역이름":"회기",
            "가까운역거리":526.16,
            "역세권여부":"준역세권",
            "30분이내주요거점역":2,
            "1시간이내주요거점역":12,
            "3km이내백화점수":1,
            "5km이내아울렛몰수":0,
            "1km이내대형먀트수":0,
            "500m이내은행수":2,
            "500m이내병원수":23,
            "5km이내대형병원수":10,
            "500m이내공원수":1,
            "3km이내혐오시설수":0,
            "초등학교학업성취도":89.41,
            "중학교학업성취도":65.3,
            "용적률":318,
            "건폐율":24,
            "Y":37.590992,
            "X":127.063233,
            "rank":87.0,
            "area_info":"25평(83.56), 33평(109.18), 33평(111.65), 34평(115.42), 43평(143.19)",
            "last_sales":"2021-12-12,68500.0,25평(83.56)"
        },
        {
            "index":584,
            "아파트명":"휘경미소지움",
            "투자타입":"일반",
            "전용면적(m2)":"82.87",
            "전용면적(평)":"25평",
            "법정동주소":"서울시 동대문구 휘경동 106",
            "도로명주소":"서울시 동대문구 망우로 105",
            "세대수":30,
            "입주년차":20,
            "용적률점수":"--",
            "건폐율점수":"--",
            "세대당주차수":30,
            "난방방식":30,
            "공급면적":"--",
            "전용률":"--",
            "욕실수":50,
            "현관타입":10,
            "주거총점":28.0,
            "지역구공급총점":0.0,
            "역세권":50,
            "30분내 이동가능 거점":20,
            "1시간내 이동가능 거점":100,
            "교통총점":51.0,
            "백화점":100,
            "아울렛몰":0,
            "대형마트":0,
            "은행":20,
            "병원":60,
            "종합병원":100,
            "공원":80,
            "혐오시설":0,
            "인프라총점":60.4,
            "초등학군":89.18,
            "중학군":40.14,
            "학군총점":49.948,
            "인구수":38.57,
            "인구증감":-8.31,
            "인구총점":24.506,
            "일자리":16.1,
            "소득수준":56.02,
            "일자리총점":28.076,
            "가치 총점":49.0622,
            "매매실거래년":20210818.0,
            "매매실거래가":84000.0,
            "전세실거래년":20211104.0,
            "전세실거래가":42000.0,
            "전세가율":60.87,
            "장기전세가율평균":68.38,
            "전세가율거품지수":7.51,
            "검색코드":356,
            "세대수":345.0,
            "준공년월":"1999-08-31",
            "준공년차":24.0,
            "가까운역이름":"외대앞",
            "가까운역거리":511.79,
            "역세권여부":"준역세권",
            "30분이내주요거점역":1,
            "1시간이내주요거점역":11,
            "3km이내백화점수":1,
            "5km이내아울렛몰수":0,
            "1km이내대형먀트수":0,
            "500m이내은행수":2,
            "500m이내병원수":23,
            "5km이내대형병원수":10,
            "500m이내공원수":1,
            "3km이내혐오시설수":0,
            "초등학교학업성취도":89.18,
            "중학교학업성취도":65.3,
            "용적률":283,
            "건폐율":20,
            "Y":37.59156,
            "X":127.06469,
            "rank":88.0,
            "area_info":"25평(82.87), 33평(109.7), 43평(142.66)",
            "last_sales":"2021-08-18,84000.0,33평(109.7)"
        },
        {
            "index":567,
            "아파트명":"휘경동양",
            "투자타입":"일반",
            "전용면적(m2)":"61.13",
            "전용면적(평)":"18평",
            "법정동주소":"서울시 동대문구 휘경동 115",
            "도로명주소":"서울시 동대문구 망우로 135",
            "세대수":0,
            "입주년차":20,
            "용적률점수":"--",
            "건폐율점수":"--",
            "세대당주차수":30,
            "난방방식":30,
            "공급면적":"--",
            "전용률":"--",
            "욕실수":50,
            "현관타입":50,
            "주거총점":21.5,
            "지역구공급총점":0.0,
            "역세권":50,
            "30분내 이동가능 거점":20,
            "1시간내 이동가능 거점":100,
            "교통총점":51.0,
            "백화점":100,
            "아울렛몰":0,
            "대형마트":0,
            "은행":20,
            "병원":60,
            "종합병원":100,
            "공원":0,
            "혐오시설":0,
            "인프라총점":58.0,
            "초등학군":89.18,
            "중학군":40.14,
            "학군총점":49.948,
            "인구수":38.57,
            "인구증감":-8.31,
            "인구총점":24.506,
            "일자리":16.1,
            "소득수준":56.02,
            "일자리총점":28.076,
            "가치 총점":47.0422,
            "매매실거래년":20210401.0,
            "매매실거래가":89500.0,
            "전세실거래년":20211204.0,
            "전세실거래가":30000.0,
            "전세가율":103.45,
            "장기전세가율평균":68.38,
            "전세가율거품지수":-35.07,
            "검색코드":8749,
            "세대수":282.0,
            "준공년월":"2000-05-27",
            "준공년차":23.0,
            "가까운역이름":"외대앞",
            "가까운역거리":516.69,
            "역세권여부":"준역세권",
            "30분이내주요거점역":1,
            "1시간이내주요거점역":11,
            "3km이내백화점수":1,
            "5km이내아울렛몰수":0,
            "1km이내대형먀트수":0,
            "500m이내은행수":2,
            "500m이내병원수":13,
            "5km이내대형병원수":11,
            "500m이내공원수":0,
            "3km이내혐오시설수":0,
            "초등학교학업성취도":89.18,
            "중학교학업성취도":65.3,
            "용적률":349,
            "건폐율":26,
            "Y":37.592675,
            "X":127.067549,
            "rank":89.0,
            "area_info":"18평(61.13), 20평(69.29), 25평(83.93), 32평(108.33), 42평(141.59)",
            "last_sales":"2021-04-01,89500.0,42평(141.59)"
        },
        {
            "index":358,
            "아파트명":"현대",
            "투자타입":"재건축",
            "전용면적(m2)":"103.33",
            "전용면적(평)":"31평",
            "법정동주소":"서울시 동대문구 장안동 95-1",
            "도로명주소":"서울시 동대문구 한천로 224",
            "세대수":50,
            "입주년차":"--",
            "용적률점수":80,
            "건폐율점수":0,
            "세대당주차수":"--",
            "난방방식":"--",
            "공급면적":90,
            "전용률":100,
            "욕실수":"--",
            "현관타입":"--",
            "주거총점":56.5,
            "지역구공급총점":0.0,
            "역세권":0,
            "30분내 이동가능 거점":20,
            "1시간내 이동가능 거점":100,
            "교통총점":26.0,
            "백화점":100,
            "아울렛몰":0,
            "대형마트":0,
            "은행":0,
            "병원":60,
            "종합병원":100,
            "공원":100,
            "혐오시설":-50,
            "인프라총점":58.0,
            "초등학군":88.44,
            "중학군":52.56,
            "학군총점":59.736,
            "인구수":38.57,
            "인구증감":-8.31,
            "인구총점":24.506,
            "일자리":16.1,
            "소득수준":56.02,
            "일자리총점":28.076,
            "가치 총점":46.7604,
            "매매실거래년":20211208.0,
            "매매실거래가":88000.0,
            "전세실거래년":20211231.0,
            "전세실거래가":29000.0,
            "전세가율":41.61,
            "장기전세가율평균":68.38,
            "전세가율거품지수":26.77,
            "검색코드":100111,
            "세대수":456.0,
            "준공년월":"1984-06-30",
            "준공년차":39.0,
            "가까운역이름":"회기",
            "가까운역거리":1348.32,
            "역세권여부":"비역세권",
            "30분이내주요거점역":1,
            "1시간이내주요거점역":10,
            "3km이내백화점수":1,
            "5km이내아울렛몰수":0,
            "1km이내대형먀트수":0,
            "500m이내은행수":1,
            "500m이내병원수":17,
            "5km이내대형병원수":10,
            "500m이내공원수":2,
            "3km이내혐오시설수":1,
            "초등학교학업성취도":88.44,
            "중학교학업성취도":86.2,
            "용적률":184,
            "건폐율":0,
            "Y":37.581369,
            "X":127.06898,
            "rank":90.0,
            "area_info":"31평(103.33), 31평(103.39), 31평(103.4), 31평(103.34)",
            "last_sales":"2021-12-08,88000.0,31평(103.34)"
        },
        {
            "index":224,
            "아파트명":"현대",
            "투자타입":"일반",
            "전용면적(m2)":"86.1",
            "전용면적(평)":"26평",
            "법정동주소":"서울시 동대문구 이문동 54",
            "도로명주소":"서울시 동대문구 한천로58길 107",
            "세대수":50,
            "입주년차":20,
            "용적률점수":"--",
            "건폐율점수":"--",
            "세대당주차수":30,
            "난방방식":30,
            "공급면적":"--",
            "전용률":"--",
            "욕실수":50,
            "현관타입":10,
            "주거총점":35.0,
            "지역구공급총점":0.0,
            "역세권":80,
            "30분내 이동가능 거점":40,
            "1시간내 이동가능 거점":100,
            "교통총점":72.0,
            "백화점":0,
            "아울렛몰":0,
            "대형마트":0,
            "은행":0,
            "병원":30,
            "종합병원":100,
            "공원":0,
            "혐오시설":0,
            "인프라총점":23.0,
            "초등학군":89.38,
            "중학군":39.14,
            "학군총점":49.188,
            "인구수":38.57,
            "인구증감":-8.31,
            "인구총점":24.506,
            "일자리":16.1,
            "소득수준":56.02,
            "일자리총점":28.076,
            "가치 총점":46.4782,
            "매매실거래년":20211119.0,
            "매매실거래가":72700.0,
            "전세실거래년":20211120.0,
            "전세실거래가":37000.0,
            "전세가율":50.89,
            "장기전세가율평균":68.38,
            "전세가율거품지수":17.49,
            "검색코드":1125,
            "세대수":601.0,
            "준공년월":"2000-05-03",
            "준공년차":23.0,
            "가까운역이름":"신이문",
            "가까운역거리":262.95,
            "역세권여부":"역세권",
            "30분이내주요거점역":2,
            "1시간이내주요거점역":12,
            "3km이내백화점수":0,
            "5km이내아울렛몰수":0,
            "1km이내대형먀트수":0,
            "500m이내은행수":0,
            "500m이내병원수":7,
            "5km이내대형병원수":10,
            "500m이내공원수":0,
            "3km이내혐오시설수":0,
            "초등학교학업성취도":89.38,
            "중학교학업성취도":63.9,
            "용적률":338,
            "건폐율":22,
            "Y":37.601301,
            "X":127.070227,
            "rank":91.0,
            "area_info":"26평(86.1), 32평(107.94), 32평(108.05), 42평(141.19)",
            "last_sales":"2021-11-19,72700.0,26평(86.1)"
        },
        {
            "index":45,
            "아파트명":"래미안엘파인",
            "투자타입":"일반",
            "전용면적(m2)":"80.47",
            "전용면적(평)":"24평",
            "법정동주소":"서울시 동대문구 답십리동 1000",
            "도로명주소":"서울시 동대문구 한천로37길 33",
            "세대수":50,
            "입주년차":60,
            "용적률점수":"--",
            "건폐율점수":"--",
            "세대당주차수":30,
            "난방방식":30,
            "공급면적":"--",
            "전용률":"--",
            "욕실수":100,
            "현관타입":100,
            "주거총점":57.0,
            "지역구공급총점":0.0,
            "역세권":0,
            "30분내 이동가능 거점":20,
            "1시간내 이동가능 거점":90,
            "교통총점":24.0,
            "백화점":100,
            "아울렛몰":0,
            "대형마트":0,
            "은행":0,
            "병원":60,
            "종합병원":100,
            "공원":80,
            "혐오시설":0,
            "인프라총점":58.4,
            "초등학군":82.81,
            "중학군":49.14,
            "학군총점":55.874,
            "인구수":38.57,
            "인구증감":-8.31,
            "인구총점":24.506,
            "일자리":16.1,
            "소득수준":56.02,
            "일자리총점":28.076,
            "가치 총점":45.7011,
            "매매실거래년":20211113.0,
            "매매실거래가":95000.0,
            "전세실거래년":20220113.0,
            "전세실거래가":50000.0,
            "전세가율":58.14,
            "장기전세가율평균":68.38,
            "전세가율거품지수":10.24,
            "검색코드":25118,
            "세대수":472.0,
            "준공년월":"2011-06-23",
            "준공년차":12.0,
            "가까운역이름":"답십리",
            "가까운역거리":1500.38,
            "역세권여부":"비역세권",
            "30분이내주요거점역":1,
            "1시간이내주요거점역":9,
            "3km이내백화점수":1,
            "5km이내아울렛몰수":0,
            "1km이내대형먀트수":0,
            "500m이내은행수":1,
            "500m이내병원수":21,
            "5km이내대형병원수":10,
            "500m이내공원수":1,
            "3km이내혐오시설수":0,
            "초등학교학업성취도":82.81,
            "중학교학업성취도":80.5,
            "용적률":248,
            "건폐율":19,
            "Y":37.575852,
            "X":127.065268,
            "rank":92.0,
            "area_info":"24평(80.47), 32평(108.7), 32평(108.3), 33평(109.1), 42평(139.63)",
            "last_sales":"2021-11-13,95000.0,32평(108.3)"
        },
        {
            "index":116,
            "아파트명":"청솔우성2차",
            "투자타입":"일반",
            "전용면적(m2)":"86.46",
            "전용면적(평)":"26평",
            "법정동주소":"서울시 동대문구 답십리동 80-2",
            "도로명주소":"서울시 동대문구 전농로10길 80",
            "세대수":0,
            "입주년차":20,
            "용적률점수":"--",
            "건폐율점수":"--",
            "세대당주차수":30,
            "난방방식":30,
            "공급면적":"--",
            "전용률":"--",
            "욕실수":50,
            "현관타입":100,
            "주거총점":26.5,
            "지역구공급총점":0.0,
            "역세권":0,
            "30분내 이동가능 거점":20,
            "1시간내 이동가능 거점":100,
            "교통총점":26.0,
            "백화점":100,
            "아울렛몰":80,
            "대형마트":0,
            "은행":70,
            "병원":80,
            "종합병원":100,
            "공원":80,
            "혐오시설":0,
            "인프라총점":75.4,
            "초등학군":90.39,
            "중학군":49.14,
            "학군총점":57.39,
            "인구수":38.57,
            "인구증감":-8.31,
            "인구총점":24.506,
            "일자리":16.1,
            "소득수준":56.02,
            "일자리총점":28.076,
            "가치 총점":45.6285,
            "매매실거래년":20211002.0,
            "매매실거래가":90000.0,
            "전세실거래년":20210222.0,
            "전세실거래가":48000.0,
            "전세가율":75.47,
            "장기전세가율평균":68.38,
            "전세가율거품지수":-7.09,
            "검색코드":3274,
            "세대수":127.0,
            "준공년월":"2000-12-13",
            "준공년차":23.0,
            "가까운역이름":"답십리",
            "가까운역거리":1304.35,
            "역세권여부":"비역세권",
            "30분이내주요거점역":1,
            "1시간이내주요거점역":10,
            "3km이내백화점수":1,
            "5km이내아울렛몰수":1,
            "1km이내대형먀트수":0,
            "500m이내은행수":3,
            "500m이내병원수":36,
            "5km이내대형병원수":10,
            "500m이내공원수":1,
            "3km이내혐오시설수":0,
            "초등학교학업성취도":90.39,
            "중학교학업성취도":80.5,
            "용적률":293,
            "건폐율":26,
            "Y":37.575863,
            "X":127.062018,
            "rank":93.0,
            "area_info":"26평(86.46), 33평(110.63)",
            "last_sales":"2021-10-02,90000.0,33평(110.63)"
        },
        {
            "index":280,
            "아파트명":"장안삼성쉐르빌",
            "투자타입":"일반",
            "전용면적(m2)":"131.67",
            "전용면적(평)":"39평",
            "법정동주소":"서울시 동대문구 장안동 371-1",
            "도로명주소":"서울시 동대문구 장한로 119",
            "세대수":0,
            "입주년차":20,
            "용적률점수":"--",
            "건폐율점수":"--",
            "세대당주차수":80,
            "난방방식":30,
            "공급면적":"--",
            "전용률":"--",
            "욕실수":100,
            "현관타입":100,
            "주거총점":39.0,
            "지역구공급총점":0.0,
            "역세권":0,
            "30분내 이동가능 거점":20,
            "1시간내 이동가능 거점":100,
            "교통총점":26.0,
            "백화점":100,
            "아울렛몰":0,
            "대형마트":0,
            "은행":70,
            "병원":100,
            "종합병원":100,
            "공원":100,
            "혐오시설":0,
            "인프라총점":70.0,
            "초등학군":88.84,
            "중학군":40.12,
            "학군총점":49.864,
            "인구수":38.57,
            "인구증감":-8.31,
            "인구총점":24.506,
            "일자리":16.1,
            "소득수준":56.02,
            "일자리총점":28.076,
            "가치 총점":45.3796,
            "매매실거래년":20211215.0,
            "매매실거래가":85000.0,
            "전세실거래년":20150227.0,
            "전세실거래가":23000.0,
            "전세가율":35.38,
            "장기전세가율평균":68.38,
            "전세가율거품지수":33.0,
            "검색코드":9045,
            "세대수":254.0,
            "준공년월":"2002-08-05",
            "준공년차":21.0,
            "가까운역이름":"장한평",
            "가까운역거리":1219.54,
            "역세권여부":"비역세권",
            "30분이내주요거점역":1,
            "1시간이내주요거점역":11,
            "3km이내백화점수":1,
            "5km이내아울렛몰수":0,
            "1km이내대형먀트수":0,
            "500m이내은행수":3,
            "500m이내병원수":60,
            "5km이내대형병원수":10,
            "500m이내공원수":2,
            "3km이내혐오시설수":0,
            "초등학교학업성취도":88.84,
            "중학교학업성취도":66.2,
            "용적률":809,
            "건폐율":59,
            "Y":37.571353,
            "X":127.070543,
            "rank":94.0,
            "area_info":"39평(131.67), 40평(133.02), 40평(134.1), 40평(134.38), 41평(135.99), 40평(135.18), 41평(138.12), 41평(138.16), 48평(160.76), 48평(161.75), 50평(165.53), 52평(172.52), 52평(173.82), 61평(203.42), 67평(222.69)",
            "last_sales":"2021-12-15,85000.0,52평(172.52)"
        },
        {
            "index":20,
            "아파트명":"동답한신",
            "투자타입":"재건축",
            "전용면적(m2)":"47.03",
            "전용면적(평)":"14평",
            "법정동주소":"서울시 동대문구 답십리동 42",
            "도로명주소":"서울시 동대문구 답십리로 210-30",
            "세대수":50,
            "입주년차":"--",
            "용적률점수":60,
            "건폐율점수":0,
            "세대당주차수":"--",
            "난방방식":"--",
            "공급면적":50,
            "전용률":60,
            "욕실수":"--",
            "현관타입":"--",
            "주거총점":44.5,
            "지역구공급총점":0.0,
            "역세권":0,
            "30분내 이동가능 거점":20,
            "1시간내 이동가능 거점":100,
            "교통총점":26.0,
            "백화점":100,
            "아울렛몰":80,
            "대형마트":0,
            "은행":0,
            "병원":60,
            "종합병원":100,
            "공원":80,
            "혐오시설":0,
            "인프라총점":66.4,
            "초등학군":82.81,
            "중학군":40.12,
            "학군총점":48.658,
            "인구수":38.57,
            "인구증감":-8.31,
            "인구총점":24.506,
            "일자리":16.1,
            "소득수준":56.02,
            "일자리총점":28.076,
            "가치 총점":45.2187,
            "매매실거래년":20211213.0,
            "매매실거래가":50000.0,
            "전세실거래년":20211215.0,
            "전세실거래가":18740.0,
            "전세가율":37.48,
            "장기전세가율평균":68.38,
            "전세가율거품지수":30.9,
            "검색코드":333,
            "세대수":600.0,
            "준공년월":"1992-01-03",
            "준공년차":31.0,
            "가까운역이름":"답십리",
            "가까운역거리":1005.46,
            "역세권여부":"비역세권",
            "30분이내주요거점역":1,
            "1시간이내주요거점역":11,
            "3km이내백화점수":1,
            "5km이내아울렛몰수":1,
            "1km이내대형먀트수":0,
            "500m이내은행수":0,
            "500m이내병원수":17,
            "5km이내대형병원수":9,
            "500m이내공원수":1,
            "3km이내혐오시설수":0,
            "초등학교학업성취도":82.81,
            "중학교학업성취도":66.2,
            "용적률":249,
            "건폐율":0,
            "Y":37.570752,
            "X":127.062932,
            "rank":95.0,
            "area_info":"14평(47.03), 17평(58.83), 23평(77.77), 33평(109.28), 34평(115.07)",
            "last_sales":"2021-12-13,50000.0,14평(47.03)"
        },
        {
            "index":190,
            "아파트명":"신이문금호어울림",
            "투자타입":"일반",
            "전용면적(m2)":"81.72",
            "전용면적(평)":"24평",
            "법정동주소":"서울시 동대문구 이문동 428",
            "도로명주소":"서울시 동대문구 신이문로 9",
            "세대수":0,
            "입주년차":40,
            "용적률점수":"--",
            "건폐율점수":"--",
            "세대당주차수":30,
            "난방방식":30,
            "공급면적":"--",
            "전용률":"--",
            "욕실수":100,
            "현관타입":100,
            "주거총점":35.5,
            "지역구공급총점":0.0,
            "역세권":80,
            "30분내 이동가능 거점":20,
            "1시간내 이동가능 거점":100,
            "교통총점":66.0,
            "백화점":0,
            "아울렛몰":0,
            "대형마트":0,
            "은행":0,
            "병원":30,
            "종합병원":100,
            "공원":0,
            "혐오시설":0,
            "인프라총점":23.0,
            "초등학군":89.38,
            "중학군":39.14,
            "학군총점":49.188,
            "인구수":38.57,
            "인구증감":-8.31,
            "인구총점":24.506,
            "일자리":16.1,
            "소득수준":56.02,
            "일자리총점":28.076,
            "가치 총점":44.4782,
            "매매실거래년":20210724.0,
            "매매실거래가":92500.0,
            "전세실거래년":20210526.0,
            "전세실거래가":14808.0,
            "전세가율":26.68,
            "장기전세가율평균":68.38,
            "전세가율거품지수":41.7,
            "검색코드":27090,
            "세대수":166.0,
            "준공년월":"2008-11-27",
            "준공년차":15.0,
            "가까운역이름":"신이문",
            "가까운역거리":444.21,
            "역세권여부":"역세권",
            "30분이내주요거점역":1,
            "1시간이내주요거점역":10,
            "3km이내백화점수":0,
            "5km이내아울렛몰수":0,
            "1km이내대형먀트수":0,
            "500m이내은행수":0,
            "500m이내병원수":8,
            "5km이내대형병원수":12,
            "500m이내공원수":0,
            "3km이내혐오시설수":0,
            "초등학교학업성취도":89.38,
            "중학교학업성취도":63.9,
            "용적률":196,
            "건폐율":23,
            "Y":37.604156,
            "X":127.063204,
            "rank":96.0,
            "area_info":"24평(81.72), 33평(109.1)",
            "last_sales":"2021-07-24,92500.0,33평(109.1)"
        },
        {
            "index":355,
            "아파트명":"한신",
            "투자타입":"일반",
            "전용면적(m2)":"109.46",
            "전용면적(평)":"33평",
            "법정동주소":"서울시 동대문구 장안동 555-1",
            "도로명주소":"서울시 동대문구 사가정로 245-3",
            "세대수":30,
            "입주년차":0,
            "용적률점수":"--",
            "건폐율점수":"--",
            "세대당주차수":0,
            "난방방식":30,
            "공급면적":"--",
            "전용률":"--",
            "욕실수":100,
            "현관타입":100,
            "주거총점":33.5,
            "지역구공급총점":0.0,
            "역세권":0,
            "30분내 이동가능 거점":20,
            "1시간내 이동가능 거점":100,
            "교통총점":26.0,
            "백화점":100,
            "아울렛몰":0,
            "대형마트":80,
            "은행":0,
            "병원":60,
            "종합병원":100,
            "공원":100,
            "혐오시설":-50,
            "인프라총점":70.0,
            "초등학군":85.83,
            "중학군":41.2,
            "학군총점":50.126,
            "인구수":38.57,
            "인구증감":-8.31,
            "인구총점":24.506,
            "일자리":16.1,
            "소득수준":56.02,
            "일자리총점":28.076,
            "가치 총점":44.3189,
            "매매실거래년":20211011.0,
            "매매실거래가":76700.0,
            "전세실거래년":20211106.0,
            "전세실거래가":59000.0,
            "전세가율":114.01,
            "장기전세가율평균":68.38,
            "전세가율거품지수":-45.63,
            "검색코드":345,
            "세대수":300.0,
            "준공년월":"1996-06-11",
            "준공년차":27.0,
            "가까운역이름":"용마산",
            "가까운역거리":1470.78,
            "역세권여부":"비역세권",
            "30분이내주요거점역":1,
            "1시간이내주요거점역":10,
            "3km이내백화점수":1,
            "5km이내아울렛몰수":0,
            "1km이내대형먀트수":1,
            "500m이내은행수":1,
            "500m이내병원수":21,
            "5km이내대형병원수":10,
            "500m이내공원수":2,
            "3km이내혐오시설수":1,
            "초등학교학업성취도":85.83,
            "중학교학업성취도":68.4,
            "용적률":323,
            "건폐율":28,
            "Y":37.579544,
            "X":127.071788,
            "rank":97.0,
            "area_info":"33평(109.46), 33평(110.09), 33평(110.01)",
            "last_sales":"2021-10-11,76700.0,33평(110.01)"
        },
        {
            "index":539,
            "아파트명":"주공1단지",
            "투자타입":"일반",
            "전용면적(m2)":"109.77",
            "전용면적(평)":"33평",
            "법정동주소":"서울시 동대문구 휘경동 57",
            "도로명주소":"서울시 동대문구 한천로 248",
            "세대수":90,
            "입주년차":20,
            "용적률점수":"--",
            "건폐율점수":"--",
            "세대당주차수":80,
            "난방방식":30,
            "공급면적":"--",
            "전용률":"--",
            "욕실수":100,
            "현관타입":50,
            "주거총점":65.5,
            "지역구공급총점":0.0,
            "역세권":0,
            "30분내 이동가능 거점":0,
            "1시간내 이동가능 거점":90,
            "교통총점":18.0,
            "백화점":100,
            "아울렛몰":0,
            "대형마트":0,
            "은행":0,
            "병원":30,
            "종합병원":100,
            "공원":80,
            "혐오시설":-50,
            "인프라총점":54.4,
            "초등학군":89.18,
            "중학군":47.48,
            "학군총점":55.82,
            "인구수":38.57,
            "인구증감":-8.31,
            "인구총점":24.506,
            "일자리":16.1,
            "소득수준":56.02,
            "일자리총점":28.076,
            "가치 총점":44.093,
            "매매실거래년":20210726.0,
            "매매실거래가":110000.0,
            "전세실거래년":20211107.0,
            "전세실거래가":38000.0,
            "전세가율":44.71,
            "장기전세가율평균":68.38,
            "전세가율거품지수":23.67,
            "검색코드":3379,
            "세대수":1224.0,
            "준공년월":"2001-11-15",
            "준공년차":22.0,
            "가까운역이름":"회기",
            "가까운역거리":1379.93,
            "역세권여부":"비역세권",
            "30분이내주요거점역":0,
            "1시간이내주요거점역":9,
            "3km이내백화점수":1,
            "5km이내아울렛몰수":0,
            "1km이내대형먀트수":0,
            "500m이내은행수":0,
            "500m이내병원수":7,
            "5km이내대형병원수":10,
            "500m이내공원수":1,
            "3km이내혐오시설수":1,
            "초등학교학업성취도":89.18,
            "중학교학업성취도":78.8,
            "용적률":257,
            "건폐율":20,
            "Y":37.58307,
            "X":127.071008,
            "rank":98.0,
            "area_info":"33평(109.77), 33평(110.48), 33평(110.46), 33평(110.51), 33평(110.37), 33평(110.43), 33평(110.34), 45평(149.41), 45평(149.71), 45평(149.27), 45평(149.58), 45평(149.06)",
            "last_sales":"2021-07-26,110000.0,45평(149.41)"
        },
        {
            "index":572,
            "아파트명":"휘경동일하이빌",
            "투자타입":"일반",
            "전용면적(m2)":"79.82",
            "전용면적(평)":"24평",
            "법정동주소":"서울시 동대문구 휘경동 365",
            "도로명주소":"서울시 동대문구 장안벚꽃로5길 10",
            "세대수":0,
            "입주년차":40,
            "용적률점수":"--",
            "건폐율점수":"--",
            "세대당주차수":60,
            "난방방식":30,
            "공급면적":"--",
            "전용률":"--",
            "욕실수":100,
            "현관타입":100,
            "주거총점":40.0,
            "지역구공급총점":0.0,
            "역세권":0,
            "30분내 이동가능 거점":20,
            "1시간내 이동가능 거점":90,
            "교통총점":24.0,
            "백화점":100,
            "아울렛몰":0,
            "대형마트":80,
            "은행":0,
            "병원":30,
            "종합병원":100,
            "공원":0,
            "혐오시설":-50,
            "인프라총점":64.0,
            "초등학군":85.83,
            "중학군":47.48,
            "학군총점":55.15,
            "인구수":38.57,
            "인구증감":-8.31,
            "인구총점":24.506,
            "일자리":16.1,
            "소득수준":56.02,
            "일자리총점":28.076,
            "가치 총점":43.8725,
            "매매실거래년":20210806.0,
            "매매실거래가":102000.0,
            "전세실거래년":20211112.0,
            "전세실거래가":34650.0,
            "전세가율":47.6,
            "장기전세가율평균":68.38,
            "전세가율거품지수":20.78,
            "검색코드":17534,
            "세대수":216.0,
            "준공년월":"2005-10-05",
            "준공년차":18.0,
            "가까운역이름":"사가정",
            "가까운역거리":1330.66,
            "역세권여부":"비역세권",
            "30분이내주요거점역":1,
            "1시간이내주요거점역":9,
            "3km이내백화점수":1,
            "5km이내아울렛몰수":0,
            "1km이내대형먀트수":1,
            "500m이내은행수":0,
            "500m이내병원수":8,
            "5km이내대형병원수":10,
            "500m이내공원수":0,
            "3km이내혐오시설수":1,
            "초등학교학업성취도":85.83,
            "중학교학업성취도":78.8,
            "용적률":248,
            "건폐율":23,
            "Y":37.581927,
            "X":127.073434,
            "rank":99.0,
            "area_info":"24평(79.82), 32평(107.19), 40평(134.04)",
            "last_sales":"2021-08-06,102000.0,40평(134.04)"
        },
        {
            "index":295,
            "아파트명":"장안정은스카이빌(101동)",
            "투자타입":"일반",
            "전용면적(m2)":"67.27",
            "전용면적(평)":"20평",
            "법정동주소":"서울시 동대문구 장안동 327",
            "도로명주소":"서울시 동대문구 답십리로69길 99",
            "세대수":0,
            "입주년차":40,
            "용적률점수":"--",
            "건폐율점수":"--",
            "세대당주차수":30,
            "난방방식":30,
            "공급면적":"--",
            "전용률":"--",
            "욕실수":50,
            "현관타입":100,
            "주거총점":30.5,
            "지역구공급총점":0.0,
            "역세권":0,
            "30분내 이동가능 거점":20,
            "1시간내 이동가능 거점":100,
            "교통총점":26.0,
            "백화점":100,
            "아울렛몰":0,
            "대형마트":80,
            "은행":0,
            "병원":60,
            "종합병원":100,
            "공원":80,
            "혐오시설":-50,
            "인프라총점":69.4,
            "초등학군":85.83,
            "중학군":41.2,
            "학군총점":50.126,
            "인구수":38.57,
            "인구증감":-8.31,
            "인구총점":24.506,
            "일자리":16.1,
            "소득수준":56.02,
            "일자리총점":28.076,
            "가치 총점":43.5389,
            "매매실거래년":20191225.0,
            "매매실거래가":61000.0,
            "전세실거래년":20140516.0,
            "전세실거래가":22000.0,
            "전세가율":78.57,
            "장기전세가율평균":68.38,
            "전세가율거품지수":-10.19,
            "검색코드":11391,
            "세대수":107.0,
            "준공년월":"2004-06-16",
            "준공년차":19.0,
            "가까운역이름":"용마산",
            "가까운역거리":1190.43,
            "역세권여부":"비역세권",
            "30분이내주요거점역":1,
            "1시간이내주요거점역":10,
            "3km이내백화점수":1,
            "5km이내아울렛몰수":0,
            "1km이내대형먀트수":1,
            "500m이내은행수":0,
            "500m이내병원수":21,
            "5km이내대형병원수":11,
            "500m이내공원수":1,
            "3km이내혐오시설수":1,
            "초등학교학업성취도":85.83,
            "중학교학업성취도":68.4,
            "용적률":298,
            "건폐율":25,
            "Y":37.576984,
            "X":127.073892,
            "rank":100.0,
            "area_info":"20평(67.27), 23평(77.82), 25평(84.84), 26평(88.16), 30평(99.62), 30평(100.2), 30평(100.72), 31평(103.32), 41평(136.06)",
            "last_sales":"2019-12-25,61000.0,41평(136.06)"
        },
        {
            "index":321,
            "아파트명":"장안현대홈타운2차",
            "투자타입":"일반",
            "전용면적(m2)":"97.12",
            "전용면적(평)":"29평",
            "법정동주소":"서울시 동대문구 장안동 569",
            "도로명주소":"서울시 동대문구 장한로26다길 84",
            "세대수":0,
            "입주년차":40,
            "용적률점수":"--",
            "건폐율점수":"--",
            "세대당주차수":30,
            "난방방식":30,
            "공급면적":"--",
            "전용률":"--",
            "욕실수":50,
            "현관타입":100,
            "주거총점":30.5,
            "지역구공급총점":0.0,
            "역세권":0,
            "30분내 이동가능 거점":20,
            "1시간내 이동가능 거점":100,
            "교통총점":26.0,
            "백화점":100,
            "아울렛몰":0,
            "대형마트":0,
            "은행":70,
            "병원":80,
            "종합병원":100,
            "공원":100,
            "혐오시설":0,
            "인프라총점":68.0,
            "초등학군":87.35,
            "중학군":40.12,
            "학군총점":49.566,
            "인구수":38.57,
            "인구증감":-8.31,
            "인구총점":24.506,
            "일자리":16.1,
            "소득수준":56.02,
            "일자리총점":28.076,
            "가치 총점":43.0349,
            "매매실거래년":20201223.0,
            "매매실거래가":76000.0,
            "전세실거래년":null,
            "전세실거래가":null,
            "전세가율":null,
            "장기전세가율평균":68.38,
            "전세가율거품지수":null,
            "검색코드":17804,
            "세대수":193.0,
            "준공년월":"2005-12-20",
            "준공년차":18.0,
            "가까운역이름":"장한평",
            "가까운역거리":1069.91,
            "역세권여부":"비역세권",
            "30분이내주요거점역":1,
            "1시간이내주요거점역":11,
            "3km이내백화점수":1,
            "5km이내아울렛몰수":0,
            "1km이내대형먀트수":0,
            "500m이내은행수":4,
            "500m이내병원수":56,
            "5km이내대형병원수":10,
            "500m이내공원수":3,
            "3km이내혐오시설수":0,
            "초등학교학업성취도":87.35,
            "중학교학업성취도":66.2,
            "용적률":274,
            "건폐율":28,
            "Y":37.569218,
            "X":127.071769,
            "rank":101.0,
            "area_info":"29평(97.12), 32평(107.09), 36평(119.35)",
            "last_sales":"2020-12-23,76000.0,29평(97.12)"
        },
        {
            "index":249,
            "아파트명":"양우내안애애플(도시형)",
            "투자타입":"일반",
            "전용면적(m2)":"23.73",
            "전용면적(평)":"7평",
            "법정동주소":"서울시 동대문구 장안동 373-1",
            "도로명주소":"서울시 동대문구 장한로 99",
            "세대수":0,
            "입주년차":80,
            "용적률점수":"--",
            "건폐율점수":"--",
            "세대당주차수":0,
            "난방방식":30,
            "공급면적":"--",
            "전용률":"--",
            "욕실수":50,
            "현관타입":10,
            "주거총점":25.0,
            "지역구공급총점":0.0,
            "역세권":0,
            "30분내 이동가능 거점":20,
            "1시간내 이동가능 거점":100,
            "교통총점":26.0,
            "백화점":100,
            "아울렛몰":0,
            "대형마트":0,
            "은행":100,
            "병원":80,
            "종합병원":100,
            "공원":100,
            "혐오시설":0,
            "인프라총점":71.0,
            "초등학군":87.35,
            "중학군":40.12,
            "학군총점":49.566,
            "인구수":38.57,
            "인구증감":-8.31,
            "인구총점":24.506,
            "일자리":16.1,
            "소득수준":56.02,
            "일자리총점":28.076,
            "가치 총점":42.8349,
            "매매실거래년":20211119.0,
            "매매실거래가":10500.0,
            "전세실거래년":20191228.0,
            "전세실거래가":10000.0,
            "전세가율":95.24,
            "장기전세가율평균":68.38,
            "전세가율거품지수":-26.86,
            "검색코드":106045,
            "세대수":105.0,
            "준공년월":"2014-05-30",
            "준공년차":9.0,
            "가까운역이름":"장한평",
            "가까운역거리":1034.94,
            "역세권여부":"비역세권",
            "30분이내주요거점역":1,
            "1시간이내주요거점역":10,
            "3km이내백화점수":1,
            "5km이내아울렛몰수":0,
            "1km이내대형먀트수":0,
            "500m이내은행수":5,
            "500m이내병원수":58,
            "5km이내대형병원수":10,
            "500m이내공원수":3,
            "3km이내혐오시설수":0,
            "초등학교학업성취도":87.35,
            "중학교학업성취도":66.2,
            "용적률":847,
            "건폐율":59,
            "Y":37.569806,
            "X":127.069769,
            "rank":102.0,
            "area_info":"7평(23.73), 7평(23.69)",
            "last_sales":"2021-11-19,10500.0,7평(23.73)"
        },
        {
            "index":551,
            "아파트명":"주공2단지",
            "투자타입":"일반",
            "전용면적(m2)":"57.61",
            "전용면적(평)":"17평",
            "법정동주소":"서울시 동대문구 휘경동 57",
            "도로명주소":"서울시 동대문구 한천로 248",
            "세대수":80,
            "입주년차":20,
            "용적률점수":"--",
            "건폐율점수":"--",
            "세대당주차수":60,
            "난방방식":30,
            "공급면적":"--",
            "전용률":"--",
            "욕실수":50,
            "현관타입":10,
            "주거총점":50.0,
            "지역구공급총점":0.0,
            "역세권":0,
            "30분내 이동가능 거점":0,
            "1시간내 이동가능 거점":100,
            "교통총점":20.0,
            "백화점":100,
            "아울렛몰":0,
            "대형마트":0,
            "은행":0,
            "병원":30,
            "종합병원":100,
            "공원":80,
            "혐오시설":-50,
            "인프라총점":54.4,
            "초등학군":89.18,
            "중학군":52.56,
            "학군총점":59.884,
            "인구수":38.57,
            "인구증감":-8.31,
            "인구총점":24.506,
            "일자리":16.1,
            "소득수준":56.02,
            "일자리총점":28.076,
            "가치 총점":42.3026,
            "매매실거래년":20210821.0,
            "매매실거래가":77000.0,
            "전세실거래년":20220113.0,
            "전세실거래가":22000.0,
            "전세가율":37.61,
            "장기전세가율평균":68.38,
            "전세가율거품지수":30.77,
            "검색코드":100207,
            "세대수":800.0,
            "준공년월":"2001-11-15",
            "준공년차":22.0,
            "가까운역이름":"회기",
            "가까운역거리":1285.57,
            "역세권여부":"비역세권",
            "30분이내주요거점역":0,
            "1시간이내주요거점역":10,
            "3km이내백화점수":1,
            "5km이내아울렛몰수":0,
            "1km이내대형먀트수":0,
            "500m이내은행수":0,
            "500m이내병원수":7,
            "5km이내대형병원수":10,
            "500m이내공원수":1,
            "3km이내혐오시설수":1,
            "초등학교학업성취도":89.18,
            "중학교학업성취도":86.2,
            "용적률":0,
            "건폐율":0,
            "Y":37.583287,
            "X":127.069919,
            "rank":103.0,
            "area_info":"17평(57.61), 17평(57.6), 25평(85.21), 26평(86.16), 26평(86.42)",
            "last_sales":"2021-08-21,77000.0,26평(86.16)"
        },
        {
            "index":324,
            "아파트명":"장안현대홈타운3차",
            "투자타입":"일반",
            "전용면적(m2)":"86.36",
            "전용면적(평)":"26평",
            "법정동주소":"서울시 동대문구 장안동 571",
            "도로명주소":"서울시 동대문구 장한로28가길 44",
            "세대수":0,
            "입주년차":40,
            "용적률점수":"--",
            "건폐율점수":"--",
            "세대당주차수":30,
            "난방방식":30,
            "공급면적":"--",
            "전용률":"--",
            "욕실수":50,
            "현관타입":100,
            "주거총점":30.5,
            "지역구공급총점":0.0,
            "역세권":0,
            "30분내 이동가능 거점":20,
            "1시간내 이동가능 거점":100,
            "교통총점":26.0,
            "백화점":100,
            "아울렛몰":0,
            "대형마트":0,
            "은행":20,
            "병원":80,
            "종합병원":100,
            "공원":100,
            "혐오시설":-50,
            "인프라총점":62.0,
            "초등학군":88.84,
            "중학군":41.2,
            "학군총점":50.728,
            "인구수":38.57,
            "인구증감":-8.31,
            "인구총점":24.506,
            "일자리":16.1,
            "소득수준":56.02,
            "일자리총점":28.076,
            "가치 총점":41.4092,
            "매매실거래년":20201231.0,
            "매매실거래가":78000.0,
            "전세실거래년":20211014.0,
            "전세실거래가":45000.0,
            "전세가율":76.27,
            "장기전세가율평균":68.38,
            "전세가율거품지수":-7.89,
            "검색코드":19223,
            "세대수":137.0,
            "준공년월":"2006-03-17",
            "준공년차":17.0,
            "가까운역이름":"용마산",
            "가까운역거리":1200.59,
            "역세권여부":"비역세권",
            "30분이내주요거점역":1,
            "1시간이내주요거점역":11,
            "3km이내백화점수":1,
            "5km이내아울렛몰수":0,
            "1km이내대형먀트수":0,
            "500m이내은행수":2,
            "500m이내병원수":52,
            "5km이내대형병원수":11,
            "500m이내공원수":2,
            "3km이내혐오시설수":1,
            "초등학교학업성취도":88.84,
            "중학교학업성취도":68.4,
            "용적률":251,
            "건폐율":26,
            "Y":37.574725,
            "X":127.073172,
            "rank":104.0,
            "area_info":"26평(86.36), 26평(87.24), 27평(90.37), 29평(97.71), 29평(98.49), 30평(99.53), 30평(101.55), 30평(101.57)",
            "last_sales":"2020-12-31,78000.0,30평(101.57)"
        },
        {
            "index":266,
            "아파트명":"장안뉴시티(도시형)",
            "투자타입":"일반",
            "전용면적(m2)":"27.73",
            "전용면적(평)":"8평",
            "법정동주소":"서울시 동대문구 장안동 372-5",
            "도로명주소":"서울시 동대문구 장한로 105",
            "세대수":0,
            "입주년차":60,
            "용적률점수":"--",
            "건폐율점수":"--",
            "세대당주차수":0,
            "난방방식":30,
            "공급면적":"--",
            "전용률":"--",
            "욕실수":50,
            "현관타입":10,
            "주거총점":21.0,
            "지역구공급총점":0.0,
            "역세권":0,
            "30분내 이동가능 거점":20,
            "1시간내 이동가능 거점":100,
            "교통총점":26.0,
            "백화점":100,
            "아울렛몰":0,
            "대형마트":0,
            "은행":70,
            "병원":80,
            "종합병원":100,
            "공원":100,
            "혐오시설":0,
            "인프라총점":68.0,
            "초등학군":87.35,
            "중학군":40.12,
            "학군총점":49.566,
            "인구수":38.57,
            "인구증감":-8.31,
            "인구총점":24.506,
            "일자리":16.1,
            "소득수준":56.02,
            "일자리총점":28.076,
            "가치 총점":41.1349,
            "매매실거래년":20210818.0,
            "매매실거래가":10500.0,
            "전세실거래년":20211228.0,
            "전세실거래가":11500.0,
            "전세가율":109.52,
            "장기전세가율평균":68.38,
            "전세가율거품지수":-41.14,
            "검색코드":103745,
            "세대수":149.0,
            "준공년월":"2012-01-18",
            "준공년차":11.0,
            "가까운역이름":"장한평",
            "가까운역거리":1067.15,
            "역세권여부":"비역세권",
            "30분이내주요거점역":1,
            "1시간이내주요거점역":11,
            "3km이내백화점수":1,
            "5km이내아울렛몰수":0,
            "1km이내대형먀트수":0,
            "500m이내은행수":4,
            "500m이내병원수":58,
            "5km이내대형병원수":10,
            "500m이내공원수":3,
            "3km이내혐오시설수":0,
            "초등학교학업성취도":87.35,
            "중학교학업성취도":66.2,
            "용적률":649,
            "건폐율":59,
            "Y":37.570068,
            "X":127.069925,
            "rank":105.0,
            "area_info":"8평(27.73), 8평(27.73), 8평(27.73), 8평(27.58), 8평(27.58), 8평(27.58), 8평(27.58)",
            "last_sales":"2021-08-18,10500.0,8평(27.73)"
        },
        {
            "index":74,
            "아파트명":"세양청마루",
            "투자타입":"일반",
            "전용면적(m2)":"106.26",
            "전용면적(평)":"32평",
            "법정동주소":"서울시 동대문구 답십리동 997",
            "도로명주소":"서울시 동대문구 답십리로59길 7",
            "세대수":0,
            "입주년차":40,
            "용적률점수":"--",
            "건폐율점수":"--",
            "세대당주차수":30,
            "난방방식":30,
            "공급면적":"--",
            "전용률":"--",
            "욕실수":100,
            "현관타입":100,
            "주거총점":35.5,
            "지역구공급총점":0.0,
            "역세권":0,
            "30분내 이동가능 거점":20,
            "1시간내 이동가능 거점":100,
            "교통총점":26.0,
            "백화점":100,
            "아울렛몰":0,
            "대형마트":0,
            "은행":0,
            "병원":60,
            "종합병원":100,
            "공원":80,
            "혐오시설":0,
            "인프라총점":58.4,
            "초등학군":82.81,
            "중학군":40.12,
            "학군총점":48.658,
            "인구수":38.57,
            "인구증감":-8.31,
            "인구총점":24.506,
            "일자리":16.1,
            "소득수준":56.02,
            "일자리총점":28.076,
            "가치 총점":41.0187,
            "매매실거래년":20210720.0,
            "매매실거래가":80000.0,
            "전세실거래년":20210808.0,
            "전세실거래가":65000.0,
            "전세가율":81.25,
            "장기전세가율평균":68.38,
            "전세가율거품지수":-12.87,
            "검색코드":9290,
            "세대수":231.0,
            "준공년월":"2005-04-27",
            "준공년차":18.0,
            "가까운역이름":"장한평",
            "가까운역거리":1351.37,
            "역세권여부":"비역세권",
            "30분이내주요거점역":1,
            "1시간이내주요거점역":10,
            "3km이내백화점수":1,
            "5km이내아울렛몰수":0,
            "1km이내대형먀트수":0,
            "500m이내은행수":1,
            "500m이내병원수":27,
            "5km이내대형병원수":10,
            "500m이내공원수":1,
            "3km이내혐오시설수":0,
            "초등학교학업성취도":82.81,
            "중학교학업성취도":66.2,
            "용적률":272,
            "건폐율":19,
            "Y":37.573559,
            "X":127.065772,
            "rank":106.0,
            "area_info":"32평(106.26), 32평(106.2)",
            "last_sales":"2021-07-20,80000.0,32평(106.26)"
        },
        {
            "index":587,
            "아파트명":"휘경베스트빌현대",
            "투자타입":"일반",
            "전용면적(m2)":"84.84",
            "전용면적(평)":"25평",
            "법정동주소":"서울시 동대문구 휘경동 52",
            "도로명주소":"서울시 동대문구 장안벚꽃로5길 19",
            "세대수":30,
            "입주년차":20,
            "용적률점수":"--",
            "건폐율점수":"--",
            "세대당주차수":30,
            "난방방식":30,
            "공급면적":"--",
            "전용률":"--",
            "욕실수":50,
            "현관타입":10,
            "주거총점":28.0,
            "지역구공급총점":0.0,
            "역세권":0,
            "30분내 이동가능 거점":20,
            "1시간내 이동가능 거점":90,
            "교통총점":24.0,
            "백화점":100,
            "아울렛몰":0,
            "대형마트":80,
            "은행":0,
            "병원":30,
            "종합병원":100,
            "공원":0,
            "혐오시설":-50,
            "인프라총점":64.0,
            "초등학군":85.83,
            "중학군":41.2,
            "학군총점":50.126,
            "인구수":38.57,
            "인구증감":-8.31,
            "인구총점":24.506,
            "일자리":16.1,
            "소득수준":56.02,
            "일자리총점":28.076,
            "가치 총점":40.7189,
            "매매실거래년":20210914.0,
            "매매실거래가":89700.0,
            "전세실거래년":20220103.0,
            "전세실거래가":38000.0,
            "전세가율":56.8,
            "장기전세가율평균":68.38,
            "전세가율거품지수":11.58,
            "검색코드":3000,
            "세대수":372.0,
            "준공년월":"2000-05-15",
            "준공년차":23.0,
            "가까운역이름":"사가정",
            "가까운역거리":1254.41,
            "역세권여부":"비역세권",
            "30분이내주요거점역":1,
            "1시간이내주요거점역":9,
            "3km이내백화점수":1,
            "5km이내아울렛몰수":0,
            "1km이내대형먀트수":1,
            "500m이내은행수":0,
            "500m이내병원수":7,
            "5km이내대형병원수":10,
            "500m이내공원수":0,
            "3km이내혐오시설수":1,
            "초등학교학업성취도":85.83,
            "중학교학업성취도":68.4,
            "용적률":362,
            "건폐율":21,
            "Y":37.581537,
            "X":127.074266,
            "rank":107.0,
            "area_info":"25평(84.84), 31평(104.34), 41평(136.09)",
            "last_sales":"2021-09-14,89700.0,41평(136.09)"
        },
        {
            "index":88,
            "아파트명":"우성그린",
            "투자타입":"일반",
            "전용면적(m2)":"83.36",
            "전용면적(평)":"25평",
            "법정동주소":"서울시 동대문구 답십리동 989-1",
            "도로명주소":"서울시 동대문구 답십리로59길 33",
            "세대수":50,
            "입주년차":0,
            "용적률점수":"--",
            "건폐율점수":"--",
            "세대당주차수":0,
            "난방방식":30,
            "공급면적":"--",
            "전용률":"--",
            "욕실수":50,
            "현관타입":10,
            "주거총점":26.5,
            "지역구공급총점":0.0,
            "역세권":0,
            "30분내 이동가능 거점":20,
            "1시간내 이동가능 거점":100,
            "교통총점":26.0,
            "백화점":100,
            "아울렛몰":0,
            "대형마트":0,
            "은행":0,
            "병원":60,
            "종합병원":100,
            "공원":100,
            "혐오시설":0,
            "인프라총점":59.0,
            "초등학군":82.81,
            "중학군":41.2,
            "학군총점":49.522,
            "인구수":38.57,
            "인구증감":-8.31,
            "인구총점":24.506,
            "일자리":16.1,
            "소득수준":56.02,
            "일자리총점":28.076,
            "가치 총점":39.5283,
            "매매실거래년":20210804.0,
            "매매실거래가":78000.0,
            "전세실거래년":20210904.0,
            "전세실거래가":27300.0,
            "전세가율":42.0,
            "장기전세가율평균":68.38,
            "전세가율거품지수":26.38,
            "검색코드":335,
            "세대수":496.0,
            "준공년월":"1997-05-23",
            "준공년차":26.0,
            "가까운역이름":"답십리",
            "가까운역거리":1496.81,
            "역세권여부":"비역세권",
            "30분이내주요거점역":1,
            "1시간이내주요거점역":11,
            "3km이내백화점수":1,
            "5km이내아울렛몰수":0,
            "1km이내대형먀트수":0,
            "500m이내은행수":1,
            "500m이내병원수":21,
            "5km이내대형병원수":10,
            "500m이내공원수":2,
            "3km이내혐오시설수":0,
            "초등학교학업성취도":82.81,
            "중학교학업성취도":68.4,
            "용적률":275,
            "건폐율":23,
            "Y":37.574958,
            "X":127.066162,
            "rank":108.0,
            "area_info":"25평(83.36), 32평(105.8), 32평(106.5)",
            "last_sales":"2021-08-04,78000.0,32평(106.5)"
        },
        {
            "index":16,
            "아파트명":"대림",
            "투자타입":"일반",
            "전용면적(m2)":"81.21",
            "전용면적(평)":"24평",
            "법정동주소":"서울시 동대문구 답십리동 808",
            "도로명주소":"서울시 동대문구 답십리로60길 38",
            "세대수":0,
            "입주년차":20,
            "용적률점수":"--",
            "건폐율점수":"--",
            "세대당주차수":30,
            "난방방식":30,
            "공급면적":"--",
            "전용률":"--",
            "욕실수":50,
            "현관타입":100,
            "주거총점":26.5,
            "지역구공급총점":0.0,
            "역세권":0,
            "30분내 이동가능 거점":20,
            "1시간내 이동가능 거점":100,
            "교통총점":26.0,
            "백화점":100,
            "아울렛몰":0,
            "대형마트":0,
            "은행":0,
            "병원":60,
            "종합병원":100,
            "공원":100,
            "혐오시설":0,
            "인프라총점":59.0,
            "초등학군":82.81,
            "중학군":40.12,
            "학군총점":48.658,
            "인구수":38.57,
            "인구증감":-8.31,
            "인구총점":24.506,
            "일자리":16.1,
            "소득수준":56.02,
            "일자리총점":28.076,
            "가치 총점":39.3987,
            "매매실거래년":20210807.0,
            "매매실거래가":106000.0,
            "전세실거래년":20211230.0,
            "전세실거래가":30000.0,
            "전세가율":50.59,
            "장기전세가율평균":68.38,
            "전세가율거품지수":17.79,
            "검색코드":3373,
            "세대수":228.0,
            "준공년월":"2003-01-08",
            "준공년차":20.0,
            "가까운역이름":"장한평",
            "가까운역거리":1068.67,
            "역세권여부":"비역세권",
            "30분이내주요거점역":1,
            "1시간이내주요거점역":11,
            "3km이내백화점수":1,
            "5km이내아울렛몰수":0,
            "1km이내대형먀트수":0,
            "500m이내은행수":0,
            "500m이내병원수":15,
            "5km이내대형병원수":9,
            "500m이내공원수":2,
            "3km이내혐오시설수":0,
            "초등학교학업성취도":82.81,
            "중학교학업성취도":66.2,
            "용적률":208,
            "건폐율":18,
            "Y":37.57104,
            "X":127.064049,
            "rank":109.0,
            "area_info":"24평(81.21), 32평(107.85), 32평(108.82), 42평(141.57)",
            "last_sales":"2021-08-07,106000.0,42평(141.57)"
        },
        {
            "index":534,
            "아파트명":"서울가든",
            "투자타입":"재건축",
            "전용면적(m2)":"92.93",
            "전용면적(평)":"28평",
            "법정동주소":"서울시 동대문구 휘경동 49-5",
            "도로명주소":"서울시 동대문구 겸재로 24",
            "세대수":0,
            "입주년차":"--",
            "용적률점수":80,
            "건폐율점수":0,
            "세대당주차수":"--",
            "난방방식":"--",
            "공급면적":70,
            "전용률":60,
            "욕실수":"--",
            "현관타입":"--",
            "주거총점":38.5,
            "지역구공급총점":0.0,
            "역세권":0,
            "30분내 이동가능 거점":0,
            "1시간내 이동가능 거점":100,
            "교통총점":20.0,
            "백화점":100,
            "아울렛몰":0,
            "대형마트":0,
            "은행":0,
            "병원":30,
            "종합병원":100,
            "공원":80,
            "혐오시설":-50,
            "인프라총점":54.4,
            "초등학군":89.18,
            "중학군":47.48,
            "학군총점":55.82,
            "인구수":38.57,
            "인구증감":-8.31,
            "인구총점":24.506,
            "일자리":16.1,
            "소득수준":56.02,
            "일자리총점":28.076,
            "가치 총점":39.393,
            "매매실거래년":20210818.0,
            "매매실거래가":62000.0,
            "전세실거래년":20210912.0,
            "전세실거래가":37000.0,
            "전세가율":59.68,
            "장기전세가율평균":68.38,
            "전세가율거품지수":8.7,
            "검색코드":358,
            "세대수":160.0,
            "준공년월":"1985-12-03",
            "준공년차":38.0,
            "가까운역이름":"중랑",
            "가까운역거리":1270.16,
            "역세권여부":"비역세권",
            "30분이내주요거점역":0,
            "1시간이내주요거점역":10,
            "3km이내백화점수":1,
            "5km이내아울렛몰수":0,
            "1km이내대형먀트수":0,
            "500m이내은행수":0,
            "500m이내병원수":5,
            "5km이내대형병원수":10,
            "500m이내공원수":1,
            "3km이내혐오시설수":1,
            "초등학교학업성취도":89.18,
            "중학교학업성취도":78.8,
            "용적률":202,
            "건폐율":0,
            "Y":37.584206,
            "X":127.071107,
            "rank":110.0,
            "area_info":"28평(92.93), 28평(92.94), 33평(109.94), 33평(110.57)",
            "last_sales":"2021-08-18,62000.0,28평(92.93)"
        }
    ]
}