{
    "schema":{
        "fields":[
            {
                "name":"index",
                "type":"integer"
            },
            {
                "name":"아파트명",
                "type":"string"
            },
            {
                "name":"투자타입",
                "type":"string"
            },
            {
                "name":"전용면적(m2)",
                "type":"string"
            },
            {
                "name":"전용면적(평)",
                "type":"string"
            },
            {
                "name":"법정동주소",
                "type":"string"
            },
            {
                "name":"도로명주소",
                "type":"string"
            },
            {
                "name":"세대수",
                "type":"integer"
            },
            {
                "name":"입주년차",
                "type":"string"
            },
            {
                "name":"용적률점수",
                "type":"string"
            },
            {
                "name":"건폐율점수",
                "type":"string"
            },
            {
                "name":"세대당주차수",
                "type":"string"
            },
            {
                "name":"난방방식",
                "type":"string"
            },
            {
                "name":"공급면적",
                "type":"string"
            },
            {
                "name":"전용률",
                "type":"string"
            },
            {
                "name":"욕실수",
                "type":"string"
            },
            {
                "name":"현관타입",
                "type":"string"
            },
            {
                "name":"주거총점",
                "type":"number"
            },
            {
                "name":"지역구공급총점",
                "type":"number"
            },
            {
                "name":"역세권",
                "type":"integer"
            },
            {
                "name":"30분내 이동가능 거점",
                "type":"integer"
            },
            {
                "name":"1시간내 이동가능 거점",
                "type":"integer"
            },
            {
                "name":"교통총점",
                "type":"number"
            },
            {
                "name":"백화점",
                "type":"integer"
            },
            {
                "name":"아울렛몰",
                "type":"integer"
            },
            {
                "name":"대형마트",
                "type":"integer"
            },
            {
                "name":"은행",
                "type":"integer"
            },
            {
                "name":"병원",
                "type":"integer"
            },
            {
                "name":"종합병원",
                "type":"integer"
            },
            {
                "name":"공원",
                "type":"integer"
            },
            {
                "name":"혐오시설",
                "type":"integer"
            },
            {
                "name":"인프라총점",
                "type":"number"
            },
            {
                "name":"초등학군",
                "type":"number"
            },
            {
                "name":"중학군",
                "type":"number"
            },
            {
                "name":"학군총점",
                "type":"number"
            },
            {
                "name":"인구수",
                "type":"number"
            },
            {
                "name":"인구증감",
                "type":"number"
            },
            {
                "name":"인구총점",
                "type":"number"
            },
            {
                "name":"일자리",
                "type":"number"
            },
            {
                "name":"소득수준",
                "type":"number"
            },
            {
                "name":"일자리총점",
                "type":"number"
            },
            {
                "name":"가치 총점",
                "type":"number"
            },
            {
                "name":"매매실거래년",
                "type":"string"
            },
            {
                "name":"매매실거래가",
                "type":"number"
            },
            {
                "name":"전세실거래년",
                "type":"number"
            },
            {
                "name":"전세실거래가",
                "type":"number"
            },
            {
                "name":"전세가율",
                "type":"number"
            },
            {
                "name":"장기전세가율평균",
                "type":"number"
            },
            {
                "name":"전세가율거품지수",
                "type":"number"
            },
            {
                "name":"검색코드",
                "type":"integer"
            },
            {
                "name":"세대수",
                "type":"number"
            },
            {
                "name":"준공년월",
                "type":"string"
            },
            {
                "name":"준공년차",
                "type":"number"
            },
            {
                "name":"가까운역이름",
                "type":"string"
            },
            {
                "name":"가까운역거리",
                "type":"number"
            },
            {
                "name":"역세권여부",
                "type":"string"
            },
            {
                "name":"30분이내주요거점역",
                "type":"integer"
            },
            {
                "name":"1시간이내주요거점역",
                "type":"integer"
            },
            {
                "name":"3km이내백화점수",
                "type":"integer"
            },
            {
                "name":"5km이내아울렛몰수",
                "type":"integer"
            },
            {
                "name":"1km이내대형먀트수",
                "type":"integer"
            },
            {
                "name":"500m이내은행수",
                "type":"integer"
            },
            {
                "name":"500m이내병원수",
                "type":"integer"
            },
            {
                "name":"5km이내대형병원수",
                "type":"integer"
            },
            {
                "name":"500m이내공원수",
                "type":"integer"
            },
            {
                "name":"3km이내혐오시설수",
                "type":"integer"
            },
            {
                "name":"초등학교학업성취도",
                "type":"number"
            },
            {
                "name":"중학교학업성취도",
                "type":"number"
            },
            {
                "name":"용적률",
                "type":"integer"
            },
            {
                "name":"건폐율",
                "type":"integer"
            },
            {
                "name":"Y",
                "type":"number"
            },
            {
                "name":"X",
                "type":"number"
            },
            {
                "name":"rank",
                "type":"number"
            },
            {
                "name":"area_info",
                "type":"string"
            },
            {
                "name":"last_sales",
                "type":"string"
            }
        ],
        "primaryKey":[
            "index"
        ],
        "pandas_version":"1.4.0"
    },
    "data":[
        {
            "index":183,
            "아파트명":"신촌푸르지오",
            "투자타입":"일반",
            "전용면적(m2)":"46.33",
            "전용면적(평)":"14평",
            "법정동주소":"서울시 서대문구 북아현동 1011",
            "도로명주소":"서울시 서대문구 북아현로1길 50",
            "세대수":90,
            "입주년차":80,
            "용적률점수":"--",
            "건폐율점수":"--",
            "세대당주차수":60,
            "난방방식":30,
            "공급면적":"--",
            "전용률":"--",
            "욕실수":50,
            "현관타입":100,
            "주거총점":74.5,
            "지역구공급총점":0.0,
            "역세권":80,
            "30분내 이동가능 거점":100,
            "1시간내 이동가능 거점":100,
            "교통총점":90.0,
            "백화점":100,
            "아울렛몰":100,
            "대형마트":0,
            "은행":70,
            "병원":60,
            "종합병원":100,
            "공원":100,
            "혐오시설":0,
            "인프라총점":76.0,
            "초등학군":100.0,
            "중학군":49.08,
            "학군총점":59.264,
            "인구수":34.82,
            "인구증감":-8.93,
            "인구총점":21.695,
            "일자리":14.5,
            "소득수준":71.44,
            "일자리총점":31.582,
            "가치 총점":78.0896,
            "매매실거래년":20210202.0,
            "매매실거래가":175000.0,
            "전세실거래년":20211211.0,
            "전세실거래가":38850.0,
            "전세가율":56.47,
            "장기전세가율평균":70.21,
            "전세가율거품지수":13.74,
            "검색코드":110092,
            "세대수":940.0,
            "준공년월":"2015-10-23",
            "준공년차":8.0,
            "가까운역이름":"아현",
            "가까운역거리":474.65,
            "역세권여부":"역세권",
            "30분이내주요거점역":7,
            "1시간이내주요거점역":14,
            "3km이내백화점수":3,
            "5km이내아울렛몰수":2,
            "1km이내대형먀트수":0,
            "500m이내은행수":3,
            "500m이내병원수":17,
            "5km이내대형병원수":9,
            "500m이내공원수":6,
            "3km이내혐오시설수":0,
            "초등학교학업성취도":100.0,
            "중학교학업성취도":81.2,
            "용적률":244,
            "건폐율":27,
            "Y":37.560453,
            "X":126.95245,
            "rank":1.0,
            "area_info":"14평(46.33), 14평(46.99), 14평(47.69), 14평(48.39), 18평(60.5), 18평(60.81), 19평(65.61), 20평(67.12), 21평(72.35), 24평(80.23), 24평(81.2), 24평(81.48), 24평(81.72), 34평(113.68), 34평(114.54), 34평(114.89), 34평(114.73), 34평(115.33), 44평(146.63), 44평(146.63)",
            "last_sales":"2021-02-02,175000.0,44평(146.63)"
        },
        {
            "index":164,
            "아파트명":"e편한세상신촌",
            "투자타입":"일반",
            "전용면적(m2)":"80.51",
            "전용면적(평)":"24평",
            "법정동주소":"서울시 서대문구 북아현동 1013",
            "도로명주소":"서울시 서대문구 북아현로1가길 20",
            "세대수":100,
            "입주년차":80,
            "용적률점수":"--",
            "건폐율점수":"--",
            "세대당주차수":60,
            "난방방식":30,
            "공급면적":"--",
            "전용률":"--",
            "욕실수":100,
            "현관타입":100,
            "주거총점":83.0,
            "지역구공급총점":0.0,
            "역세권":80,
            "30분내 이동가능 거점":100,
            "1시간내 이동가능 거점":100,
            "교통총점":90.0,
            "백화점":100,
            "아울렛몰":100,
            "대형마트":0,
            "은행":20,
            "병원":60,
            "종합병원":100,
            "공원":100,
            "혐오시설":0,
            "인프라총점":71.0,
            "초등학군":100.0,
            "중학군":44.94,
            "학군총점":55.952,
            "인구수":34.82,
            "인구증감":-8.93,
            "인구총점":21.695,
            "일자리":14.5,
            "소득수준":71.44,
            "일자리총점":31.582,
            "가치 총점":77.7928,
            "매매실거래년":20211208.0,
            "매매실거래가":213000.0,
            "전세실거래년":null,
            "전세실거래가":null,
            "전세가율":null,
            "장기전세가율평균":70.21,
            "전세가율거품지수":null,
            "검색코드":110209,
            "세대수":1910.0,
            "준공년월":"2017-03-28",
            "준공년차":6.0,
            "가까운역이름":"아현",
            "가까운역거리":407.48,
            "역세권여부":"역세권",
            "30분이내주요거점역":7,
            "1시간이내주요거점역":15,
            "3km이내백화점수":3,
            "5km이내아울렛몰수":2,
            "1km이내대형먀트수":0,
            "500m이내은행수":2,
            "500m이내병원수":18,
            "5km이내대형병원수":9,
            "500m이내공원수":6,
            "3km이내혐오시설수":0,
            "초등학교학업성취도":100.0,
            "중학교학업성취도":74.1,
            "용적률":283,
            "건폐율":25,
            "Y":37.558609,
            "X":126.951802,
            "rank":2.0,
            "area_info":"24평(80.51), 24평(81.24), 24평(81.3), 24평(81.43), 25평(83.66), 34평(112.84), 34평(112.82), 34평(113.6), 34평(114.39), 34평(115.23), 34평(115.2), 35평(117.73), 46평(153.18)",
            "last_sales":"2021-12-08,213000.0,46평(153.18)"
        },
        {
            "index":88,
            "아파트명":"돈의문센트레빌",
            "투자타입":"일반",
            "전용면적(m2)":"80.49",
            "전용면적(평)":"24평",
            "법정동주소":"서울시 서대문구 냉천동 261",
            "도로명주소":"서울시 서대문구 독립문로14길 33",
            "세대수":50,
            "입주년차":60,
            "용적률점수":"--",
            "건폐율점수":"--",
            "세대당주차수":30,
            "난방방식":30,
            "공급면적":"--",
            "전용률":"--",
            "욕실수":100,
            "현관타입":100,
            "주거총점":57.0,
            "지역구공급총점":0.0,
            "역세권":80,
            "30분내 이동가능 거점":100,
            "1시간내 이동가능 거점":100,
            "교통총점":90.0,
            "백화점":100,
            "아울렛몰":100,
            "대형마트":80,
            "은행":70,
            "병원":60,
            "종합병원":100,
            "공원":0,
            "혐오시설":-50,
            "인프라총점":84.0,
            "초등학군":90.0,
            "중학군":54.84,
            "학군총점":61.872,
            "인구수":34.82,
            "인구증감":-8.93,
            "인구총점":21.695,
            "일자리":14.5,
            "소득수준":71.44,
            "일자리총점":31.582,
            "가치 총점":77.3808,
            "매매실거래년":20211221.0,
            "매매실거래가":130000.0,
            "전세실거래년":20220108.0,
            "전세실거래가":50400.0,
            "전세가율":43.83,
            "장기전세가율평균":70.21,
            "전세가율거품지수":26.38,
            "검색코드":26046,
            "세대수":561.0,
            "준공년월":"2011-04-07",
            "준공년차":12.0,
            "가까운역이름":"서대문",
            "가까운역거리":467.75,
            "역세권여부":"역세권",
            "30분이내주요거점역":6,
            "1시간이내주요거점역":17,
            "3km이내백화점수":3,
            "5km이내아울렛몰수":2,
            "1km이내대형먀트수":1,
            "500m이내은행수":4,
            "500m이내병원수":24,
            "5km이내대형병원수":8,
            "500m이내공원수":0,
            "3km이내혐오시설수":1,
            "초등학교학업성취도":90.0,
            "중학교학업성취도":90.0,
            "용적률":188,
            "건폐율":19,
            "Y":37.566343,
            "X":126.961383,
            "rank":3.0,
            "area_info":"24평(80.49), 32평(107.86), 32평(108.37), 41평(137.36), 41평(138.64)",
            "last_sales":"2021-12-21,130000.0,32평(108.37)"
        },
        {
            "index":289,
            "아파트명":"더스타일하우스디센트럴(도시형)",
            "투자타입":"일반",
            "전용면적(m2)":"26.73",
            "전용면적(평)":"8평",
            "법정동주소":"서울시 서대문구 충정로3가 480",
            "도로명주소":"서울시 서대문구 경기대로 26-26",
            "세대수":30,
            "입주년차":100,
            "용적률점수":"--",
            "건폐율점수":"--",
            "세대당주차수":0,
            "난방방식":30,
            "공급면적":"--",
            "전용률":"--",
            "욕실수":50,
            "현관타입":100,
            "주거총점":48.5,
            "지역구공급총점":0.0,
            "역세권":80,
            "30분내 이동가능 거점":100,
            "1시간내 이동가능 거점":100,
            "교통총점":90.0,
            "백화점":100,
            "아울렛몰":100,
            "대형마트":100,
            "은행":70,
            "병원":30,
            "종합병원":100,
            "공원":80,
            "혐오시설":-50,
            "인프라총점":86.4,
            "초등학군":85.86,
            "중학군":46.4,
            "학군총점":54.292,
            "인구수":34.82,
            "인구증감":-8.93,
            "인구총점":21.695,
            "일자리":14.5,
            "소득수준":71.44,
            "일자리총점":31.582,
            "가치 총점":75.2638,
            "매매실거래년":"18000101",
            "매매실거래가":null,
            "전세실거래년":null,
            "전세실거래가":null,
            "전세가율":null,
            "장기전세가율평균":70.21,
            "전세가율거품지수":null,
            "검색코드":132162,
            "세대수":300.0,
            "준공년월":"2020-01-17",
            "준공년차":3.0,
            "가까운역이름":"충정로",
            "가까운역거리":176.63,
            "역세권여부":"역세권",
            "30분이내주요거점역":6,
            "1시간이내주요거점역":16,
            "3km이내백화점수":3,
            "5km이내아울렛몰수":2,
            "1km이내대형먀트수":2,
            "500m이내은행수":4,
            "500m이내병원수":5,
            "5km이내대형병원수":9,
            "500m이내공원수":1,
            "3km이내혐오시설수":1,
            "초등학교학업성취도":85.86,
            "중학교학업성취도":76.6,
            "용적률":464,
            "건폐율":53,
            "Y":37.561254,
            "X":126.962487,
            "rank":4.0,
            "area_info":"8평(26.73), 8평(27.14), 9평(29.76), 10평(35.24)",
            "last_sales":"1800-01-01,nan,8평(26.73)"
        },
        {
            "index":341,
            "아파트명":"충정로SK뷰",
            "투자타입":"일반",
            "전용면적(m2)":"78.45",
            "전용면적(평)":"23평",
            "법정동주소":"서울시 서대문구 합동 118",
            "도로명주소":"서울시 서대문구 서소문로 43-8",
            "세대수":0,
            "입주년차":40,
            "용적률점수":"--",
            "건폐율점수":"--",
            "세대당주차수":30,
            "난방방식":30,
            "공급면적":"--",
            "전용률":"--",
            "욕실수":100,
            "현관타입":100,
            "주거총점":35.5,
            "지역구공급총점":0.0,
            "역세권":80,
            "30분내 이동가능 거점":100,
            "1시간내 이동가능 거점":100,
            "교통총점":90.0,
            "백화점":100,
            "아울렛몰":100,
            "대형마트":100,
            "은행":100,
            "병원":60,
            "종합병원":100,
            "공원":80,
            "혐오시설":-50,
            "인프라총점":92.4,
            "초등학군":85.86,
            "중학군":46.4,
            "학군총점":54.292,
            "인구수":34.82,
            "인구증감":-8.93,
            "인구총점":21.695,
            "일자리":14.5,
            "소득수준":71.44,
            "일자리총점":31.582,
            "가치 총점":74.4638,
            "매매실거래년":20210611.0,
            "매매실거래가":101000.0,
            "전세실거래년":20210814.0,
            "전세실거래가":63500.0,
            "전세가율":62.87,
            "장기전세가율평균":70.21,
            "전세가율거품지수":7.34,
            "검색코드":24908,
            "세대수":180.0,
            "준공년월":"2008-10-31",
            "준공년차":15.0,
            "가까운역이름":"충정로",
            "가까운역거리":282.69,
            "역세권여부":"역세권",
            "30분이내주요거점역":6,
            "1시간이내주요거점역":17,
            "3km이내백화점수":3,
            "5km이내아울렛몰수":2,
            "1km이내대형먀트수":2,
            "500m이내은행수":8,
            "500m이내병원수":14,
            "5km이내대형병원수":9,
            "500m이내공원수":1,
            "3km이내혐오시설수":1,
            "초등학교학업성취도":85.86,
            "중학교학업성취도":76.6,
            "용적률":244,
            "건폐율":18,
            "Y":37.561797,
            "X":126.965906,
            "rank":5.0,
            "area_info":"23평(78.45), 33평(110.27), 33평(110.16)",
            "last_sales":"2021-06-11,101000.0,23평(78.45)"
        },
        {
            "index":281,
            "아파트명":"더스타일하우스디센트럴",
            "투자타입":"일반",
            "전용면적(m2)":"35.24",
            "전용면적(평)":"10평",
            "법정동주소":"서울시 서대문구 충정로3가 480",
            "도로명주소":"서울시 서대문구 경기대로 26-26",
            "세대수":0,
            "입주년차":100,
            "용적률점수":"--",
            "건폐율점수":"--",
            "세대당주차수":0,
            "난방방식":30,
            "공급면적":"--",
            "전용률":"--",
            "욕실수":50,
            "현관타입":100,
            "주거총점":38.0,
            "지역구공급총점":0.0,
            "역세권":80,
            "30분내 이동가능 거점":100,
            "1시간내 이동가능 거점":100,
            "교통총점":90.0,
            "백화점":100,
            "아울렛몰":100,
            "대형마트":100,
            "은행":70,
            "병원":30,
            "종합병원":100,
            "공원":80,
            "혐오시설":-50,
            "인프라총점":86.4,
            "초등학군":85.86,
            "중학군":46.4,
            "학군총점":54.292,
            "인구수":34.82,
            "인구증감":-8.93,
            "인구총점":21.695,
            "일자리":14.5,
            "소득수준":71.44,
            "일자리총점":31.582,
            "가치 총점":73.1638,
            "매매실거래년":"18000101",
            "매매실거래가":null,
            "전세실거래년":null,
            "전세실거래가":null,
            "전세가율":null,
            "장기전세가율평균":70.21,
            "전세가율거품지수":null,
            "검색코드":132163,
            "세대수":199.0,
            "준공년월":"2020-01-17",
            "준공년차":3.0,
            "가까운역이름":"충정로",
            "가까운역거리":176.1,
            "역세권여부":"역세권",
            "30분이내주요거점역":6,
            "1시간이내주요거점역":16,
            "3km이내백화점수":3,
            "5km이내아울렛몰수":2,
            "1km이내대형먀트수":2,
            "500m이내은행수":4,
            "500m이내병원수":5,
            "5km이내대형병원수":9,
            "500m이내공원수":1,
            "3km이내혐오시설수":1,
            "초등학교학업성취도":85.86,
            "중학교학업성취도":76.6,
            "용적률":464,
            "건폐율":53,
            "Y":37.561248,
            "X":126.962487,
            "rank":6.0,
            "area_info":"10평(35.24), 13평(44.76), 18평(59.73), 17평(59.12), 17평(59.1), 18평(60.1), 18평(60.1), 19평(66.1)",
            "last_sales":"1800-01-01,nan,10평(35.24)"
        },
        {
            "index":269,
            "아파트명":"천연뜨란채",
            "투자타입":"일반",
            "전용면적(m2)":"40.44",
            "전용면적(평)":"12평",
            "법정동주소":"서울시 서대문구 천연동 145",
            "도로명주소":"서울시 서대문구 독립문로8길 54",
            "세대수":90,
            "입주년차":40,
            "용적률점수":"--",
            "건폐율점수":"--",
            "세대당주차수":30,
            "난방방식":30,
            "공급면적":"--",
            "전용률":"--",
            "욕실수":50,
            "현관타입":100,
            "주거총점":62.0,
            "지역구공급총점":0.0,
            "역세권":50,
            "30분내 이동가능 거점":100,
            "1시간내 이동가능 거점":100,
            "교통총점":75.0,
            "백화점":100,
            "아울렛몰":100,
            "대형마트":80,
            "은행":20,
            "병원":60,
            "종합병원":100,
            "공원":80,
            "혐오시설":0,
            "인프라총점":82.4,
            "초등학군":84.41,
            "중학군":54.84,
            "학군총점":60.754,
            "인구수":34.82,
            "인구증감":-8.93,
            "인구총점":21.695,
            "일자리":14.5,
            "소득수준":71.44,
            "일자리총점":31.582,
            "가치 총점":72.4831,
            "매매실거래년":20210703.0,
            "매매실거래가":124000.0,
            "전세실거래년":20211018.0,
            "전세실거래가":35000.0,
            "전세가율":60.34,
            "장기전세가율평균":70.21,
            "전세가율거품지수":9.87,
            "검색코드":11567,
            "세대수":1008.0,
            "준공년월":"2006-03-13",
            "준공년차":17.0,
            "가까운역이름":"독립문",
            "가까운역거리":768.19,
            "역세권여부":"준역세권",
            "30분이내주요거점역":5,
            "1시간이내주요거점역":15,
            "3km이내백화점수":3,
            "5km이내아울렛몰수":2,
            "1km이내대형먀트수":1,
            "500m이내은행수":2,
            "500m이내병원수":15,
            "5km이내대형병원수":8,
            "500m이내공원수":1,
            "3km이내혐오시설수":0,
            "초등학교학업성취도":84.41,
            "중학교학업성취도":90.0,
            "용적률":229,
            "건폐율":21,
            "Y":37.567665,
            "X":126.95798,
            "rank":7.0,
            "area_info":"12평(40.44), 22평(74.97), 22평(75.24), 22평(75.01), 22평(75.32), 23평(77.6), 24평(79.87), 30평(101.81), 30평(101.47), 30평(101.3), 34평(113.81), 34평(114.1)",
            "last_sales":"2021-07-03,124000.0,34평(113.81)"
        },
        {
            "index":333,
            "아파트명":"우리유앤미",
            "투자타입":"일반",
            "전용면적(m2)":"108.54",
            "전용면적(평)":"32평",
            "법정동주소":"서울시 서대문구 충정로3가 466",
            "도로명주소":"서울시 서대문구 경기대로 26-7",
            "세대수":0,
            "입주년차":40,
            "용적률점수":"--",
            "건폐율점수":"--",
            "세대당주차수":30,
            "난방방식":30,
            "공급면적":"--",
            "전용률":"--",
            "욕실수":50,
            "현관타입":100,
            "주거총점":30.5,
            "지역구공급총점":0.0,
            "역세권":80,
            "30분내 이동가능 거점":100,
            "1시간내 이동가능 거점":100,
            "교통총점":90.0,
            "백화점":100,
            "아울렛몰":100,
            "대형마트":100,
            "은행":70,
            "병원":30,
            "종합병원":100,
            "공원":80,
            "혐오시설":-50,
            "인프라총점":86.4,
            "초등학군":85.86,
            "중학군":46.4,
            "학군총점":54.292,
            "인구수":34.82,
            "인구증감":-8.93,
            "인구총점":21.695,
            "일자리":14.5,
            "소득수준":71.44,
            "일자리총점":31.582,
            "가치 총점":71.6638,
            "매매실거래년":20211106.0,
            "매매실거래가":100000.0,
            "전세실거래년":20201201.0,
            "전세실거래가":55000.0,
            "전세가율":103.77,
            "장기전세가율평균":70.21,
            "전세가율거품지수":-33.56,
            "검색코드":17541,
            "세대수":108.0,
            "준공년월":"2008-05-28",
            "준공년차":15.0,
            "가까운역이름":"충정로",
            "가까운역거리":255.5,
            "역세권여부":"역세권",
            "30분이내주요거점역":6,
            "1시간이내주요거점역":15,
            "3km이내백화점수":3,
            "5km이내아울렛몰수":2,
            "1km이내대형먀트수":2,
            "500m이내은행수":4,
            "500m이내병원수":7,
            "5km이내대형병원수":9,
            "500m이내공원수":1,
            "3km이내혐오시설수":1,
            "초등학교학업성취도":85.86,
            "중학교학업성취도":76.6,
            "용적률":393,
            "건폐율":58,
            "Y":37.562008,
            "X":126.962326,
            "rank":8.0,
            "area_info":"32평(108.54), 33평(109.34)",
            "last_sales":"2021-11-06,100000.0,33평(109.34)"
        },
        {
            "index":344,
            "아파트명":"독립문극동",
            "투자타입":"일반",
            "전용면적(m2)":"80.63",
            "전용면적(평)":"24평",
            "법정동주소":"서울시 서대문구 현저동 200",
            "도로명주소":"서울시 서대문구 독립문공원길 17",
            "세대수":90,
            "입주년차":0,
            "용적률점수":"--",
            "건폐율점수":"--",
            "세대당주차수":30,
            "난방방식":30,
            "공급면적":"--",
            "전용률":"--",
            "욕실수":50,
            "현관타입":100,
            "주거총점":54.0,
            "지역구공급총점":0.0,
            "역세권":80,
            "30분내 이동가능 거점":100,
            "1시간내 이동가능 거점":100,
            "교통총점":90.0,
            "백화점":100,
            "아울렛몰":100,
            "대형마트":0,
            "은행":20,
            "병원":30,
            "종합병원":100,
            "공원":100,
            "혐오시설":0,
            "인프라총점":68.0,
            "초등학군":88.56,
            "중학군":44.88,
            "학군총점":53.616,
            "인구수":34.82,
            "인구증감":-8.93,
            "인구총점":21.695,
            "일자리":14.5,
            "소득수준":71.44,
            "일자리총점":31.582,
            "가치 총점":70.7424,
            "매매실거래년":20211211.0,
            "매매실거래가":130000.0,
            "전세실거래년":20220111.0,
            "전세실거래가":45150.0,
            "전세가율":41.42,
            "장기전세가율평균":70.21,
            "전세가율거품지수":28.79,
            "검색코드":941,
            "세대수":1300.0,
            "준공년월":"1998-12-10",
            "준공년차":25.0,
            "가까운역이름":"독립문",
            "가까운역거리":255.32,
            "역세권여부":"역세권",
            "30분이내주요거점역":5,
            "1시간이내주요거점역":16,
            "3km이내백화점수":3,
            "5km이내아울렛몰수":2,
            "1km이내대형먀트수":0,
            "500m이내은행수":2,
            "500m이내병원수":9,
            "5km이내대형병원수":8,
            "500m이내공원수":2,
            "3km이내혐오시설수":0,
            "초등학교학업성취도":88.56,
            "중학교학업성취도":74.0,
            "용적률":316,
            "건폐율":22,
            "Y":37.572394,
            "X":126.956827,
            "rank":9.0,
            "area_info":"24평(80.63), 32평(108.4), 32평(108.49), 38평(127.7), 42평(140.94)",
            "last_sales":"2021-12-11,130000.0,32평(108.4)"
        },
        {
            "index":335,
            "아파트명":"충정리시온",
            "투자타입":"일반",
            "전용면적(m2)":"43.56",
            "전용면적(평)":"13평",
            "법정동주소":"서울시 서대문구 충정로3가 465",
            "도로명주소":"서울시 서대문구 서소문로 27",
            "세대수":0,
            "입주년차":40,
            "용적률점수":"--",
            "건폐율점수":"--",
            "세대당주차수":0,
            "난방방식":30,
            "공급면적":"--",
            "전용률":"--",
            "욕실수":50,
            "현관타입":50,
            "주거총점":21.0,
            "지역구공급총점":0.0,
            "역세권":80,
            "30분내 이동가능 거점":100,
            "1시간내 이동가능 거점":100,
            "교통총점":90.0,
            "백화점":100,
            "아울렛몰":100,
            "대형마트":100,
            "은행":100,
            "병원":30,
            "종합병원":100,
            "공원":80,
            "혐오시설":-50,
            "인프라총점":89.4,
            "초등학군":85.86,
            "중학군":46.4,
            "학군총점":54.292,
            "인구수":34.82,
            "인구증감":-8.93,
            "인구총점":21.695,
            "일자리":14.5,
            "소득수준":71.44,
            "일자리총점":31.582,
            "가치 총점":70.6638,
            "매매실거래년":20211013.0,
            "매매실거래가":39000.0,
            "전세실거래년":20210427.0,
            "전세실거래가":29000.0,
            "전세가율":74.36,
            "장기전세가율평균":70.21,
            "전세가율거품지수":-4.15,
            "검색코드":12241,
            "세대수":258.0,
            "준공년월":"2004-09-23",
            "준공년차":19.0,
            "가까운역이름":"충정로",
            "가까운역거리":108.1,
            "역세권여부":"역세권",
            "30분이내주요거점역":7,
            "1시간이내주요거점역":17,
            "3km이내백화점수":3,
            "5km이내아울렛몰수":2,
            "1km이내대형먀트수":2,
            "500m이내은행수":6,
            "500m이내병원수":6,
            "5km이내대형병원수":9,
            "500m이내공원수":1,
            "3km이내혐오시설수":1,
            "초등학교학업성취도":85.86,
            "중학교학업성취도":76.6,
            "용적률":817,
            "건폐율":59,
            "Y":37.560345,
            "X":126.964805,
            "rank":10.0,
            "area_info":"13평(43.56), 15평(50.6), 16평(54.24), 17평(58.68), 18평(59.82), 18평(60.0)",
            "last_sales":"2021-10-13,39000.0,13평(43.56)"
        },
        {
            "index":259,
            "아파트명":"독립문삼호",
            "투자타입":"일반",
            "전용면적(m2)":"94.9",
            "전용면적(평)":"28평",
            "법정동주소":"서울시 서대문구 영천동 100",
            "도로명주소":"서울시 서대문구 독립문로 10",
            "세대수":80,
            "입주년차":0,
            "용적률점수":"--",
            "건폐율점수":"--",
            "세대당주차수":30,
            "난방방식":30,
            "공급면적":"--",
            "전용률":"--",
            "욕실수":100,
            "현관타입":100,
            "주거총점":55.5,
            "지역구공급총점":0.0,
            "역세권":50,
            "30분내 이동가능 거점":100,
            "1시간내 이동가능 거점":100,
            "교통총점":75.0,
            "백화점":100,
            "아울렛몰":100,
            "대형마트":80,
            "은행":0,
            "병원":60,
            "종합병원":100,
            "공원":80,
            "혐오시설":0,
            "인프라총점":80.4,
            "초등학군":84.41,
            "중학군":54.84,
            "학군총점":60.754,
            "인구수":34.82,
            "인구증감":-8.93,
            "인구총점":21.695,
            "일자리":14.5,
            "소득수준":71.44,
            "일자리총점":31.582,
            "가치 총점":70.5831,
            "매매실거래년":20210829.0,
            "매매실거래가":120000.0,
            "전세실거래년":20210925.0,
            "전세실거래가":37500.0,
            "전세가율":35.89,
            "장기전세가율평균":70.21,
            "전세가율거품지수":34.32,
            "검색코드":940,
            "세대수":895.0,
            "준공년월":"1995-06-23",
            "준공년차":28.0,
            "가까운역이름":"독립문",
            "가까운역거리":503.5,
            "역세권여부":"준역세권",
            "30분이내주요거점역":5,
            "1시간이내주요거점역":15,
            "3km이내백화점수":3,
            "5km이내아울렛몰수":2,
            "1km이내대형먀트수":1,
            "500m이내은행수":1,
            "500m이내병원수":16,
            "5km이내대형병원수":8,
            "500m이내공원수":1,
            "3km이내혐오시설수":0,
            "초등학교학업성취도":84.41,
            "중학교학업성취도":90.0,
            "용적률":259,
            "건폐율":22,
            "Y":37.570113,
            "X":126.958749,
            "rank":11.0,
            "area_info":"28평(94.9), 31평(104.69), 39평(130.3), 41평(136.74)",
            "last_sales":"2021-08-29,120000.0,41평(136.74)"
        },
        {
            "index":182,
            "아파트명":"두산",
            "투자타입":"일반",
            "전용면적(m2)":"82.4",
            "전용면적(평)":"24평",
            "법정동주소":"서울시 서대문구 북아현동 1009",
            "도로명주소":"서울시 서대문구 이화여대8길 62",
            "세대수":90,
            "입주년차":20,
            "용적률점수":"--",
            "건폐율점수":"--",
            "세대당주차수":0,
            "난방방식":30,
            "공급면적":"--",
            "전용률":"--",
            "욕실수":50,
            "현관타입":10,
            "주거총점":44.5,
            "지역구공급총점":0.0,
            "역세권":80,
            "30분내 이동가능 거점":100,
            "1시간내 이동가능 거점":100,
            "교통총점":90.0,
            "백화점":100,
            "아울렛몰":80,
            "대형마트":0,
            "은행":0,
            "병원":60,
            "종합병원":100,
            "공원":100,
            "혐오시설":0,
            "인프라총점":67.0,
            "초등학군":100.0,
            "중학군":49.08,
            "학군총점":59.264,
            "인구수":34.82,
            "인구증감":-8.93,
            "인구총점":21.695,
            "일자리":14.5,
            "소득수준":71.44,
            "일자리총점":31.582,
            "가치 총점":69.3896,
            "매매실거래년":20211218.0,
            "매매실거래가":96000.0,
            "전세실거래년":20211231.0,
            "전세실거래가":37800.0,
            "전세가율":39.38,
            "장기전세가율평균":70.21,
            "전세가율거품지수":30.83,
            "검색코드":849,
            "세대수":956.0,
            "준공년월":"1999-03-03",
            "준공년차":24.0,
            "가까운역이름":"이대",
            "가까운역거리":473.14,
            "역세권여부":"역세권",
            "30분이내주요거점역":7,
            "1시간이내주요거점역":14,
            "3km이내백화점수":3,
            "5km이내아울렛몰수":1,
            "1km이내대형먀트수":0,
            "500m이내은행수":0,
            "500m이내병원수":15,
            "5km이내대형병원수":9,
            "500m이내공원수":5,
            "3km이내혐오시설수":0,
            "초등학교학업성취도":100.0,
            "중학교학업성취도":81.2,
            "용적률":350,
            "건폐율":27,
            "Y":37.559307,
            "X":126.950287,
            "rank":12.0,
            "area_info":"24평(82.4)",
            "last_sales":"2021-12-18,96000.0,24평(82.4)"
        },
        {
            "index":293,
            "아파트명":"미동",
            "투자타입":"재건축",
            "전용면적(m2)":"33.06",
            "전용면적(평)":"10평",
            "법정동주소":"서울시 서대문구 충정로3가 189-8",
            "도로명주소":"서울시 서대문구 충정로7길 9",
            "세대수":0,
            "입주년차":"--",
            "용적률점수":0,
            "건폐율점수":0,
            "세대당주차수":"--",
            "난방방식":"--",
            "공급면적":50,
            "전용률":100,
            "욕실수":"--",
            "현관타입":"--",
            "주거총점":7.5,
            "지역구공급총점":0.0,
            "역세권":80,
            "30분내 이동가능 거점":100,
            "1시간내 이동가능 거점":100,
            "교통총점":90.0,
            "백화점":100,
            "아울렛몰":100,
            "대형마트":100,
            "은행":100,
            "병원":60,
            "종합병원":100,
            "공원":80,
            "혐오시설":-50,
            "인프라총점":92.4,
            "초등학군":85.86,
            "중학군":46.4,
            "학군총점":54.292,
            "인구수":34.82,
            "인구증감":-8.93,
            "인구총점":21.695,
            "일자리":14.5,
            "소득수준":71.44,
            "일자리총점":31.582,
            "가치 총점":68.8638,
            "매매실거래년":20180831.0,
            "매매실거래가":39850.0,
            "전세실거래년":20211116.0,
            "전세실거래가":7875.0,
            "전세가율":null,
            "장기전세가율평균":70.21,
            "전세가율거품지수":null,
            "검색코드":16059,
            "세대수":100.0,
            "준공년월":"1969-06-13",
            "준공년차":54.0,
            "가까운역이름":"서대문",
            "가까운역거리":352.76,
            "역세권여부":"역세권",
            "30분이내주요거점역":6,
            "1시간이내주요거점역":17,
            "3km이내백화점수":3,
            "5km이내아울렛몰수":2,
            "1km이내대형먀트수":2,
            "500m이내은행수":8,
            "500m이내병원수":21,
            "5km이내대형병원수":9,
            "500m이내공원수":1,
            "3km이내혐오시설수":1,
            "초등학교학업성취도":85.86,
            "중학교학업성취도":76.6,
            "용적률":0,
            "건폐율":0,
            "Y":37.563295,
            "X":126.964142,
            "rank":13.0,
            "area_info":"10평(33.06), 11평(37.65), 15평(50.18), 15평(50.34), 15평(51.6), 15평(52.46), 15평(52.29), 16평(53.05), 16평(53.29), 16평(53.09), 16평(53.15), 16평(55.57), 16평(55.0), 16평(55.9), 17평(56.2), 17평(57.75), 17평(59.43), 17평(59.27), 20평(66.12), 22평(74.71), 23평(76.61), 23평(77.13), 23평(77.63), 24평(81.68), 24평(81.88), 24평(82.64), 27평(89.91), 28평(94.05), 28평(94.81), 28평(94.54), 28평(94.18), 29평(96.61), 29평(96.18), 29평(97.8), 33평(109.35), 33평(111.17), 33평(111.24), 33평(112.13), 49평(163.71), 55평(185.12)",
            "last_sales":"2018-08-31,39850.0,33평(112.13)"
        },
        {
            "index":99,
            "아파트명":"서소문",
            "투자타입":"재건축",
            "전용면적(m2)":"39.34",
            "전용면적(평)":"11평",
            "법정동주소":"서울시 서대문구 미근동 215",
            "도로명주소":"서울시 서대문구 충정로6길 59",
            "세대수":0,
            "입주년차":"--",
            "용적률점수":0,
            "건폐율점수":0,
            "세대당주차수":"--",
            "난방방식":"--",
            "공급면적":50,
            "전용률":100,
            "욕실수":"--",
            "현관타입":"--",
            "주거총점":7.5,
            "지역구공급총점":0.0,
            "역세권":80,
            "30분내 이동가능 거점":100,
            "1시간내 이동가능 거점":100,
            "교통총점":90.0,
            "백화점":100,
            "아울렛몰":100,
            "대형마트":100,
            "은행":100,
            "병원":60,
            "종합병원":100,
            "공원":80,
            "혐오시설":-50,
            "인프라총점":92.4,
            "초등학군":85.86,
            "중학군":46.4,
            "학군총점":54.292,
            "인구수":34.82,
            "인구증감":-8.93,
            "인구총점":21.695,
            "일자리":14.5,
            "소득수준":71.44,
            "일자리총점":31.582,
            "가치 총점":68.8638,
            "매매실거래년":20160905.0,
            "매매실거래가":16500.0,
            "전세실거래년":null,
            "전세실거래가":null,
            "전세가율":null,
            "장기전세가율평균":70.21,
            "전세가율거품지수":null,
            "검색코드":3482,
            "세대수":108.0,
            "준공년월":"1972-06-01",
            "준공년차":51.0,
            "가까운역이름":"서대문",
            "가까운역거리":340.77,
            "역세권여부":"역세권",
            "30분이내주요거점역":6,
            "1시간이내주요거점역":17,
            "3km이내백화점수":3,
            "5km이내아울렛몰수":2,
            "1km이내대형먀트수":2,
            "500m이내은행수":11,
            "500m이내병원수":16,
            "5km이내대형병원수":9,
            "500m이내공원수":1,
            "3km이내혐오시설수":1,
            "초등학교학업성취도":85.86,
            "중학교학업성취도":76.6,
            "용적률":0,
            "건폐율":0,
            "Y":37.562859,
            "X":126.967838,
            "rank":13.0,
            "area_info":"11평(39.34), 12평(39.67), 12평(40.66), 12평(42.64), 14평(48.1), 14평(48.86), 15평(51.24), 15평(51.74), 16평(52.96), 17평(57.85)",
            "last_sales":"2016-09-05,16500.0,17평(57.85)"
        },
        {
            "index":203,
            "아파트명":"힐스테이트신촌",
            "투자타입":"일반",
            "전용면적(m2)":"58.43",
            "전용면적(평)":"17평",
            "법정동주소":"서울시 서대문구 북아현동 1-954",
            "도로명주소":"서울시 서대문구 이화여대8길 123",
            "세대수":90,
            "입주년차":100,
            "용적률점수":"--",
            "건폐율점수":"--",
            "세대당주차수":30,
            "난방방식":30,
            "공급면적":"--",
            "전용률":"--",
            "욕실수":50,
            "현관타입":100,
            "주거총점":74.0,
            "지역구공급총점":0.0,
            "역세권":50,
            "30분내 이동가능 거점":100,
            "1시간내 이동가능 거점":100,
            "교통총점":75.0,
            "백화점":100,
            "아울렛몰":100,
            "대형마트":0,
            "은행":0,
            "병원":10,
            "종합병원":100,
            "공원":100,
            "혐오시설":0,
            "인프라총점":64.0,
            "초등학군":90.29,
            "중학군":49.08,
            "학군총점":57.322,
            "인구수":34.82,
            "인구증감":-8.93,
            "인구총점":21.695,
            "일자리":14.5,
            "소득수준":71.44,
            "일자리총점":31.582,
            "가치 총점":68.8483,
            "매매실거래년":20200707.0,
            "매매실거래가":138000.0,
            "전세실거래년":null,
            "전세실거래가":null,
            "전세가율":null,
            "장기전세가율평균":70.21,
            "전세가율거품지수":null,
            "검색코드":122049,
            "세대수":1226.0,
            "준공년월":"2020-08-01",
            "준공년차":3.0,
            "가까운역이름":"아현",
            "가까운역거리":709.1,
            "역세권여부":"준역세권",
            "30분이내주요거점역":5,
            "1시간이내주요거점역":14,
            "3km이내백화점수":3,
            "5km이내아울렛몰수":2,
            "1km이내대형먀트수":0,
            "500m이내은행수":1,
            "500m이내병원수":2,
            "5km이내대형병원수":8,
            "500m이내공원수":4,
            "3km이내혐오시설수":0,
            "초등학교학업성취도":90.29,
            "중학교학업성취도":81.2,
            "용적률":220,
            "건폐율":25,
            "Y":37.562291,
            "X":126.951063,
            "rank":14.0,
            "area_info":"17평(58.43), 17평(58.38), 19평(64.39), 22평(74.82), 23평(78.6), 26평(88.42), 32평(107.61), 34평(114.33), 34평(114.0), 34평(114.11), 34평(114.11), 34평(115.0), 34평(115.0), 35평(117.63), 35평(117.9), 45평(151.94)",
            "last_sales":"2020-07-07,138000.0,35평(117.9)"
        },
        {
            "index":96,
            "아파트명":"대현럭키",
            "투자타입":"일반",
            "전용면적(m2)":"81.27",
            "전용면적(평)":"24평",
            "법정동주소":"서울시 서대문구 대현동 144",
            "도로명주소":"서울시 서대문구 이화여대길 50-12",
            "세대수":80,
            "입주년차":20,
            "용적률점수":"--",
            "건폐율점수":"--",
            "세대당주차수":0,
            "난방방식":30,
            "공급면적":"--",
            "전용률":"--",
            "욕실수":50,
            "현관타입":10,
            "주거총점":41.0,
            "지역구공급총점":0.0,
            "역세권":80,
            "30분내 이동가능 거점":100,
            "1시간내 이동가능 거점":100,
            "교통총점":90.0,
            "백화점":100,
            "아울렛몰":80,
            "대형마트":0,
            "은행":0,
            "병원":60,
            "종합병원":100,
            "공원":100,
            "혐오시설":0,
            "인프라총점":67.0,
            "초등학군":87.22,
            "중학군":53.54,
            "학군총점":60.276,
            "인구수":34.82,
            "인구증감":-8.93,
            "인구총점":21.695,
            "일자리":14.5,
            "소득수준":71.44,
            "일자리총점":31.582,
            "가치 총점":68.8414,
            "매매실거래년":20211024.0,
            "매매실거래가":94000.0,
            "전세실거래년":20211222.0,
            "전세실거래가":34650.0,
            "전세가율":36.86,
            "장기전세가율평균":70.21,
            "전세가율거품지수":33.35,
            "검색코드":423,
            "세대수":855.0,
            "준공년월":"1999-02-26",
            "준공년차":24.0,
            "가까운역이름":"이대",
            "가까운역거리":373.61,
            "역세권여부":"역세권",
            "30분이내주요거점역":7,
            "1시간이내주요거점역":15,
            "3km이내백화점수":2,
            "5km이내아울렛몰수":1,
            "1km이내대형먀트수":0,
            "500m이내은행수":0,
            "500m이내병원수":10,
            "5km이내대형병원수":7,
            "500m이내공원수":4,
            "3km이내혐오시설수":0,
            "초등학교학업성취도":87.22,
            "중학교학업성취도":86.3,
            "용적률":229,
            "건폐율":23,
            "Y":37.559622,
            "X":126.948177,
            "rank":15.0,
            "area_info":"24평(81.27), 30평(100.08), 43평(142.17)",
            "last_sales":"2021-10-24,94000.0,24평(81.27)"
        },
        {
            "index":263,
            "아파트명":"쓰리알유씨티(도시형)",
            "투자타입":"일반",
            "전용면적(m2)":"21.52",
            "전용면적(평)":"6평",
            "법정동주소":"서울시 서대문구 창천동 510-2",
            "도로명주소":"서울시 서대문구 신촌로 1",
            "세대수":0,
            "입주년차":60,
            "용적률점수":"--",
            "건폐율점수":"--",
            "세대당주차수":0,
            "난방방식":30,
            "공급면적":"--",
            "전용률":"--",
            "욕실수":50,
            "현관타입":10,
            "주거총점":21.0,
            "지역구공급총점":0.0,
            "역세권":80,
            "30분내 이동가능 거점":100,
            "1시간내 이동가능 거점":100,
            "교통총점":90.0,
            "백화점":100,
            "아울렛몰":80,
            "대형마트":100,
            "은행":70,
            "병원":30,
            "종합병원":100,
            "공원":0,
            "혐오시설":0,
            "인프라총점":83.0,
            "초등학군":85.28,
            "중학군":44.34,
            "학군총점":52.528,
            "인구수":34.82,
            "인구증감":-8.93,
            "인구총점":21.695,
            "일자리":14.5,
            "소득수준":71.44,
            "일자리총점":31.582,
            "가치 총점":68.4792,
            "매매실거래년":20211008.0,
            "매매실거래가":17818.0,
            "전세실거래년":20210124.0,
            "전세실거래가":17000.0,
            "전세가율":89.47,
            "장기전세가율평균":70.21,
            "전세가율거품지수":-19.26,
            "검색코드":106007,
            "세대수":120.0,
            "준공년월":"2013-09-13",
            "준공년차":10.0,
            "가까운역이름":"홍대입구",
            "가까운역거리":249.59,
            "역세권여부":"역세권",
            "30분이내주요거점역":6,
            "1시간이내주요거점역":15,
            "3km이내백화점수":1,
            "5km이내아울렛몰수":1,
            "1km이내대형먀트수":2,
            "500m이내은행수":3,
            "500m이내병원수":6,
            "5km이내대형병원수":9,
            "500m이내공원수":0,
            "3km이내혐오시설수":0,
            "초등학교학업성취도":85.28,
            "중학교학업성취도":73.5,
            "용적률":348,
            "건폐율":50,
            "Y":37.55883,
            "X":126.927317,
            "rank":16.0,
            "area_info":"6평(21.52), 8평(26.83), 9평(30.27), 9평(30.04), 9평(30.04), 13평(45.11)",
            "last_sales":"2021-10-08,17818.0,13평(45.11)"
        },
        {
            "index":112,
            "아파트명":"DMC래미안e편한세상",
            "투자타입":"일반",
            "전용면적(m2)":"86.76",
            "전용면적(평)":"26평",
            "법정동주소":"서울시 서대문구 북가좌동 481",
            "도로명주소":"서울시 서대문구 수색로 100",
            "세대수":100,
            "입주년차":60,
            "용적률점수":"--",
            "건폐율점수":"--",
            "세대당주차수":60,
            "난방방식":100,
            "공급면적":"--",
            "전용률":"--",
            "욕실수":100,
            "현관타입":100,
            "주거총점":86.0,
            "지역구공급총점":0.0,
            "역세권":50,
            "30분내 이동가능 거점":20,
            "1시간내 이동가능 거점":100,
            "교통총점":51.0,
            "백화점":100,
            "아울렛몰":0,
            "대형마트":80,
            "은행":70,
            "병원":80,
            "종합병원":100,
            "공원":100,
            "혐오시설":-50,
            "인프라총점":79.0,
            "초등학군":90.08,
            "중학군":52.8,
            "학군총점":60.256,
            "인구수":34.82,
            "인구증감":-8.93,
            "인구총점":21.695,
            "일자리":14.5,
            "소득수준":71.44,
            "일자리총점":31.582,
            "가치 총점":67.7884,
            "매매실거래년":20211016.0,
            "매매실거래가":175000.0,
            "전세실거래년":20220106.0,
            "전세실거래가":49000.0,
            "전세가율":45.79,
            "장기전세가율평균":70.21,
            "전세가율거품지수":24.42,
            "검색코드":101160,
            "세대수":3293.0,
            "준공년월":"2012-10-05",
            "준공년차":11.0,
            "가까운역이름":"가좌",
            "가까운역거리":675.72,
            "역세권여부":"준역세권",
            "30분이내주요거점역":1,
            "1시간이내주요거점역":13,
            "3km이내백화점수":1,
            "5km이내아울렛몰수":0,
            "1km이내대형먀트수":1,
            "500m이내은행수":4,
            "500m이내병원수":39,
            "5km이내대형병원수":5,
            "500m이내공원수":4,
            "3km이내혐오시설수":1,
            "초등학교학업성취도":90.08,
            "중학교학업성취도":85.4,
            "용적률":229,
            "건폐율":19,
            "Y":37.573623,
            "X":126.911381,
            "rank":17.0,
            "area_info":"26평(86.76), 32평(108.36), 33평(110.34), 33평(110.67), 33평(110.19), 34평(112.46), 33평(112.14), 34평(113.2), 34평(113.51), 34평(114.1), 45평(151.73), 46평(152.81), 46평(153.65), 47평(158.38), 56평(186.62), 58평(194.46), 78평(257.91), 80평(266.08)",
            "last_sales":"2021-10-16,175000.0,58평(194.46)"
        },
        {
            "index":572,
            "아파트명":"홍제역해링턴플레이스",
            "투자타입":"일반",
            "전용면적(m2)":"58.9",
            "전용면적(평)":"17평",
            "법정동주소":"서울시 서대문구 홍제동 270",
            "도로명주소":"서울시 서대문구",
            "세대수":90,
            "입주년차":100,
            "용적률점수":"--",
            "건폐율점수":"--",
            "세대당주차수":30,
            "난방방식":30,
            "공급면적":"--",
            "전용률":"--",
            "욕실수":50,
            "현관타입":100,
            "주거총점":74.0,
            "지역구공급총점":0.0,
            "역세권":80,
            "30분내 이동가능 거점":80,
            "1시간내 이동가능 거점":100,
            "교통총점":84.0,
            "백화점":0,
            "아울렛몰":80,
            "대형마트":0,
            "은행":70,
            "병원":100,
            "종합병원":100,
            "공원":80,
            "혐오시설":0,
            "인프라총점":47.4,
            "초등학군":89.26,
            "중학군":43.06,
            "학군총점":52.3,
            "인구수":34.82,
            "인구증감":-8.93,
            "인구총점":21.695,
            "일자리":14.5,
            "소득수준":71.44,
            "일자리총점":31.582,
            "가치 총점":66.265,
            "매매실거래년":20210926.0,
            "매매실거래가":170000.0,
            "전세실거래년":null,
            "전세실거래가":null,
            "전세가율":null,
            "장기전세가율평균":70.21,
            "전세가율거품지수":null,
            "검색코드":124802,
            "세대수":1116.0,
            "준공년월":"2021-12-01",
            "준공년차":2.0,
            "가까운역이름":"홍제",
            "가까운역거리":351.76,
            "역세권여부":"역세권",
            "30분이내주요거점역":4,
            "1시간이내주요거점역":13,
            "3km이내백화점수":0,
            "5km이내아울렛몰수":1,
            "1km이내대형먀트수":0,
            "500m이내은행수":3,
            "500m이내병원수":72,
            "5km이내대형병원수":8,
            "500m이내공원수":1,
            "3km이내혐오시설수":0,
            "초등학교학업성취도":89.26,
            "중학교학업성취도":71.1,
            "용적률":237,
            "건폐율":21,
            "Y":37.590313,
            "X":126.947405,
            "rank":18.0,
            "area_info":"17평(58.9), 21평(71.63), 25평(84.45), 25평(84.4), 25평(84.54), 25평(85.42), 25평(85.27), 26평(87.42), 27평(89.95), 33평(112.35), 34평(112.55), 34평(112.76), 34평(112.99), 34평(113.68), 34평(113.53), 42평(140.75), 42평(141.44)",
            "last_sales":"2021-09-26,170000.0,42평(140.75)"
        },
        {
            "index":597,
            "아파트명":"홍제현대",
            "투자타입":"재건축",
            "전용면적(m2)":"71.81",
            "전용면적(평)":"21평",
            "법정동주소":"서울시 서대문구 홍제동 331",
            "도로명주소":"서울시 서대문구 통일로39가길 57",
            "세대수":80,
            "입주년차":"--",
            "용적률점수":60,
            "건폐율점수":80,
            "세대당주차수":"--",
            "난방방식":"--",
            "공급면적":50,
            "전용률":80,
            "욕실수":"--",
            "현관타입":"--",
            "주거총점":70.5,
            "지역구공급총점":0.0,
            "역세권":80,
            "30분내 이동가능 거점":80,
            "1시간내 이동가능 거점":100,
            "교통총점":84.0,
            "백화점":0,
            "아울렛몰":80,
            "대형마트":0,
            "은행":70,
            "병원":100,
            "종합병원":100,
            "공원":80,
            "혐오시설":0,
            "인프라총점":47.4,
            "초등학군":89.26,
            "중학군":44.1,
            "학군총점":53.132,
            "인구수":34.82,
            "인구증감":-8.93,
            "인구총점":21.695,
            "일자리":14.5,
            "소득수준":71.44,
            "일자리총점":31.582,
            "가치 총점":65.6898,
            "매매실거래년":20211211.0,
            "매매실거래가":73000.0,
            "전세실거래년":20200904.0,
            "전세실거래가":32500.0,
            "전세가율":44.52,
            "장기전세가율평균":70.21,
            "전세가율거품지수":25.69,
            "검색코드":437,
            "세대수":704.0,
            "준공년월":"1992-07-08",
            "준공년차":31.0,
            "가까운역이름":"홍제",
            "가까운역거리":221.18,
            "역세권여부":"역세권",
            "30분이내주요거점역":4,
            "1시간이내주요거점역":13,
            "3km이내백화점수":0,
            "5km이내아울렛몰수":1,
            "1km이내대형먀트수":0,
            "500m이내은행수":4,
            "500m이내병원수":64,
            "5km이내대형병원수":7,
            "500m이내공원수":1,
            "3km이내혐오시설수":0,
            "초등학교학업성취도":89.26,
            "중학교학업성취도":70.7,
            "용적률":247,
            "건폐율":23,
            "Y":37.589149,
            "X":126.941228,
            "rank":19.0,
            "area_info":"21평(71.81), 27평(91.69), 30평(99.88), 38평(126.68), 42평(138.88)",
            "last_sales":"2021-12-11,73000.0,21평(71.81)"
        },
        {
            "index":231,
            "아파트명":"연희대우",
            "투자타입":"일반",
            "전용면적(m2)":"85.69",
            "전용면적(평)":"25평",
            "법정동주소":"서울시 서대문구 연희동 739",
            "도로명주소":"서울시 서대문구 연희로 38-20",
            "세대수":50,
            "입주년차":20,
            "용적률점수":"--",
            "건폐율점수":"--",
            "세대당주차수":30,
            "난방방식":30,
            "공급면적":"--",
            "전용률":"--",
            "욕실수":50,
            "현관타입":10,
            "주거총점":35.0,
            "지역구공급총점":0.0,
            "역세권":50,
            "30분내 이동가능 거점":100,
            "1시간내 이동가능 거점":100,
            "교통총점":75.0,
            "백화점":100,
            "아울렛몰":80,
            "대형마트":100,
            "은행":0,
            "병원":60,
            "종합병원":100,
            "공원":0,
            "혐오시설":0,
            "인프라총점":79.0,
            "초등학군":86.41,
            "중학군":46.06,
            "학군총점":54.13,
            "인구수":34.82,
            "인구증감":-8.93,
            "인구총점":21.695,
            "일자리":14.5,
            "소득수준":71.44,
            "일자리총점":31.582,
            "가치 총점":65.0695,
            "매매실거래년":20210818.0,
            "매매실거래가":91000.0,
            "전세실거래년":20220108.0,
            "전세실거래가":39900.0,
            "전세가율":43.85,
            "장기전세가율평균":70.21,
            "전세가율거품지수":26.36,
            "검색코드":3487,
            "세대수":562.0,
            "준공년월":"2002-07-30",
            "준공년차":21.0,
            "가까운역이름":"홍대입구",
            "가까운역거리":611.98,
            "역세권여부":"준역세권",
            "30분이내주요거점역":6,
            "1시간이내주요거점역":14,
            "3km이내백화점수":1,
            "5km이내아울렛몰수":1,
            "1km이내대형먀트수":2,
            "500m이내은행수":0,
            "500m이내병원수":11,
            "5km이내대형병원수":8,
            "500m이내공원수":0,
            "3km이내혐오시설수":0,
            "초등학교학업성취도":86.41,
            "중학교학업성취도":76.1,
            "용적률":299,
            "건폐율":19,
            "Y":37.561536,
            "X":126.929644,
            "rank":20.0,
            "area_info":"25평(85.69), 26평(85.99), 33평(109.11), 42평(141.81)",
            "last_sales":"2021-08-18,91000.0,25평(85.69)"
        },
        {
            "index":76,
            "아파트명":"래미안루센티아",
            "투자타입":"일반",
            "전용면적(m2)":"81.5",
            "전용면적(평)":"24평",
            "법정동주소":"서울시 서대문구 남가좌동 390",
            "도로명주소":"서울시 서대문구 거북골로 100",
            "세대수":90,
            "입주년차":100,
            "용적률점수":"--",
            "건폐율점수":"--",
            "세대당주차수":30,
            "난방방식":100,
            "공급면적":"--",
            "전용률":"--",
            "욕실수":100,
            "현관타입":100,
            "주거총점":86.0,
            "지역구공급총점":0.0,
            "역세권":50,
            "30분내 이동가능 거점":40,
            "1시간내 이동가능 거점":100,
            "교통총점":57.0,
            "백화점":100,
            "아울렛몰":0,
            "대형마트":0,
            "은행":70,
            "병원":60,
            "종합병원":100,
            "공원":100,
            "혐오시설":0,
            "인프라총점":66.0,
            "초등학군":88.65,
            "중학군":44.92,
            "학군총점":53.666,
            "인구수":34.82,
            "인구증감":-8.93,
            "인구총점":21.695,
            "일자리":14.5,
            "소득수준":71.44,
            "일자리총점":31.582,
            "가치 총점":64.9999,
            "매매실거래년":20211010.0,
            "매매실거래가":117500.0,
            "전세실거래년":20220112.0,
            "전세실거래가":65000.0,
            "전세가율":55.32,
            "장기전세가율평균":70.21,
            "전세가율거품지수":14.89,
            "검색코드":118929,
            "세대수":997.0,
            "준공년월":"2020-02-01",
            "준공년차":3.0,
            "가까운역이름":"가좌",
            "가까운역거리":880.24,
            "역세권여부":"준역세권",
            "30분이내주요거점역":2,
            "1시간이내주요거점역":10,
            "3km이내백화점수":1,
            "5km이내아울렛몰수":0,
            "1km이내대형먀트수":0,
            "500m이내은행수":4,
            "500m이내병원수":25,
            "5km이내대형병원수":6,
            "500m이내공원수":7,
            "3km이내혐오시설수":0,
            "초등학교학업성취도":88.65,
            "중학교학업성취도":73.8,
            "용적률":234,
            "건폐율":20,
            "Y":37.576188,
            "X":126.917821,
            "rank":21.0,
            "area_info":"24평(81.5), 34평(112.99), 34평(113.88), 34평(113.88), 34평(114.55), 34평(115.44), 46평(153.18)",
            "last_sales":"2021-10-10,117500.0,24평(81.5)"
        },
        {
            "index":562,
            "아파트명":"홍제센트럴아이파크",
            "투자타입":"일반",
            "전용면적(m2)":"83.35",
            "전용면적(평)":"25평",
            "법정동주소":"서울시 서대문구 홍제동 473",
            "도로명주소":"서울시 서대문구 통일로 395",
            "세대수":90,
            "입주년차":100,
            "용적률점수":"--",
            "건폐율점수":"--",
            "세대당주차수":30,
            "난방방식":30,
            "공급면적":"--",
            "전용률":"--",
            "욕실수":100,
            "현관타입":100,
            "주거총점":79.0,
            "지역구공급총점":0.0,
            "역세권":80,
            "30분내 이동가능 거점":80,
            "1시간내 이동가능 거점":100,
            "교통총점":84.0,
            "백화점":0,
            "아울렛몰":80,
            "대형마트":0,
            "은행":0,
            "병원":80,
            "종합병원":100,
            "공원":100,
            "혐오시설":0,
            "인프라총점":39.0,
            "초등학군":85.28,
            "중학군":43.16,
            "학군총점":51.584,
            "인구수":34.82,
            "인구증감":-8.93,
            "인구총점":21.695,
            "일자리":14.5,
            "소득수준":71.44,
            "일자리총점":31.582,
            "가치 총점":64.6376,
            "매매실거래년":20211106.0,
            "매매실거래가":115000.0,
            "전세실거래년":20210828.0,
            "전세실거래가":64000.0,
            "전세가율":55.65,
            "장기전세가율평균":70.21,
            "전세가율거품지수":14.56,
            "검색코드":112357,
            "세대수":906.0,
            "준공년월":"2020-06-22",
            "준공년차":3.0,
            "가까운역이름":"무악재",
            "가까운역거리":453.62,
            "역세권여부":"역세권",
            "30분이내주요거점역":4,
            "1시간이내주요거점역":14,
            "3km이내백화점수":0,
            "5km이내아울렛몰수":1,
            "1km이내대형먀트수":0,
            "500m이내은행수":0,
            "500m이내병원수":58,
            "5km이내대형병원수":8,
            "500m이내공원수":3,
            "3km이내혐오시설수":0,
            "초등학교학업성취도":85.28,
            "중학교학업성취도":71.2,
            "용적률":219,
            "건폐율":20,
            "Y":37.585008,
            "X":126.946442,
            "rank":22.0,
            "area_info":"25평(83.35), 25평(84.89), 34평(112.42), 33평(112.23), 34평(112.43), 34평(113.32), 34평(113.89), 40평(133.49), 42평(141.87), 42평(142.01)",
            "last_sales":"2021-11-06,115000.0,25평(83.35)"
        },
        {
            "index":46,
            "아파트명":"DMC파크뷰자이",
            "투자타입":"일반",
            "전용면적(m2)":"82.56",
            "전용면적(평)":"24평",
            "법정동주소":"서울시 서대문구 남가좌동 385",
            "도로명주소":"서울시 서대문구 가재울미래로 2",
            "세대수":100,
            "입주년차":80,
            "용적률점수":"--",
            "건폐율점수":"--",
            "세대당주차수":60,
            "난방방식":100,
            "공급면적":"--",
            "전용률":"--",
            "욕실수":100,
            "현관타입":100,
            "주거총점":90.0,
            "지역구공급총점":0.0,
            "역세권":50,
            "30분내 이동가능 거점":20,
            "1시간내 이동가능 거점":100,
            "교통총점":51.0,
            "백화점":100,
            "아울렛몰":0,
            "대형마트":0,
            "은행":70,
            "병원":80,
            "종합병원":100,
            "공원":100,
            "혐오시설":0,
            "인프라총점":68.0,
            "초등학군":88.65,
            "중학군":45.2,
            "학군총점":53.89,
            "인구수":34.82,
            "인구증감":-8.93,
            "인구총점":21.695,
            "일자리":14.5,
            "소득수준":71.44,
            "일자리총점":31.582,
            "가치 총점":64.3335,
            "매매실거래년":20211130.0,
            "매매실거래가":121000.0,
            "전세실거래년":20220115.0,
            "전세실거래가":49350.0,
            "전세가율":40.79,
            "장기전세가율평균":70.21,
            "전세가율거품지수":29.42,
            "검색코드":108064,
            "세대수":4300.0,
            "준공년월":"2015-10-26",
            "준공년차":8.0,
            "가까운역이름":"가좌",
            "가까운역거리":518.38,
            "역세권여부":"준역세권",
            "30분이내주요거점역":1,
            "1시간이내주요거점역":11,
            "3km이내백화점수":1,
            "5km이내아울렛몰수":0,
            "1km이내대형먀트수":0,
            "500m이내은행수":4,
            "500m이내병원수":34,
            "5km이내대형병원수":6,
            "500m이내공원수":7,
            "3km이내혐오시설수":0,
            "초등학교학업성취도":88.65,
            "중학교학업성취도":74.8,
            "용적률":233,
            "건폐율":19,
            "Y":37.572838,
            "X":126.917612,
            "rank":23.0,
            "area_info":"24평(82.56), 25평(82.8), 25평(83.6), 25평(83.76), 25평(84.27), 25평(84.21), 33평(110.3), 33평(110.14), 33평(110.09), 33평(110.68), 33평(110.63), 33평(111.98), 33평(111.66), 33평(111.41), 34평(112.61), 34평(112.62), 34평(112.4), 46평(152.93), 46평(153.91), 47평(157.84), 58평(194.35), 63평(208.89)",
            "last_sales":"2021-11-30,121000.0,24평(82.56)"
        },
        {
            "index":177,
            "아파트명":"경남1차",
            "투자타입":"일반",
            "전용면적(m2)":"80.45",
            "전용면적(평)":"24평",
            "법정동주소":"서울시 서대문구 북아현동 1006",
            "도로명주소":"서울시 서대문구 북아현로 40",
            "세대수":0,
            "입주년차":0,
            "용적률점수":"--",
            "건폐율점수":"--",
            "세대당주차수":0,
            "난방방식":30,
            "공급면적":"--",
            "전용률":"--",
            "욕실수":50,
            "현관타입":10,
            "주거총점":9.0,
            "지역구공급총점":0.0,
            "역세권":80,
            "30분내 이동가능 거점":100,
            "1시간내 이동가능 거점":100,
            "교통총점":90.0,
            "백화점":100,
            "아울렛몰":100,
            "대형마트":0,
            "은행":70,
            "병원":60,
            "종합병원":100,
            "공원":100,
            "혐오시설":0,
            "인프라총점":76.0,
            "초등학군":90.29,
            "중학군":44.94,
            "학군총점":54.01,
            "인구수":34.82,
            "인구증감":-8.93,
            "인구총점":21.695,
            "일자리":14.5,
            "소득수준":71.44,
            "일자리총점":31.582,
            "가치 총점":64.2015,
            "매매실거래년":20210130.0,
            "매매실거래가":149800.0,
            "전세실거래년":20211119.0,
            "전세실거래가":28000.0,
            "전세가율":22.75,
            "장기전세가율평균":70.21,
            "전세가율거품지수":47.46,
            "검색코드":429,
            "세대수":106.0,
            "준공년월":"1996-05-21",
            "준공년차":27.0,
            "가까운역이름":"아현",
            "가까운역거리":418.99,
            "역세권여부":"역세권",
            "30분이내주요거점역":7,
            "1시간이내주요거점역":14,
            "3km이내백화점수":3,
            "5km이내아울렛몰수":2,
            "1km이내대형먀트수":0,
            "500m이내은행수":3,
            "500m이내병원수":17,
            "5km이내대형병원수":8,
            "500m이내공원수":4,
            "3km이내혐오시설수":0,
            "초등학교학업성취도":90.29,
            "중학교학업성취도":74.1,
            "용적률":319,
            "건폐율":41,
            "Y":37.561101,
            "X":126.956521,
            "rank":24.0,
            "area_info":"24평(80.45), 24평(80.63), 29평(98.15), 31평(105.25), 40평(132.81)",
            "last_sales":"2021-01-30,149800.0,40평(132.81)"
        },
        {
            "index":30,
            "아파트명":"DMC에코자이",
            "투자타입":"일반",
            "전용면적(m2)":"82.23",
            "전용면적(평)":"24평",
            "법정동주소":"서울시 서대문구 남가좌동 389",
            "도로명주소":"서울시 서대문구 거북골로 84",
            "세대수":90,
            "입주년차":100,
            "용적률점수":"--",
            "건폐율점수":"--",
            "세대당주차수":60,
            "난방방식":100,
            "공급면적":"--",
            "전용률":"--",
            "욕실수":100,
            "현관타입":100,
            "주거총점":90.5,
            "지역구공급총점":0.0,
            "역세권":50,
            "30분내 이동가능 거점":20,
            "1시간내 이동가능 거점":100,
            "교통총점":51.0,
            "백화점":100,
            "아울렛몰":0,
            "대형마트":0,
            "은행":70,
            "병원":60,
            "종합병원":100,
            "공원":100,
            "혐오시설":0,
            "인프라총점":66.0,
            "초등학군":98.93,
            "중학군":44.92,
            "학군총점":55.722,
            "인구수":34.82,
            "인구증감":-8.93,
            "인구총점":21.695,
            "일자리":14.5,
            "소득수준":71.44,
            "일자리총점":31.582,
            "가치 총점":64.1083,
            "매매실거래년":20211030.0,
            "매매실거래가":131000.0,
            "전세실거래년":20220115.0,
            "전세실거래가":38850.0,
            "전세가율":36.14,
            "장기전세가율평균":70.21,
            "전세가율거품지수":34.07,
            "검색코드":118720,
            "세대수":1047.0,
            "준공년월":"2019-12-01",
            "준공년차":4.0,
            "가까운역이름":"가좌",
            "가까운역거리":964.95,
            "역세권여부":"준역세권",
            "30분이내주요거점역":1,
            "1시간이내주요거점역":10,
            "3km이내백화점수":1,
            "5km이내아울렛몰수":0,
            "1km이내대형먀트수":0,
            "500m이내은행수":4,
            "500m이내병원수":25,
            "5km이내대형병원수":6,
            "500m이내공원수":7,
            "3km이내혐오시설수":0,
            "초등학교학업성취도":98.93,
            "중학교학업성취도":73.8,
            "용적률":234,
            "건폐율":19,
            "Y":37.576911,
            "X":126.918137,
            "rank":25.0,
            "area_info":"24평(82.23), 25평(83.13), 25평(83.31), 29평(98.94), 29평(98.17), 33평(111.22), 33평(112.36), 34평(112.72), 48평(161.22), 49평(164.55), 49평(164.09)",
            "last_sales":"2021-10-30,131000.0,29평(98.94)"
        },
        {
            "index":83,
            "아파트명":"창덕에버빌",
            "투자타입":"일반",
            "전용면적(m2)":"105.0",
            "전용면적(평)":"31평",
            "법정동주소":"서울시 서대문구 남가좌동 105-1",
            "도로명주소":"서울시 서대문구 모래내로 143",
            "세대수":0,
            "입주년차":0,
            "용적률점수":"--",
            "건폐율점수":"--",
            "세대당주차수":80,
            "난방방식":30,
            "공급면적":"--",
            "전용률":"--",
            "욕실수":100,
            "현관타입":10,
            "주거총점":26.0,
            "지역구공급총점":0.0,
            "역세권":80,
            "30분내 이동가능 거점":60,
            "1시간내 이동가능 거점":100,
            "교통총점":78.0,
            "백화점":100,
            "아울렛몰":80,
            "대형마트":0,
            "은행":70,
            "병원":80,
            "종합병원":100,
            "공원":100,
            "혐오시설":0,
            "인프라총점":76.0,
            "초등학군":88.65,
            "중학군":45.2,
            "학군총점":53.89,
            "인구수":34.82,
            "인구증감":-8.93,
            "인구총점":21.695,
            "일자리":14.5,
            "소득수준":71.44,
            "일자리총점":31.582,
            "가치 총점":63.3835,
            "매매실거래년":20210911.0,
            "매매실거래가":82000.0,
            "전세실거래년":20210219.0,
            "전세실거래가":44900.0,
            "전세가율":82.08,
            "장기전세가율평균":70.21,
            "전세가율거품지수":-11.87,
            "검색코드":3480,
            "세대수":109.0,
            "준공년월":"1998-09-07",
            "준공년차":25.0,
            "가까운역이름":"가좌",
            "가까운역거리":199.19,
            "역세권여부":"역세권",
            "30분이내주요거점역":3,
            "1시간이내주요거점역":13,
            "3km이내백화점수":1,
            "5km이내아울렛몰수":1,
            "1km이내대형먀트수":0,
            "500m이내은행수":4,
            "500m이내병원수":38,
            "5km이내대형병원수":6,
            "500m이내공원수":5,
            "3km이내혐오시설수":0,
            "초등학교학업성취도":88.65,
            "중학교학업성취도":74.8,
            "용적률":583,
            "건폐율":59,
            "Y":37.569569,
            "X":126.917292,
            "rank":26.0,
            "area_info":"31평(105.0), 39평(129.15), 39평(130.15), 47평(157.5), 63평(208.87)",
            "last_sales":"2021-09-11,82000.0,47평(157.5)"
        },
        {
            "index":41,
            "아파트명":"DMC엘가(도시형)",
            "투자타입":"일반",
            "전용면적(m2)":"21.42",
            "전용면적(평)":"6평",
            "법정동주소":"서울시 서대문구 남가좌동 387",
            "도로명주소":"서울시 서대문구 모래내로 151",
            "세대수":0,
            "입주년차":80,
            "용적률점수":"--",
            "건폐율점수":"--",
            "세대당주차수":0,
            "난방방식":30,
            "공급면적":"--",
            "전용률":"--",
            "욕실수":50,
            "현관타입":10,
            "주거총점":25.0,
            "지역구공급총점":0.0,
            "역세권":80,
            "30분내 이동가능 거점":60,
            "1시간내 이동가능 거점":100,
            "교통총점":78.0,
            "백화점":100,
            "아울렛몰":80,
            "대형마트":0,
            "은행":70,
            "병원":80,
            "종합병원":100,
            "공원":100,
            "혐오시설":0,
            "인프라총점":76.0,
            "초등학군":88.65,
            "중학군":45.2,
            "학군총점":53.89,
            "인구수":34.82,
            "인구증감":-8.93,
            "인구총점":21.695,
            "일자리":14.5,
            "소득수준":71.44,
            "일자리총점":31.582,
            "가치 총점":63.1835,
            "매매실거래년":20211012.0,
            "매매실거래가":43500.0,
            "전세실거래년":20211108.0,
            "전세실거래가":14500.0,
            "전세가율":107.41,
            "장기전세가율평균":70.21,
            "전세가율거품지수":-37.2,
            "검색코드":115283,
            "세대수":288.0,
            "준공년월":"2017-02-28",
            "준공년차":6.0,
            "가까운역이름":"가좌",
            "가까운역거리":262.68,
            "역세권여부":"역세권",
            "30분이내주요거점역":3,
            "1시간이내주요거점역":13,
            "3km이내백화점수":1,
            "5km이내아울렛몰수":1,
            "1km이내대형먀트수":0,
            "500m이내은행수":3,
            "500m이내병원수":38,
            "5km이내대형병원수":6,
            "500m이내공원수":5,
            "3km이내혐오시설수":0,
            "초등학교학업성취도":88.65,
            "중학교학업성취도":74.8,
            "용적률":283,
            "건폐율":32,
            "Y":37.570018,
            "X":126.917761,
            "rank":27.0,
            "area_info":"6평(21.42), 8평(28.0), 12평(42.85), 14평(48.58), 19평(65.7)",
            "last_sales":"2021-10-12,43500.0,19평(65.7)"
        },
        {
            "index":93,
            "아파트명":"동부센트레빌",
            "투자타입":"일반",
            "전용면적(m2)":"86.65",
            "전용면적(평)":"26평",
            "법정동주소":"서울시 서대문구 냉천동 260",
            "도로명주소":"서울시 서대문구 독립문로14길 74",
            "세대수":0,
            "입주년차":20,
            "용적률점수":"--",
            "건폐율점수":"--",
            "세대당주차수":30,
            "난방방식":30,
            "공급면적":"--",
            "전용률":"--",
            "욕실수":50,
            "현관타입":10,
            "주거총점":17.5,
            "지역구공급총점":0.0,
            "역세권":50,
            "30분내 이동가능 거점":100,
            "1시간내 이동가능 거점":100,
            "교통총점":75.0,
            "백화점":100,
            "아울렛몰":100,
            "대형마트":80,
            "은행":20,
            "병원":60,
            "종합병원":100,
            "공원":0,
            "혐오시설":0,
            "인프라총점":80.0,
            "초등학군":90.0,
            "중학군":54.84,
            "학군총점":61.872,
            "인구수":34.82,
            "인구증감":-8.93,
            "인구총점":21.695,
            "일자리":14.5,
            "소득수준":71.44,
            "일자리총점":31.582,
            "가치 총점":63.0308,
            "매매실거래년":20211120.0,
            "매매실거래가":102000.0,
            "전세실거래년":20211222.0,
            "전세실거래가":53000.0,
            "전세가율":63.86,
            "장기전세가율평균":70.21,
            "전세가율거품지수":6.35,
            "검색코드":3392,
            "세대수":237.0,
            "준공년월":"2002-03-21",
            "준공년차":21.0,
            "가까운역이름":"서대문",
            "가까운역거리":547.18,
            "역세권여부":"준역세권",
            "30분이내주요거점역":6,
            "1시간이내주요거점역":17,
            "3km이내백화점수":3,
            "5km이내아울렛몰수":2,
            "1km이내대형먀트수":1,
            "500m이내은행수":2,
            "500m이내병원수":27,
            "5km이내대형병원수":8,
            "500m이내공원수":0,
            "3km이내혐오시설수":0,
            "초등학교학업성취도":90.0,
            "중학교학업성취도":90.0,
            "용적률":258,
            "건폐율":26,
            "Y":37.566994,
            "X":126.960627,
            "rank":28.0,
            "area_info":"26평(86.65), 33평(111.76), 43평(143.3)",
            "last_sales":"2021-11-20,102000.0,33평(111.76)"
        },
        {
            "index":553,
            "아파트명":"홍제삼성래미안",
            "투자타입":"일반",
            "전용면적(m2)":"48.19",
            "전용면적(평)":"14평",
            "법정동주소":"서울시 서대문구 홍제동 461",
            "도로명주소":"서울시 서대문구 통일로 319",
            "세대수":50,
            "입주년차":20,
            "용적률점수":"--",
            "건폐율점수":"--",
            "세대당주차수":30,
            "난방방식":30,
            "공급면적":"--",
            "전용률":"--",
            "욕실수":50,
            "현관타입":10,
            "주거총점":35.0,
            "지역구공급총점":0.0,
            "역세권":80,
            "30분내 이동가능 거점":80,
            "1시간내 이동가능 거점":100,
            "교통총점":84.0,
            "백화점":100,
            "아울렛몰":100,
            "대형마트":0,
            "은행":0,
            "병원":10,
            "종합병원":100,
            "공원":0,
            "혐오시설":0,
            "인프라총점":61.0,
            "초등학군":86.53,
            "중학군":44.88,
            "학군총점":53.21,
            "인구수":34.82,
            "인구증감":-8.93,
            "인구총점":21.695,
            "일자리":14.5,
            "소득수준":71.44,
            "일자리총점":31.582,
            "가치 총점":62.6815,
            "매매실거래년":20220112.0,
            "매매실거래가":72000.0,
            "전세실거래년":20220115.0,
            "전세실거래가":30000.0,
            "전세가율":50.42,
            "장기전세가율평균":70.21,
            "전세가율거품지수":19.79,
            "검색코드":3499,
            "세대수":474.0,
            "준공년월":"2001-06-13",
            "준공년차":22.0,
            "가까운역이름":"무악재",
            "가까운역거리":427.15,
            "역세권여부":"역세권",
            "30분이내주요거점역":4,
            "1시간이내주요거점역":15,
            "3km이내백화점수":1,
            "5km이내아울렛몰수":2,
            "1km이내대형먀트수":0,
            "500m이내은행수":0,
            "500m이내병원수":4,
            "5km이내대형병원수":8,
            "500m이내공원수":0,
            "3km이내혐오시설수":0,
            "초등학교학업성취도":86.53,
            "중학교학업성취도":74.0,
            "용적률":265,
            "건폐율":24,
            "Y":37.578638,
            "X":126.951759,
            "rank":29.0,
            "area_info":"14평(48.19), 24평(82.64), 31평(104.7), 41평(137.52)",
            "last_sales":"2022-01-12,72000.0,24평(82.64)"
        },
        {
            "index":73,
            "아파트명":"래미안남가좌2차",
            "투자타입":"일반",
            "전용면적(m2)":"84.16",
            "전용면적(평)":"25평",
            "법정동주소":"서울시 서대문구 남가좌동 379",
            "도로명주소":"서울시 서대문구 수색로6길 43",
            "세대수":50,
            "입주년차":40,
            "용적률점수":"--",
            "건폐율점수":"--",
            "세대당주차수":30,
            "난방방식":30,
            "공급면적":"--",
            "전용률":"--",
            "욕실수":100,
            "현관타입":100,
            "주거총점":53.0,
            "지역구공급총점":0.0,
            "역세권":50,
            "30분내 이동가능 거점":20,
            "1시간내 이동가능 거점":100,
            "교통총점":51.0,
            "백화점":100,
            "아울렛몰":0,
            "대형마트":80,
            "은행":70,
            "병원":80,
            "종합병원":100,
            "공원":100,
            "혐오시설":0,
            "인프라총점":80.0,
            "초등학군":88.65,
            "중학군":52.8,
            "학군총점":59.97,
            "인구수":34.82,
            "인구증감":-8.93,
            "인구총점":21.695,
            "일자리":14.5,
            "소득수준":71.44,
            "일자리총점":31.582,
            "가치 총점":61.4455,
            "매매실거래년":20210924.0,
            "매매실거래가":111000.0,
            "전세실거래년":20220110.0,
            "전세실거래가":45150.0,
            "전세가율":40.68,
            "장기전세가율평균":70.21,
            "전세가율거품지수":29.53,
            "검색코드":14232,
            "세대수":503.0,
            "준공년월":"2005-10-26",
            "준공년차":18.0,
            "가까운역이름":"가좌",
            "가까운역거리":511.46,
            "역세권여부":"준역세권",
            "30분이내주요거점역":1,
            "1시간이내주요거점역":11,
            "3km이내백화점수":1,
            "5km이내아울렛몰수":0,
            "1km이내대형먀트수":1,
            "500m이내은행수":3,
            "500m이내병원수":45,
            "5km이내대형병원수":6,
            "500m이내공원수":5,
            "3km이내혐오시설수":0,
            "초등학교학업성취도":88.65,
            "중학교학업성취도":85.4,
            "용적률":209,
            "건폐율":19,
            "Y":37.5725,
            "X":126.912642,
            "rank":30.0,
            "area_info":"25평(84.16), 33평(111.24), 43평(143.8)",
            "last_sales":"2021-09-24,111000.0,25평(84.16)"
        },
        {
            "index":485,
            "아파트명":"무악재한화",
            "투자타입":"일반",
            "전용면적(m2)":"110.27",
            "전용면적(평)":"33평",
            "법정동주소":"서울시 서대문구 홍제동 464",
            "도로명주소":"서울시 서대문구 통일로 357",
            "세대수":0,
            "입주년차":20,
            "용적률점수":"--",
            "건폐율점수":"--",
            "세대당주차수":60,
            "난방방식":30,
            "공급면적":"--",
            "전용률":"--",
            "욕실수":100,
            "현관타입":100,
            "주거총점":36.0,
            "지역구공급총점":0.0,
            "역세권":100,
            "30분내 이동가능 거점":100,
            "1시간내 이동가능 거점":100,
            "교통총점":100.0,
            "백화점":0,
            "아울렛몰":80,
            "대형마트":0,
            "은행":0,
            "병원":60,
            "종합병원":100,
            "공원":100,
            "혐오시설":0,
            "인프라총점":37.0,
            "초등학군":86.53,
            "중학군":43.16,
            "학군총점":51.834,
            "인구수":34.82,
            "인구증감":-8.93,
            "인구총점":21.695,
            "일자리":14.5,
            "소득수준":71.44,
            "일자리총점":31.582,
            "가치 총점":61.0751,
            "매매실거래년":20210814.0,
            "매매실거래가":111000.0,
            "전세실거래년":20210830.0,
            "전세실거래가":65000.0,
            "전세가율":61.32,
            "장기전세가율평균":70.21,
            "전세가율거품지수":8.89,
            "검색코드":3496,
            "세대수":139.0,
            "준공년월":"2001-05-19",
            "준공년차":22.0,
            "가까운역이름":"무악재",
            "가까운역거리":56.96,
            "역세권여부":"초역세권",
            "30분이내주요거점역":5,
            "1시간이내주요거점역":16,
            "3km이내백화점수":0,
            "5km이내아울렛몰수":1,
            "1km이내대형먀트수":0,
            "500m이내은행수":0,
            "500m이내병원수":12,
            "5km이내대형병원수":7,
            "500m이내공원수":2,
            "3km이내혐오시설수":0,
            "초등학교학업성취도":86.53,
            "중학교학업성취도":71.2,
            "용적률":229,
            "건폐율":23,
            "Y":37.582188,
            "X":126.94966,
            "rank":31.0,
            "area_info":"33평(110.27), 44평(148.52), 44평(148.29), 45평(149.38)",
            "last_sales":"2021-08-14,111000.0,45평(149.38)"
        },
        {
            "index":447,
            "아파트명":"현대",
            "투자타입":"재건축",
            "전용면적(m2)":"74.6",
            "전용면적(평)":"22평",
            "법정동주소":"서울시 서대문구 홍은동 202-5",
            "도로명주소":"서울시 서대문구 연희로 377",
            "세대수":50,
            "입주년차":"--",
            "용적률점수":60,
            "건폐율점수":100,
            "세대당주차수":"--",
            "난방방식":"--",
            "공급면적":50,
            "전용률":80,
            "욕실수":"--",
            "현관타입":"--",
            "주거총점":65.5,
            "지역구공급총점":0.0,
            "역세권":50,
            "30분내 이동가능 거점":100,
            "1시간내 이동가능 거점":100,
            "교통총점":75.0,
            "백화점":0,
            "아울렛몰":80,
            "대형마트":0,
            "은행":70,
            "병원":60,
            "종합병원":100,
            "공원":80,
            "혐오시설":0,
            "인프라총점":43.4,
            "초등학군":89.26,
            "중학군":44.1,
            "학군총점":53.132,
            "인구수":34.82,
            "인구증감":-8.93,
            "인구총점":21.695,
            "일자리":14.5,
            "소득수준":71.44,
            "일자리총점":31.582,
            "가치 총점":60.3398,
            "매매실거래년":20210828.0,
            "매매실거래가":86500.0,
            "전세실거래년":20211219.0,
            "전세실거래가":29925.0,
            "전세가율":43.37,
            "장기전세가율평균":70.21,
            "전세가율거품지수":26.84,
            "검색코드":436,
            "세대수":610.0,
            "준공년월":"1989-07-05",
            "준공년차":34.0,
            "가까운역이름":"홍제",
            "가까운역거리":538.06,
            "역세권여부":"준역세권",
            "30분이내주요거점역":5,
            "1시간이내주요거점역":14,
            "3km이내백화점수":0,
            "5km이내아울렛몰수":1,
            "1km이내대형먀트수":0,
            "500m이내은행수":3,
            "500m이내병원수":19,
            "5km이내대형병원수":6,
            "500m이내공원수":1,
            "3km이내혐오시설수":0,
            "초등학교학업성취도":89.26,
            "중학교학업성취도":70.7,
            "용적률":231,
            "건폐율":19,
            "Y":37.590182,
            "X":126.937794,
            "rank":32.0,
            "area_info":"22평(74.6), 24평(79.55), 27평(91.17), 27평(91.85), 28평(95.52), 31평(105.19)",
            "last_sales":"2021-08-28,86500.0,31평(105.19)"
        },
        {
            "index":244,
            "아파트명":"연희자이엘라(도시형)",
            "투자타입":"일반",
            "전용면적(m2)":"23.65",
            "전용면적(평)":"7평",
            "법정동주소":"서울시 서대문구 연희동 745",
            "도로명주소":"서울시 서대문구 연희로5길 14",
            "세대수":0,
            "입주년차":80,
            "용적률점수":"--",
            "건폐율점수":"--",
            "세대당주차수":0,
            "난방방식":30,
            "공급면적":"--",
            "전용률":"--",
            "욕실수":50,
            "현관타입":10,
            "주거총점":25.0,
            "지역구공급총점":0.0,
            "역세권":50,
            "30분내 이동가능 거점":80,
            "1시간내 이동가능 거점":100,
            "교통총점":69.0,
            "백화점":100,
            "아울렛몰":80,
            "대형마트":80,
            "은행":0,
            "병원":60,
            "종합병원":100,
            "공원":0,
            "혐오시설":0,
            "인프라총점":76.0,
            "초등학군":89.35,
            "중학군":46.06,
            "학군총점":54.718,
            "인구수":34.82,
            "인구증감":-8.93,
            "인구총점":21.695,
            "일자리":14.5,
            "소득수준":71.44,
            "일자리총점":31.582,
            "가치 총점":60.1577,
            "매매실거래년":20211210.0,
            "매매실거래가":15300.0,
            "전세실거래년":20211218.0,
            "전세실거래가":15000.0,
            "전세가율":98.04,
            "장기전세가율평균":70.21,
            "전세가율거품지수":-27.83,
            "검색코드":106000,
            "세대수":186.0,
            "준공년월":"2014-01-29",
            "준공년차":9.0,
            "가까운역이름":"홍대입구",
            "가까운역거리":789.46,
            "역세권여부":"준역세권",
            "30분이내주요거점역":4,
            "1시간이내주요거점역":14,
            "3km이내백화점수":1,
            "5km이내아울렛몰수":1,
            "1km이내대형먀트수":1,
            "500m이내은행수":1,
            "500m이내병원수":17,
            "5km이내대형병원수":7,
            "500m이내공원수":0,
            "3km이내혐오시설수":0,
            "초등학교학업성취도":89.35,
            "중학교학업성취도":76.1,
            "용적률":249,
            "건폐율":31,
            "Y":37.563947,
            "X":126.928138,
            "rank":33.0,
            "area_info":"7평(23.65), 10평(36.02)",
            "last_sales":"2021-12-10,15300.0,7평(23.65)"
        },
        {
            "index":507,
            "아파트명":"인왕산한신휴플러스",
            "투자타입":"일반",
            "전용면적(m2)":"110.38",
            "전용면적(평)":"33평",
            "법정동주소":"서울시 서대문구 홍제동 469",
            "도로명주소":"서울시 서대문구 통일로 397",
            "세대수":0,
            "입주년차":60,
            "용적률점수":"--",
            "건폐율점수":"--",
            "세대당주차수":100,
            "난방방식":30,
            "공급면적":"--",
            "전용률":"--",
            "욕실수":100,
            "현관타입":100,
            "주거총점":50.0,
            "지역구공급총점":0.0,
            "역세권":80,
            "30분내 이동가능 거점":80,
            "1시간내 이동가능 거점":100,
            "교통총점":84.0,
            "백화점":0,
            "아울렛몰":80,
            "대형마트":0,
            "은행":0,
            "병원":80,
            "종합병원":100,
            "공원":100,
            "혐오시설":0,
            "인프라총점":39.0,
            "초등학군":85.28,
            "중학군":43.16,
            "학군총점":51.584,
            "인구수":34.82,
            "인구증감":-8.93,
            "인구총점":21.695,
            "일자리":14.5,
            "소득수준":71.44,
            "일자리총점":31.582,
            "가치 총점":58.8376,
            "매매실거래년":20210817.0,
            "매매실거래가":102500.0,
            "전세실거래년":20210727.0,
            "전세실거래가":52000.0,
            "전세가율":56.52,
            "장기전세가율평균":70.21,
            "전세가율거품지수":13.69,
            "검색코드":100673,
            "세대수":115.0,
            "준공년월":"2009-12-02",
            "준공년차":14.0,
            "가까운역이름":"무악재",
            "가까운역거리":394.89,
            "역세권여부":"역세권",
            "30분이내주요거점역":4,
            "1시간이내주요거점역":15,
            "3km이내백화점수":0,
            "5km이내아울렛몰수":1,
            "1km이내대형먀트수":0,
            "500m이내은행수":0,
            "500m이내병원수":49,
            "5km이내대형병원수":8,
            "500m이내공원수":2,
            "3km이내혐오시설수":0,
            "초등학교학업성취도":85.28,
            "중학교학업성취도":71.2,
            "용적률":250,
            "건폐율":50,
            "Y":37.585134,
            "X":126.947592,
            "rank":34.0,
            "area_info":"33평(110.38), 33평(110.38), 39평(129.57), 39평(129.57), 44평(146.35), 46평(154.73)",
            "last_sales":"2021-08-17,102500.0,39평(129.57)"
        },
        {
            "index":594,
            "아파트명":"홍제한양",
            "투자타입":"일반",
            "전용면적(m2)":"76.88",
            "전용면적(평)":"23평",
            "법정동주소":"서울시 서대문구 홍제동 82",
            "도로명주소":"서울시 서대문구 통일로25길 30",
            "세대수":90,
            "입주년차":0,
            "용적률점수":"--",
            "건폐율점수":"--",
            "세대당주차수":60,
            "난방방식":30,
            "공급면적":"--",
            "전용률":"--",
            "욕실수":50,
            "현관타입":100,
            "주거총점":58.5,
            "지역구공급총점":0.0,
            "역세권":80,
            "30분내 이동가능 거점":60,
            "1시간내 이동가능 거점":100,
            "교통총점":78.0,
            "백화점":0,
            "아울렛몰":80,
            "대형마트":0,
            "은행":0,
            "병원":80,
            "종합병원":100,
            "공원":100,
            "혐오시설":0,
            "인프라총점":39.0,
            "초등학군":85.28,
            "중학군":43.16,
            "학군총점":51.584,
            "인구수":34.82,
            "인구증감":-8.93,
            "인구총점":21.695,
            "일자리":14.5,
            "소득수준":71.44,
            "일자리총점":31.582,
            "가치 총점":58.4376,
            "매매실거래년":20211123.0,
            "매매실거래가":80500.0,
            "전세실거래년":20211225.0,
            "전세실거래가":29700.0,
            "전세가율":36.89,
            "장기전세가율평균":70.21,
            "전세가율거품지수":33.32,
            "검색코드":7961,
            "세대수":998.0,
            "준공년월":"1993-05-04",
            "준공년차":30.0,
            "가까운역이름":"무악재",
            "가까운역거리":332.51,
            "역세권여부":"역세권",
            "30분이내주요거점역":3,
            "1시간이내주요거점역":13,
            "3km이내백화점수":0,
            "5km이내아울렛몰수":1,
            "1km이내대형먀트수":0,
            "500m이내은행수":0,
            "500m이내병원수":37,
            "5km이내대형병원수":8,
            "500m이내공원수":3,
            "3km이내혐오시설수":0,
            "초등학교학업성취도":85.28,
            "중학교학업성취도":71.2,
            "용적률":229,
            "건폐율":25,
            "Y":37.583895,
            "X":126.9471,
            "rank":35.0,
            "area_info":"23평(76.88), 28평(95.36), 39평(131.66)",
            "last_sales":"2021-11-23,80500.0,23평(76.88)"
        },
        {
            "index":130,
            "아파트명":"DMC아이파크",
            "투자타입":"일반",
            "전용면적(m2)":"86.0",
            "전용면적(평)":"26평",
            "법정동주소":"서울시 서대문구 북가좌동 458",
            "도로명주소":"서울시 서대문구 거북골로14길 32",
            "세대수":30,
            "입주년차":60,
            "용적률점수":"--",
            "건폐율점수":"--",
            "세대당주차수":30,
            "난방방식":100,
            "공급면적":"--",
            "전용률":"--",
            "욕실수":100,
            "현관타입":100,
            "주거총점":57.0,
            "지역구공급총점":0.0,
            "역세권":50,
            "30분내 이동가능 거점":20,
            "1시간내 이동가능 거점":100,
            "교통총점":51.0,
            "백화점":100,
            "아울렛몰":0,
            "대형마트":0,
            "은행":70,
            "병원":60,
            "종합병원":100,
            "공원":100,
            "혐오시설":0,
            "인프라총점":66.0,
            "초등학군":98.93,
            "중학군":52.8,
            "학군총점":62.026,
            "인구수":34.82,
            "인구증감":-8.93,
            "인구총점":21.695,
            "일자리":14.5,
            "소득수준":71.44,
            "일자리총점":31.582,
            "가치 총점":58.3539,
            "매매실거래년":20211011.0,
            "매매실거래가":105000.0,
            "전세실거래년":20210612.0,
            "전세실거래가":55000.0,
            "전세가율":52.38,
            "장기전세가율평균":70.21,
            "전세가율거품지수":17.83,
            "검색코드":26029,
            "세대수":362.0,
            "준공년월":"2009-03-31",
            "준공년차":14.0,
            "가까운역이름":"증산",
            "가까운역거리":894.32,
            "역세권여부":"준역세권",
            "30분이내주요거점역":1,
            "1시간이내주요거점역":10,
            "3km이내백화점수":1,
            "5km이내아울렛몰수":0,
            "1km이내대형먀트수":0,
            "500m이내은행수":3,
            "500m이내병원수":25,
            "5km이내대형병원수":6,
            "500m이내공원수":6,
            "3km이내혐오시설수":0,
            "초등학교학업성취도":98.93,
            "중학교학업성취도":85.4,
            "용적률":237,
            "건폐율":22,
            "Y":37.576815,
            "X":126.914504,
            "rank":36.0,
            "area_info":"26평(86.0), 33평(109.33), 33평(110.84), 33평(111.65), 33평(112.28), 43평(142.55), 43평(143.32), 43평(143.84)",
            "last_sales":"2021-10-11,105000.0,26평(86.0)"
        },
        {
            "index":442,
            "아파트명":"풍림2차",
            "투자타입":"재건축",
            "전용면적(m2)":"72.87",
            "전용면적(평)":"22평",
            "법정동주소":"서울시 서대문구 홍은동 453-2",
            "도로명주소":"서울시 서대문구 세검정로1길 35",
            "세대수":30,
            "입주년차":"--",
            "용적률점수":20,
            "건폐율점수":0,
            "세대당주차수":"--",
            "난방방식":"--",
            "공급면적":50,
            "전용률":80,
            "욕실수":"--",
            "현관타입":"--",
            "주거총점":23.5,
            "지역구공급총점":0.0,
            "역세권":80,
            "30분내 이동가능 거점":100,
            "1시간내 이동가능 거점":100,
            "교통총점":90.0,
            "백화점":0,
            "아울렛몰":80,
            "대형마트":0,
            "은행":70,
            "병원":80,
            "종합병원":100,
            "공원":100,
            "혐오시설":0,
            "인프라총점":46.0,
            "초등학군":91.57,
            "중학군":44.1,
            "학군총점":53.594,
            "인구수":34.82,
            "인구증감":-8.93,
            "인구총점":21.695,
            "일자리":14.5,
            "소득수준":71.44,
            "일자리총점":31.582,
            "가치 총점":58.0391,
            "매매실거래년":20210925.0,
            "매매실거래가":72000.0,
            "전세실거래년":20220106.0,
            "전세실거래가":29216.0,
            "전세가율":40.58,
            "장기전세가율평균":70.21,
            "전세가율거품지수":29.63,
            "검색코드":435,
            "세대수":390.0,
            "준공년월":"1990-12-19",
            "준공년차":33.0,
            "가까운역이름":"홍제",
            "가까운역거리":474.64,
            "역세권여부":"역세권",
            "30분이내주요거점역":5,
            "1시간이내주요거점역":14,
            "3km이내백화점수":0,
            "5km이내아울렛몰수":1,
            "1km이내대형먀트수":0,
            "500m이내은행수":3,
            "500m이내병원수":37,
            "5km이내대형병원수":6,
            "500m이내공원수":3,
            "3km이내혐오시설수":0,
            "초등학교학업성취도":91.57,
            "중학교학업성취도":70.7,
            "용적률":272,
            "건폐율":0,
            "Y":37.593302,
            "X":126.943072,
            "rank":37.0,
            "area_info":"22평(72.87), 22평(74.32), 26평(86.76), 28평(95.36), 35평(118.38)",
            "last_sales":"2021-09-25,72000.0,22평(72.87)"
        },
        {
            "index":68,
            "아파트명":"남가좌현대",
            "투자타입":"일반",
            "전용면적(m2)":"86.34",
            "전용면적(평)":"26평",
            "법정동주소":"서울시 서대문구 남가좌동 376",
            "도로명주소":"서울시 서대문구 가재울로 45",
            "세대수":90,
            "입주년차":20,
            "용적률점수":"--",
            "건폐율점수":"--",
            "세대당주차수":30,
            "난방방식":30,
            "공급면적":"--",
            "전용률":"--",
            "욕실수":50,
            "현관타입":10,
            "주거총점":49.0,
            "지역구공급총점":0.0,
            "역세권":50,
            "30분내 이동가능 거점":20,
            "1시간내 이동가능 거점":100,
            "교통총점":51.0,
            "백화점":100,
            "아울렛몰":80,
            "대형마트":0,
            "은행":70,
            "병원":60,
            "종합병원":100,
            "공원":100,
            "혐오시설":0,
            "인프라총점":74.0,
            "초등학군":88.65,
            "중학군":44.92,
            "학군총점":53.666,
            "인구수":34.82,
            "인구증감":-8.93,
            "인구총점":21.695,
            "일자리":14.5,
            "소득수준":71.44,
            "일자리총점":31.582,
            "가치 총점":57.8999,
            "매매실거래년":20211218.0,
            "매매실거래가":96700.0,
            "전세실거래년":20220106.0,
            "전세실거래가":32500.0,
            "전세가율":38.01,
            "장기전세가율평균":70.21,
            "전세가율거품지수":32.2,
            "검색코드":848,
            "세대수":1155.0,
            "준공년월":"1999-05-27",
            "준공년차":24.0,
            "가까운역이름":"가좌",
            "가까운역거리":820.13,
            "역세권여부":"준역세권",
            "30분이내주요거점역":1,
            "1시간이내주요거점역":10,
            "3km이내백화점수":1,
            "5km이내아울렛몰수":1,
            "1km이내대형먀트수":0,
            "500m이내은행수":3,
            "500m이내병원수":28,
            "5km이내대형병원수":5,
            "500m이내공원수":6,
            "3km이내혐오시설수":0,
            "초등학교학업성취도":88.65,
            "중학교학업성취도":73.8,
            "용적률":328,
            "건폐율":25,
            "Y":37.574716,
            "X":126.920478,
            "rank":38.0,
            "area_info":"26평(86.34), 28평(94.62), 32평(108.91), 32평(109.07), 42평(141.01)",
            "last_sales":"2021-12-18,96700.0,28평(94.62)"
        },
        {
            "index":474,
            "아파트명":"고은맨숀",
            "투자타입":"재건축",
            "전용면적(m2)":"61.35",
            "전용면적(평)":"18평",
            "법정동주소":"서울시 서대문구 홍제동 156-200",
            "도로명주소":"서울시 서대문구 모래내로 453",
            "세대수":0,
            "입주년차":"--",
            "용적률점수":80,
            "건폐율점수":0,
            "세대당주차수":"--",
            "난방방식":"--",
            "공급면적":50,
            "전용률":100,
            "욕실수":"--",
            "현관타입":"--",
            "주거총점":39.5,
            "지역구공급총점":0.0,
            "역세권":80,
            "30분내 이동가능 거점":80,
            "1시간내 이동가능 거점":100,
            "교통총점":84.0,
            "백화점":0,
            "아울렛몰":80,
            "대형마트":0,
            "은행":0,
            "병원":100,
            "종합병원":100,
            "공원":100,
            "혐오시설":0,
            "인프라총점":41.0,
            "초등학군":85.28,
            "중학군":43.16,
            "학군총점":51.584,
            "인구수":34.82,
            "인구증감":-8.93,
            "인구총점":21.695,
            "일자리":14.5,
            "소득수준":71.44,
            "일자리총점":31.582,
            "가치 총점":57.3376,
            "매매실거래년":20211001.0,
            "매매실거래가":48900.0,
            "전세실거래년":20210702.0,
            "전세실거래가":25000.0,
            "전세가율":51.12,
            "장기전세가율평균":70.21,
            "전세가율거품지수":19.09,
            "검색코드":9429,
            "세대수":136.0,
            "준공년월":"1975-06-17",
            "준공년차":48.0,
            "가까운역이름":"홍제",
            "가까운역거리":358.44,
            "역세권여부":"역세권",
            "30분이내주요거점역":4,
            "1시간이내주요거점역":14,
            "3km이내백화점수":0,
            "5km이내아울렛몰수":1,
            "1km이내대형먀트수":0,
            "500m이내은행수":1,
            "500m이내병원수":68,
            "5km이내대형병원수":8,
            "500m이내공원수":4,
            "3km이내혐오시설수":0,
            "초등학교학업성취도":85.28,
            "중학교학업성취도":71.2,
            "용적률":167,
            "건폐율":0,
            "Y":37.585956,
            "X":126.944806,
            "rank":39.0,
            "area_info":"18평(61.35), 19평(64.79), 19평(64.67), 19평(64.73), 20평(66.31), 20평(66.91), 25평(84.26)",
            "last_sales":"2021-10-01,48900.0,18평(61.35)"
        },
        {
            "index":241,
            "아파트명":"연희임광",
            "투자타입":"일반",
            "전용면적(m2)":"85.67",
            "전용면적(평)":"25평",
            "법정동주소":"서울시 서대문구 연희동 738",
            "도로명주소":"서울시 서대문구 동교로 291",
            "세대수":0,
            "입주년차":20,
            "용적률점수":"--",
            "건폐율점수":"--",
            "세대당주차수":30,
            "난방방식":30,
            "공급면적":"--",
            "전용률":"--",
            "욕실수":50,
            "현관타입":10,
            "주거총점":17.5,
            "지역구공급총점":0.0,
            "역세권":50,
            "30분내 이동가능 거점":100,
            "1시간내 이동가능 거점":100,
            "교통총점":75.0,
            "백화점":100,
            "아울렛몰":80,
            "대형마트":0,
            "은행":0,
            "병원":60,
            "종합병원":100,
            "공원":0,
            "혐오시설":0,
            "인프라총점":64.0,
            "초등학군":89.35,
            "중학군":46.06,
            "학군총점":54.718,
            "인구수":34.82,
            "인구증감":-8.93,
            "인구총점":21.695,
            "일자리":14.5,
            "소득수준":71.44,
            "일자리총점":31.582,
            "가치 총점":57.1577,
            "매매실거래년":20210522.0,
            "매매실거래가":68000.0,
            "전세실거래년":20211217.0,
            "전세실거래가":45000.0,
            "전세가율":66.18,
            "장기전세가율평균":70.21,
            "전세가율거품지수":4.03,
            "검색코드":1157,
            "세대수":212.0,
            "준공년월":"1999-02-24",
            "준공년차":24.0,
            "가까운역이름":"홍대입구",
            "가까운역거리":904.36,
            "역세권여부":"준역세권",
            "30분이내주요거점역":5,
            "1시간이내주요거점역":13,
            "3km이내백화점수":1,
            "5km이내아울렛몰수":1,
            "1km이내대형먀트수":0,
            "500m이내은행수":1,
            "500m이내병원수":17,
            "5km이내대형병원수":7,
            "500m이내공원수":0,
            "3km이내혐오시설수":0,
            "초등학교학업성취도":89.35,
            "중학교학업성취도":76.1,
            "용적률":392,
            "건폐율":29,
            "Y":37.565216,
            "X":126.927056,
            "rank":40.0,
            "area_info":"25평(85.67), 32평(108.55), 42평(141.62)",
            "last_sales":"2021-05-22,68000.0,25평(85.67)"
        },
        {
            "index":513,
            "아파트명":"인왕산현대(인왕산힐스테이트)",
            "투자타입":"일반",
            "전용면적(m2)":"83.36",
            "전용면적(평)":"25평",
            "법정동주소":"서울시 서대문구 홍제동 460",
            "도로명주소":"서울시 서대문구 통일로34길 46",
            "세대수":80,
            "입주년차":20,
            "용적률점수":"--",
            "건폐율점수":"--",
            "세대당주차수":30,
            "난방방식":30,
            "공급면적":"--",
            "전용률":"--",
            "욕실수":50,
            "현관타입":10,
            "주거총점":45.5,
            "지역구공급총점":0.0,
            "역세권":80,
            "30분내 이동가능 거점":80,
            "1시간내 이동가능 거점":100,
            "교통총점":84.0,
            "백화점":0,
            "아울렛몰":80,
            "대형마트":0,
            "은행":0,
            "병원":60,
            "종합병원":100,
            "공원":80,
            "혐오시설":0,
            "인프라총점":36.4,
            "초등학군":85.28,
            "중학군":43.06,
            "학군총점":51.504,
            "인구수":34.82,
            "인구증감":-8.93,
            "인구총점":21.695,
            "일자리":14.5,
            "소득수준":71.44,
            "일자리총점":31.582,
            "가치 총점":57.1456,
            "매매실거래년":20211130.0,
            "매매실거래가":85500.0,
            "전세실거래년":20211217.0,
            "전세실거래가":30000.0,
            "전세가율":35.09,
            "장기전세가율평균":70.21,
            "전세가율거품지수":35.12,
            "검색코드":945,
            "세대수":700.0,
            "준공년월":"2000-07-05",
            "준공년차":23.0,
            "가까운역이름":"무악재",
            "가까운역거리":400.51,
            "역세권여부":"역세권",
            "30분이내주요거점역":4,
            "1시간이내주요거점역":14,
            "3km이내백화점수":0,
            "5km이내아울렛몰수":1,
            "1km이내대형먀트수":0,
            "500m이내은행수":0,
            "500m이내병원수":23,
            "5km이내대형병원수":8,
            "500m이내공원수":1,
            "3km이내혐오시설수":0,
            "초등학교학업성취도":85.28,
            "중학교학업성취도":71.1,
            "용적률":0,
            "건폐율":0,
            "Y":37.585891,
            "X":126.950627,
            "rank":41.0,
            "area_info":"25평(83.36), 32평(107.55), 42평(140.6)",
            "last_sales":"2021-11-30,85500.0,25평(83.36)"
        },
        {
            "index":20,
            "아파트명":"DMC센트레빌",
            "투자타입":"일반",
            "전용면적(m2)":"86.18",
            "전용면적(평)":"26평",
            "법정동주소":"서울시 서대문구 남가좌동 381",
            "도로명주소":"서울시 서대문구 거북골로 120",
            "세대수":50,
            "입주년차":60,
            "용적률점수":"--",
            "건폐율점수":"--",
            "세대당주차수":30,
            "난방방식":100,
            "공급면적":"--",
            "전용률":"--",
            "욕실수":100,
            "현관타입":100,
            "주거총점":64.0,
            "지역구공급총점":0.0,
            "역세권":50,
            "30분내 이동가능 거점":20,
            "1시간내 이동가능 거점":100,
            "교통총점":51.0,
            "백화점":100,
            "아울렛몰":0,
            "대형마트":0,
            "은행":20,
            "병원":60,
            "종합병원":100,
            "공원":100,
            "혐오시설":0,
            "인프라총점":61.0,
            "초등학군":88.65,
            "중학군":44.92,
            "학군총점":53.666,
            "인구수":34.82,
            "인구증감":-8.93,
            "인구총점":21.695,
            "일자리":14.5,
            "소득수준":71.44,
            "일자리총점":31.582,
            "가치 총점":56.9999,
            "매매실거래년":20211106.0,
            "매매실거래가":125000.0,
            "전세실거래년":20211009.0,
            "전세실거래가":60000.0,
            "전세가율":57.14,
            "장기전세가율평균":70.21,
            "전세가율거품지수":13.07,
            "검색코드":26028,
            "세대수":473.0,
            "준공년월":"2010-01-27",
            "준공년차":13.0,
            "가까운역이름":"가좌",
            "가까운역거리":853.79,
            "역세권여부":"준역세권",
            "30분이내주요거점역":1,
            "1시간이내주요거점역":10,
            "3km이내백화점수":1,
            "5km이내아울렛몰수":0,
            "1km이내대형먀트수":0,
            "500m이내은행수":2,
            "500m이내병원수":18,
            "5km이내대형병원수":6,
            "500m이내공원수":9,
            "3km이내혐오시설수":0,
            "초등학교학업성취도":88.65,
            "중학교학업성취도":73.8,
            "용적률":233,
            "건폐율":26,
            "Y":37.576168,
            "X":126.915668,
            "rank":42.0,
            "area_info":"26평(86.18), 33평(110.78), 33평(110.66), 33평(110.83), 33평(111.22), 43평(142.31), 43평(142.44), 43평(143.22)",
            "last_sales":"2021-11-06,125000.0,43평(142.44)"
        },
        {
            "index":501,
            "아파트명":"인왕산어울림",
            "투자타입":"일반",
            "전용면적(m2)":"119.42",
            "전용면적(평)":"36평",
            "법정동주소":"서울시 서대문구 홍제동 467",
            "도로명주소":"서울시 서대문구 통일로26길 17",
            "세대수":0,
            "입주년차":40,
            "용적률점수":"--",
            "건폐율점수":"--",
            "세대당주차수":80,
            "난방방식":30,
            "공급면적":"--",
            "전용률":"--",
            "욕실수":100,
            "현관타입":100,
            "주거총점":43.0,
            "지역구공급총점":0.0,
            "역세권":80,
            "30분내 이동가능 거점":80,
            "1시간내 이동가능 거점":100,
            "교통총점":84.0,
            "백화점":0,
            "아울렛몰":80,
            "대형마트":0,
            "은행":0,
            "병원":60,
            "종합병원":100,
            "공원":80,
            "혐오시설":0,
            "인프라총점":36.4,
            "초등학군":86.53,
            "중학군":43.16,
            "학군총점":51.834,
            "인구수":34.82,
            "인구증감":-8.93,
            "인구총점":21.695,
            "일자리":14.5,
            "소득수준":71.44,
            "일자리총점":31.582,
            "가치 총점":56.6951,
            "매매실거래년":20210418.0,
            "매매실거래가":115000.0,
            "전세실거래년":null,
            "전세실거래가":null,
            "전세가율":null,
            "장기전세가율평균":70.21,
            "전세가율거품지수":null,
            "검색코드":17520,
            "세대수":123.0,
            "준공년월":"2006-07-04",
            "준공년차":17.0,
            "가까운역이름":"무악재",
            "가까운역거리":186.38,
            "역세권여부":"역세권",
            "30분이내주요거점역":4,
            "1시간이내주요거점역":15,
            "3km이내백화점수":0,
            "5km이내아울렛몰수":1,
            "1km이내대형먀트수":0,
            "500m이내은행수":0,
            "500m이내병원수":18,
            "5km이내대형병원수":8,
            "500m이내공원수":1,
            "3km이내혐오시설수":0,
            "초등학교학업성취도":86.53,
            "중학교학업성취도":71.2,
            "용적률":248,
            "건폐율":24,
            "Y":37.583841,
            "X":126.95112,
            "rank":43.0,
            "area_info":"36평(119.42), 45평(149.65), 45평(149.03), 48평(158.95), 48평(159.06), 56평(185.48)",
            "last_sales":"2021-04-18,115000.0,56평(185.48)"
        },
        {
            "index":157,
            "아파트명":"북가좌신일해피트리",
            "투자타입":"일반",
            "전용면적(m2)":"76.06",
            "전용면적(평)":"23평",
            "법정동주소":"서울시 서대문구 북가좌동 455",
            "도로명주소":"서울시 서대문구 수색로 147-1",
            "세대수":0,
            "입주년차":40,
            "용적률점수":"--",
            "건폐율점수":"--",
            "세대당주차수":30,
            "난방방식":30,
            "공급면적":"--",
            "전용률":"--",
            "욕실수":100,
            "현관타입":100,
            "주거총점":35.5,
            "지역구공급총점":0.0,
            "역세권":80,
            "30분내 이동가능 거점":60,
            "1시간내 이동가능 거점":100,
            "교통총점":78.0,
            "백화점":0,
            "아울렛몰":0,
            "대형마트":100,
            "은행":70,
            "병원":0,
            "종합병원":100,
            "공원":80,
            "혐오시설":-50,
            "인프라총점":43.4,
            "초등학군":90.08,
            "중학군":52.66,
            "학군총점":60.144,
            "인구수":34.82,
            "인구증감":-8.93,
            "인구총점":21.695,
            "일자리":14.5,
            "소득수준":71.44,
            "일자리총점":31.582,
            "가치 총점":56.4416,
            "매매실거래년":20211030.0,
            "매매실거래가":95000.0,
            "전세실거래년":20211110.0,
            "전세실거래가":33600.0,
            "전세가율":84.63,
            "장기전세가율평균":70.21,
            "전세가율거품지수":-14.42,
            "검색코드":22812,
            "세대수":111.0,
            "준공년월":"2005-10-31",
            "준공년차":18.0,
            "가까운역이름":"디지털미디어시티",
            "가까운역거리":314.33,
            "역세권여부":"역세권",
            "30분이내주요거점역":3,
            "1시간이내주요거점역":14,
            "3km이내백화점수":0,
            "5km이내아울렛몰수":0,
            "1km이내대형먀트수":2,
            "500m이내은행수":3,
            "500m이내병원수":1,
            "5km이내대형병원수":4,
            "500m이내공원수":1,
            "3km이내혐오시설수":1,
            "초등학교학업성취도":90.08,
            "중학교학업성취도":86.3,
            "용적률":249,
            "건폐율":24,
            "Y":37.575195,
            "X":126.904045,
            "rank":44.0,
            "area_info":"23평(76.06), 33평(109.13), 33평(109.13)",
            "last_sales":"2021-10-30,95000.0,33평(109.13)"
        },
        {
            "index":365,
            "아파트명":"북한산더샵",
            "투자타입":"일반",
            "전용면적(m2)":"82.66",
            "전용면적(평)":"25평",
            "법정동주소":"서울시 서대문구 홍은동 464",
            "도로명주소":"서울시 서대문구 통일로 510",
            "세대수":50,
            "입주년차":80,
            "용적률점수":"--",
            "건폐율점수":"--",
            "세대당주차수":60,
            "난방방식":30,
            "공급면적":"--",
            "전용률":"--",
            "욕실수":100,
            "현관타입":100,
            "주거총점":65.5,
            "지역구공급총점":0.0,
            "역세권":50,
            "30분내 이동가능 거점":60,
            "1시간내 이동가능 거점":100,
            "교통총점":63.0,
            "백화점":0,
            "아울렛몰":80,
            "대형마트":0,
            "은행":70,
            "병원":60,
            "종합병원":100,
            "공원":100,
            "혐오시설":0,
            "인프라총점":44.0,
            "초등학군":91.57,
            "중학군":44.1,
            "학군총점":53.594,
            "인구수":34.82,
            "인구증감":-8.93,
            "인구총점":21.695,
            "일자리":14.5,
            "소득수준":71.44,
            "일자리총점":31.582,
            "가치 총점":56.3891,
            "매매실거래년":20211125.0,
            "매매실거래가":98300.0,
            "전세실거래년":20220106.0,
            "전세실거래가":47250.0,
            "전세가율":48.07,
            "장기전세가율평균":70.21,
            "전세가율거품지수":22.14,
            "검색코드":110458,
            "세대수":552.0,
            "준공년월":"2017-12-18",
            "준공년차":6.0,
            "가까운역이름":"홍제",
            "가까운역거리":558.33,
            "역세권여부":"준역세권",
            "30분이내주요거점역":3,
            "1시간이내주요거점역":13,
            "3km이내백화점수":0,
            "5km이내아울렛몰수":1,
            "1km이내대형먀트수":0,
            "500m이내은행수":3,
            "500m이내병원수":26,
            "5km이내대형병원수":7,
            "500m이내공원수":2,
            "3km이내혐오시설수":0,
            "초등학교학업성취도":91.57,
            "중학교학업성취도":70.7,
            "용적률":247,
            "건폐율":19,
            "Y":37.593802,
            "X":126.941631,
            "rank":45.0,
            "area_info":"25평(82.66), 25평(83.47), 32평(107.16), 32평(107.81), 32평(108.8), 32평(108.4), 41평(136.26), 42평(141.9), 43평(142.89), 44평(148.48)",
            "last_sales":"2021-11-25,98300.0,25평(83.47)"
        },
        {
            "index":589,
            "아파트명":"홍제원현대(홍제원힐스테이트)",
            "투자타입":"일반",
            "전용면적(m2)":"82.56",
            "전용면적(평)":"24평",
            "법정동주소":"서울시 서대문구 홍제동 459",
            "도로명주소":"서울시 서대문구 통일로34길 43",
            "세대수":90,
            "입주년차":20,
            "용적률점수":"--",
            "건폐율점수":"--",
            "세대당주차수":60,
            "난방방식":30,
            "공급면적":"--",
            "전용률":"--",
            "욕실수":50,
            "현관타입":10,
            "주거총점":53.5,
            "지역구공급총점":0.0,
            "역세권":50,
            "30분내 이동가능 거점":100,
            "1시간내 이동가능 거점":100,
            "교통총점":75.0,
            "백화점":0,
            "아울렛몰":80,
            "대형마트":0,
            "은행":0,
            "병원":80,
            "종합병원":100,
            "공원":80,
            "혐오시설":0,
            "인프라총점":38.4,
            "초등학군":89.26,
            "중학군":43.06,
            "학군총점":52.3,
            "인구수":34.82,
            "인구증감":-8.93,
            "인구총점":21.695,
            "일자리":14.5,
            "소득수준":71.44,
            "일자리총점":31.582,
            "가치 총점":56.315,
            "매매실거래년":20211108.0,
            "매매실거래가":129000.0,
            "전세실거래년":20220107.0,
            "전세실거래가":35700.0,
            "전세가율":40.16,
            "장기전세가율평균":70.21,
            "전세가율거품지수":30.05,
            "검색코드":26841,
            "세대수":939.0,
            "준공년월":"2000-06-14",
            "준공년차":23.0,
            "가까운역이름":"홍제",
            "가까운역거리":556.25,
            "역세권여부":"준역세권",
            "30분이내주요거점역":5,
            "1시간이내주요거점역":13,
            "3km이내백화점수":0,
            "5km이내아울렛몰수":1,
            "1km이내대형먀트수":0,
            "500m이내은행수":0,
            "500m이내병원수":45,
            "5km이내대형병원수":8,
            "500m이내공원수":1,
            "3km이내혐오시설수":0,
            "초등학교학업성취도":89.26,
            "중학교학업성취도":71.1,
            "용적률":269,
            "건폐율":22,
            "Y":37.58764,
            "X":126.949787,
            "rank":46.0,
            "area_info":"24평(82.56), 32평(107.42), 42평(140.34)",
            "last_sales":"2021-11-08,129000.0,42평(140.34)"
        },
        {
            "index":349,
            "아파트명":"독립문파크빌",
            "투자타입":"일반",
            "전용면적(m2)":"79.78",
            "전용면적(평)":"24평",
            "법정동주소":"서울시 서대문구 현저동 1019",
            "도로명주소":"서울시 서대문구 통일로 279-75",
            "세대수":0,
            "입주년차":20,
            "용적률점수":"--",
            "건폐율점수":"--",
            "세대당주차수":0,
            "난방방식":30,
            "공급면적":"--",
            "전용률":"--",
            "욕실수":50,
            "현관타입":10,
            "주거총점":13.0,
            "지역구공급총점":0.0,
            "역세권":50,
            "30분내 이동가능 거점":100,
            "1시간내 이동가능 거점":100,
            "교통총점":75.0,
            "백화점":100,
            "아울렛몰":100,
            "대형마트":0,
            "은행":0,
            "병원":0,
            "종합병원":100,
            "공원":80,
            "혐오시설":0,
            "인프라총점":62.4,
            "초등학군":86.53,
            "중학군":44.88,
            "학군총점":53.21,
            "인구수":34.82,
            "인구증감":-8.93,
            "인구총점":21.695,
            "일자리":14.5,
            "소득수준":71.44,
            "일자리총점":31.582,
            "가치 총점":55.5515,
            "매매실거래년":20210925.0,
            "매매실거래가":69500.0,
            "전세실거래년":20220116.0,
            "전세실거래가":29400.0,
            "전세가율":42.3,
            "장기전세가율평균":70.21,
            "전세가율거품지수":27.91,
            "검색코드":3492,
            "세대수":290.0,
            "준공년월":"2000-12-13",
            "준공년차":23.0,
            "가까운역이름":"독립문",
            "가까운역거리":593.56,
            "역세권여부":"준역세권",
            "30분이내주요거점역":6,
            "1시간이내주요거점역":15,
            "3km이내백화점수":2,
            "5km이내아울렛몰수":2,
            "1km이내대형먀트수":0,
            "500m이내은행수":0,
            "500m이내병원수":0,
            "5km이내대형병원수":8,
            "500m이내공원수":1,
            "3km이내혐오시설수":0,
            "초등학교학업성취도":86.53,
            "중학교학업성취도":74.0,
            "용적률":217,
            "건폐율":17,
            "Y":37.574532,
            "X":126.951013,
            "rank":47.0,
            "area_info":"24평(79.78)",
            "last_sales":"2021-09-25,69500.0,24평(79.78)"
        },
        {
            "index":481,
            "아파트명":"남양",
            "투자타입":"일반",
            "전용면적(m2)":"83.84",
            "전용면적(평)":"25평",
            "법정동주소":"서울시 서대문구 홍제동 457",
            "도로명주소":"서울시 서대문구 홍제내길 168",
            "세대수":0,
            "입주년차":20,
            "용적률점수":"--",
            "건폐율점수":"--",
            "세대당주차수":60,
            "난방방식":30,
            "공급면적":"--",
            "전용률":"--",
            "욕실수":50,
            "현관타입":10,
            "주거총점":22.0,
            "지역구공급총점":0.0,
            "역세권":80,
            "30분내 이동가능 거점":80,
            "1시간내 이동가능 거점":100,
            "교통총점":84.0,
            "백화점":0,
            "아울렛몰":80,
            "대형마트":0,
            "은행":70,
            "병원":60,
            "종합병원":100,
            "공원":100,
            "혐오시설":0,
            "인프라총점":44.0,
            "초등학군":89.26,
            "중학군":44.1,
            "학군총점":53.132,
            "인구수":34.82,
            "인구증감":-8.93,
            "인구총점":21.695,
            "일자리":14.5,
            "소득수준":71.44,
            "일자리총점":31.582,
            "가치 총점":54.9698,
            "매매실거래년":20211125.0,
            "매매실거래가":94000.0,
            "전세실거래년":20210913.0,
            "전세실거래가":40000.0,
            "전세가율":65.04,
            "장기전세가율평균":70.21,
            "전세가율거품지수":5.17,
            "검색코드":1162,
            "세대수":192.0,
            "준공년월":"1999-09-30",
            "준공년차":24.0,
            "가까운역이름":"홍제",
            "가까운역거리":462.29,
            "역세권여부":"역세권",
            "30분이내주요거점역":4,
            "1시간이내주요거점역":13,
            "3km이내백화점수":0,
            "5km이내아울렛몰수":1,
            "1km이내대형먀트수":0,
            "500m이내은행수":3,
            "500m이내병원수":29,
            "5km이내대형병원수":6,
            "500m이내공원수":2,
            "3km이내혐오시설수":0,
            "초등학교학업성취도":89.26,
            "중학교학업성취도":70.7,
            "용적률":385,
            "건폐율":23,
            "Y":37.588999,
            "X":126.93849,
            "rank":48.0,
            "area_info":"25평(83.84), 32평(107.46), 33평(109.66), 43평(143.15)",
            "last_sales":"2021-11-25,94000.0,43평(143.15)"
        },
        {
            "index":489,
            "아파트명":"무악청구1차",
            "투자타입":"일반",
            "전용면적(m2)":"104.32",
            "전용면적(평)":"31평",
            "법정동주소":"서울시 서대문구 홍제동 453",
            "도로명주소":"서울시 서대문구 통일로 348",
            "세대수":80,
            "입주년차":0,
            "용적률점수":"--",
            "건폐율점수":"--",
            "세대당주차수":0,
            "난방방식":30,
            "공급면적":"--",
            "전용률":"--",
            "욕실수":100,
            "현관타입":100,
            "주거총점":51.0,
            "지역구공급총점":0.0,
            "역세권":80,
            "30분내 이동가능 거점":60,
            "1시간내 이동가능 거점":100,
            "교통총점":78.0,
            "백화점":0,
            "아울렛몰":80,
            "대형마트":0,
            "은행":0,
            "병원":30,
            "종합병원":100,
            "공원":0,
            "혐오시설":0,
            "인프라총점":31.0,
            "초등학군":86.53,
            "중학군":43.16,
            "학군총점":51.834,
            "인구수":34.82,
            "인구증감":-8.93,
            "인구총점":21.695,
            "일자리":14.5,
            "소득수준":71.44,
            "일자리총점":31.582,
            "가치 총점":54.5751,
            "매매실거래년":20210912.0,
            "매매실거래가":107000.0,
            "전세실거래년":20220106.0,
            "전세실거래가":39900.0,
            "전세가율":37.29,
            "장기전세가율평균":70.21,
            "전세가율거품지수":32.92,
            "검색코드":8047,
            "세대수":862.0,
            "준공년월":"1994-06-30",
            "준공년차":29.0,
            "가까운역이름":"무악재",
            "가까운역거리":158.86,
            "역세권여부":"역세권",
            "30분이내주요거점역":3,
            "1시간이내주요거점역":15,
            "3km이내백화점수":0,
            "5km이내아울렛몰수":1,
            "1km이내대형먀트수":0,
            "500m이내은행수":0,
            "500m이내병원수":6,
            "5km이내대형병원수":7,
            "500m이내공원수":0,
            "3km이내혐오시설수":0,
            "초등학교학업성취도":86.53,
            "중학교학업성취도":71.2,
            "용적률":212,
            "건폐율":18,
            "Y":37.582083,
            "X":126.952073,
            "rank":49.0,
            "area_info":"31평(104.32)",
            "last_sales":"2021-09-12,107000.0,31평(104.32)"
        },
        {
            "index":7,
            "아파트명":"DMC센트럴아이파크",
            "투자타입":"일반",
            "전용면적(m2)":"78.24",
            "전용면적(평)":"23평",
            "법정동주소":"서울시 서대문구 남가좌동 388",
            "도로명주소":"서울시 서대문구 증가로 150",
            "세대수":90,
            "입주년차":80,
            "용적률점수":"--",
            "건폐율점수":"--",
            "세대당주차수":60,
            "난방방식":30,
            "공급면적":"--",
            "전용률":"--",
            "욕실수":100,
            "현관타입":100,
            "주거총점":79.5,
            "지역구공급총점":0.0,
            "역세권":0,
            "30분내 이동가능 거점":20,
            "1시간내 이동가능 거점":100,
            "교통총점":26.0,
            "백화점":100,
            "아울렛몰":0,
            "대형마트":0,
            "은행":70,
            "병원":60,
            "종합병원":100,
            "공원":100,
            "혐오시설":0,
            "인프라총점":66.0,
            "초등학군":98.93,
            "중학군":44.92,
            "학군총점":55.722,
            "인구수":34.82,
            "인구증감":-8.93,
            "인구총점":21.695,
            "일자리":14.5,
            "소득수준":71.44,
            "일자리총점":31.582,
            "가치 총점":53.1583,
            "매매실거래년":20211005.0,
            "매매실거래가":157000.0,
            "전세실거래년":20211218.0,
            "전세실거래가":45150.0,
            "전세가율":39.96,
            "장기전세가율평균":70.21,
            "전세가율거품지수":30.25,
            "검색코드":112802,
            "세대수":1061.0,
            "준공년월":"2018-12-31",
            "준공년차":5.0,
            "가까운역이름":"증산",
            "가까운역거리":1112.01,
            "역세권여부":"비역세권",
            "30분이내주요거점역":1,
            "1시간이내주요거점역":12,
            "3km이내백화점수":1,
            "5km이내아울렛몰수":0,
            "1km이내대형먀트수":0,
            "500m이내은행수":4,
            "500m이내병원수":19,
            "5km이내대형병원수":6,
            "500m이내공원수":8,
            "3km이내혐오시설수":0,
            "초등학교학업성취도":98.93,
            "중학교학업성취도":73.8,
            "용적률":226,
            "건폐율":17,
            "Y":37.578834,
            "X":126.920543,
            "rank":50.0,
            "area_info":"23평(78.24), 23평(78.42), 24평(81.16), 32평(107.6), 32평(108.26), 33평(109.66), 33평(109.7), 33평(110.41), 33평(110.4), 38평(126.81), 38평(128.03), 42평(141.29), 51평(168.85)",
            "last_sales":"2021-10-05,157000.0,38평(126.81)"
        },
        {
            "index":592,
            "아파트명":"홍제청구3차",
            "투자타입":"일반",
            "전용면적(m2)":"85.1",
            "전용면적(평)":"25평",
            "법정동주소":"서울시 서대문구 홍제동 462",
            "도로명주소":"서울시 서대문구 통일로 332",
            "세대수":0,
            "입주년차":20,
            "용적률점수":"--",
            "건폐율점수":"--",
            "세대당주차수":0,
            "난방방식":30,
            "공급면적":"--",
            "전용률":"--",
            "욕실수":50,
            "현관타입":10,
            "주거총점":13.0,
            "지역구공급총점":0.0,
            "역세권":80,
            "30분내 이동가능 거점":100,
            "1시간내 이동가능 거점":100,
            "교통총점":90.0,
            "백화점":0,
            "아울렛몰":100,
            "대형마트":0,
            "은행":0,
            "병원":30,
            "종합병원":100,
            "공원":0,
            "혐오시설":0,
            "인프라총점":33.0,
            "초등학군":86.53,
            "중학군":53.72,
            "학군총점":60.282,
            "인구수":34.82,
            "인구증감":-8.93,
            "인구총점":21.695,
            "일자리":14.5,
            "소득수준":71.44,
            "일자리총점":31.582,
            "가치 총점":53.0423,
            "매매실거래년":20210724.0,
            "매매실거래가":73300.0,
            "전세실거래년":20211225.0,
            "전세실거래가":42000.0,
            "전세가율":57.3,
            "장기전세가율평균":70.21,
            "전세가율거품지수":12.91,
            "검색코드":3498,
            "세대수":228.0,
            "준공년월":"2001-05-30",
            "준공년차":22.0,
            "가까운역이름":"무악재",
            "가까운역거리":307.52,
            "역세권여부":"역세권",
            "30분이내주요거점역":5,
            "1시간이내주요거점역":14,
            "3km이내백화점수":0,
            "5km이내아울렛몰수":2,
            "1km이내대형먀트수":0,
            "500m이내은행수":0,
            "500m이내병원수":5,
            "5km이내대형병원수":8,
            "500m이내공원수":0,
            "3km이내혐오시설수":0,
            "초등학교학업성취도":86.53,
            "중학교학업성취도":87.2,
            "용적률":220,
            "건폐율":19,
            "Y":37.580623,
            "X":126.953067,
            "rank":51.0,
            "area_info":"25평(85.1), 32평(106.31)",
            "last_sales":"2021-07-24,73300.0,25평(85.1)"
        },
        {
            "index":28,
            "아파트명":"DMC쌍용스윗닷홈",
            "투자타입":"일반",
            "전용면적(m2)":"105.83",
            "전용면적(평)":"32평",
            "법정동주소":"서울시 서대문구 남가좌동 380",
            "도로명주소":"서울시 서대문구 거북골로 91-6",
            "세대수":0,
            "입주년차":40,
            "용적률점수":"--",
            "건폐율점수":"--",
            "세대당주차수":30,
            "난방방식":30,
            "공급면적":"--",
            "전용률":"--",
            "욕실수":100,
            "현관타입":100,
            "주거총점":35.5,
            "지역구공급총점":0.0,
            "역세권":50,
            "30분내 이동가능 거점":20,
            "1시간내 이동가능 거점":100,
            "교통총점":51.0,
            "백화점":100,
            "아울렛몰":0,
            "대형마트":0,
            "은행":70,
            "병원":60,
            "종합병원":100,
            "공원":100,
            "혐오시설":0,
            "인프라총점":66.0,
            "초등학군":88.65,
            "중학군":44.92,
            "학군총점":53.666,
            "인구수":34.82,
            "인구증감":-8.93,
            "인구총점":21.695,
            "일자리":14.5,
            "소득수준":71.44,
            "일자리총점":31.582,
            "가치 총점":52.7999,
            "매매실거래년":20210710.0,
            "매매실거래가":90000.0,
            "전세실거래년":20211002.0,
            "전세실거래가":42000.0,
            "전세가율":46.67,
            "장기전세가율평균":70.21,
            "전세가율거품지수":23.54,
            "검색코드":13776,
            "세대수":110.0,
            "준공년월":"2005-12-09",
            "준공년차":18.0,
            "가까운역이름":"가좌",
            "가까운역거리":835.64,
            "역세권여부":"준역세권",
            "30분이내주요거점역":1,
            "1시간이내주요거점역":10,
            "3km이내백화점수":1,
            "5km이내아울렛몰수":0,
            "1km이내대형먀트수":0,
            "500m이내은행수":4,
            "500m이내병원수":28,
            "5km이내대형병원수":5,
            "500m이내공원수":5,
            "3km이내혐오시설수":0,
            "초등학교학업성취도":88.65,
            "중학교학업성취도":73.8,
            "용적률":237,
            "건폐율":16,
            "Y":37.575469,
            "X":126.919007,
            "rank":52.0,
            "area_info":"32평(105.83), 47평(158.12)",
            "last_sales":"2021-07-10,90000.0,32평(105.83)"
        },
        {
            "index":138,
            "아파트명":"DMC한양",
            "투자타입":"재건축",
            "전용면적(m2)":"74.41",
            "전용면적(평)":"22평",
            "법정동주소":"서울시 서대문구 북가좌동 431",
            "도로명주소":"서울시 서대문구 응암로 28",
            "세대수":50,
            "입주년차":"--",
            "용적률점수":60,
            "건폐율점수":80,
            "세대당주차수":"--",
            "난방방식":"--",
            "공급면적":50,
            "전용률":60,
            "욕실수":"--",
            "현관타입":"--",
            "주거총점":60.5,
            "지역구공급총점":0.0,
            "역세권":50,
            "30분내 이동가능 거점":20,
            "1시간내 이동가능 거점":100,
            "교통총점":51.0,
            "백화점":0,
            "아울렛몰":0,
            "대형마트":80,
            "은행":20,
            "병원":60,
            "종합병원":100,
            "공원":100,
            "혐오시설":-50,
            "인프라총점":42.0,
            "초등학군":90.08,
            "중학군":52.8,
            "학군총점":60.256,
            "인구수":34.82,
            "인구증감":-8.93,
            "인구총점":21.695,
            "일자리":14.5,
            "소득수준":71.44,
            "일자리총점":31.582,
            "가치 총점":51.5884,
            "매매실거래년":20210816.0,
            "매매실거래가":117500.0,
            "전세실거래년":20190817.0,
            "전세실거래가":20200.0,
            "전세가율":42.08,
            "장기전세가율평균":70.21,
            "전세가율거품지수":28.13,
            "검색코드":426,
            "세대수":660.0,
            "준공년월":"1987-08-04",
            "준공년차":36.0,
            "가까운역이름":"디지털미디어시티",
            "가까운역거리":731.87,
            "역세권여부":"준역세권",
            "30분이내주요거점역":1,
            "1시간이내주요거점역":12,
            "3km이내백화점수":0,
            "5km이내아울렛몰수":0,
            "1km이내대형먀트수":1,
            "500m이내은행수":2,
            "500m이내병원수":21,
            "5km이내대형병원수":4,
            "500m이내공원수":4,
            "3km이내혐오시설수":1,
            "초등학교학업성취도":90.08,
            "중학교학업성취도":85.4,
            "용적률":223,
            "건폐율":21,
            "Y":37.576019,
            "X":126.909251,
            "rank":53.0,
            "area_info":"22평(74.41), 26평(87.47), 34평(112.78), 38평(125.65), 41평(137.13)",
            "last_sales":"2021-08-16,117500.0,41평(137.13)"
        },
        {
            "index":549,
            "아파트명":"홍제비콘드림힐",
            "투자타입":"일반",
            "전용면적(m2)":"86.1",
            "전용면적(평)":"26평",
            "법정동주소":"서울시 서대문구 홍제동 468",
            "도로명주소":"서울시 서대문구 세무서8길 49",
            "세대수":0,
            "입주년차":40,
            "용적률점수":"--",
            "건폐율점수":"--",
            "세대당주차수":30,
            "난방방식":30,
            "공급면적":"--",
            "전용률":"--",
            "욕실수":100,
            "현관타입":100,
            "주거총점":35.5,
            "지역구공급총점":0.0,
            "역세권":50,
            "30분내 이동가능 거점":80,
            "1시간내 이동가능 거점":100,
            "교통총점":69.0,
            "백화점":0,
            "아울렛몰":80,
            "대형마트":0,
            "은행":0,
            "병원":80,
            "종합병원":100,
            "공원":80,
            "혐오시설":0,
            "인프라총점":38.4,
            "초등학군":89.26,
            "중학군":43.06,
            "학군총점":52.3,
            "인구수":34.82,
            "인구증감":-8.93,
            "인구총점":21.695,
            "일자리":14.5,
            "소득수준":71.44,
            "일자리총점":31.582,
            "가치 총점":50.615,
            "매매실거래년":20211123.0,
            "매매실거래가":60000.0,
            "전세실거래년":20210519.0,
            "전세실거래가":25000.0,
            "전세가율":41.67,
            "장기전세가율평균":70.21,
            "전세가율거품지수":28.54,
            "검색코드":14236,
            "세대수":119.0,
            "준공년월":"2006-05-26",
            "준공년차":17.0,
            "가까운역이름":"홍제",
            "가까운역거리":501.38,
            "역세권여부":"준역세권",
            "30분이내주요거점역":4,
            "1시간이내주요거점역":13,
            "3km이내백화점수":0,
            "5km이내아울렛몰수":1,
            "1km이내대형먀트수":0,
            "500m이내은행수":1,
            "500m이내병원수":43,
            "5km이내대형병원수":8,
            "500m이내공원수":1,
            "3km이내혐오시설수":0,
            "초등학교학업성취도":89.26,
            "중학교학업성취도":71.1,
            "용적률":251,
            "건폐율":21,
            "Y":37.590544,
            "X":126.949112,
            "rank":54.0,
            "area_info":"26평(86.1), 31평(103.94), 31평(105.33), 42평(138.98)",
            "last_sales":"2021-11-23,60000.0,26평(86.1)"
        },
        {
            "index":411,
            "아파트명":"삼성",
            "투자타입":"재건축",
            "전용면적(m2)":"62.01",
            "전용면적(평)":"18평",
            "법정동주소":"서울시 서대문구 홍은동 188-29",
            "도로명주소":"서울시 서대문구 연희로41길 167",
            "세대수":0,
            "입주년차":"--",
            "용적률점수":100,
            "건폐율점수":0,
            "세대당주차수":"--",
            "난방방식":"--",
            "공급면적":50,
            "전용률":100,
            "욕실수":"--",
            "현관타입":"--",
            "주거총점":47.5,
            "지역구공급총점":0.0,
            "역세권":50,
            "30분내 이동가능 거점":40,
            "1시간내 이동가능 거점":100,
            "교통총점":57.0,
            "백화점":0,
            "아울렛몰":80,
            "대형마트":80,
            "은행":0,
            "병원":0,
            "종합병원":100,
            "공원":80,
            "혐오시설":-50,
            "인프라총점":41.4,
            "초등학군":100.0,
            "중학군":44.1,
            "학군총점":55.28,
            "인구수":34.82,
            "인구증감":-8.93,
            "인구총점":21.695,
            "일자리":14.5,
            "소득수준":71.44,
            "일자리총점":31.582,
            "가치 총점":50.162,
            "매매실거래년":"18000101",
            "매매실거래가":null,
            "전세실거래년":null,
            "전세실거래가":null,
            "전세가율":null,
            "장기전세가율평균":70.21,
            "전세가율거품지수":null,
            "검색코드":16076,
            "세대수":150.0,
            "준공년월":"1985-09-23",
            "준공년차":38.0,
            "가까운역이름":"녹번",
            "가까운역거리":703.33,
            "역세권여부":"준역세권",
            "30분이내주요거점역":2,
            "1시간이내주요거점역":12,
            "3km이내백화점수":0,
            "5km이내아울렛몰수":1,
            "1km이내대형먀트수":1,
            "500m이내은행수":0,
            "500m이내병원수":0,
            "5km이내대형병원수":7,
            "500m이내공원수":1,
            "3km이내혐오시설수":1,
            "초등학교학업성취도":100.0,
            "중학교학업성취도":70.7,
            "용적률":117,
            "건폐율":0,
            "Y":37.595081,
            "X":126.932708,
            "rank":55.0,
            "area_info":"18평(62.01), 22평(74.64), 25평(84.51), 28평(95.13)",
            "last_sales":"1800-01-01,nan,18평(62.01)"
        },
        {
            "index":361,
            "아파트명":"미성맨션",
            "투자타입":"재건축",
            "전용면적(m2)":"87.71",
            "전용면적(평)":"26평",
            "법정동주소":"서울시 서대문구 홍은동 186-1",
            "도로명주소":"서울시 서대문구 연희로41길 114",
            "세대수":30,
            "입주년차":"--",
            "용적률점수":80,
            "건폐율점수":100,
            "세대당주차수":"--",
            "난방방식":"--",
            "공급면적":70,
            "전용률":60,
            "욕실수":"--",
            "현관타입":"--",
            "주거총점":67.5,
            "지역구공급총점":0.0,
            "역세권":50,
            "30분내 이동가능 거점":60,
            "1시간내 이동가능 거점":100,
            "교통총점":63.0,
            "백화점":0,
            "아울렛몰":0,
            "대형마트":0,
            "은행":0,
            "병원":0,
            "종합병원":100,
            "공원":80,
            "혐오시설":-50,
            "인프라총점":21.4,
            "초등학군":91.57,
            "중학군":44.1,
            "학군총점":53.594,
            "인구수":34.82,
            "인구증감":-8.93,
            "인구총점":21.695,
            "일자리":14.5,
            "소득수준":71.44,
            "일자리총점":31.582,
            "가치 총점":50.0091,
            "매매실거래년":20211126.0,
            "매매실거래가":57500.0,
            "전세실거래년":20211106.0,
            "전세실거래가":23000.0,
            "전세가율":40.0,
            "장기전세가율평균":70.21,
            "전세가율거품지수":30.21,
            "검색코드":431,
            "세대수":300.0,
            "준공년월":"1985-03-20",
            "준공년차":38.0,
            "가까운역이름":"녹번",
            "가까운역거리":789.66,
            "역세권여부":"준역세권",
            "30분이내주요거점역":3,
            "1시간이내주요거점역":11,
            "3km이내백화점수":0,
            "5km이내아울렛몰수":0,
            "1km이내대형먀트수":0,
            "500m이내은행수":0,
            "500m이내병원수":0,
            "5km이내대형병원수":7,
            "500m이내공원수":1,
            "3km이내혐오시설수":1,
            "초등학교학업성취도":91.57,
            "중학교학업성취도":70.7,
            "용적률":179,
            "건폐율":17,
            "Y":37.593843,
            "X":126.935126,
            "rank":56.0,
            "area_info":"26평(87.71), 31평(102.66), 34평(113.9), 45평(151.66)",
            "last_sales":"2021-11-26,57500.0,26평(87.71)"
        },
        {
            "index":375,
            "아파트명":"북한산두산위브",
            "투자타입":"일반",
            "전용면적(m2)":"40.33",
            "전용면적(평)":"12평",
            "법정동주소":"서울시 서대문구 홍은동 467",
            "도로명주소":"서울시 서대문구 홍은중앙로3길 9",
            "세대수":50,
            "입주년차":100,
            "용적률점수":"--",
            "건폐율점수":"--",
            "세대당주차수":30,
            "난방방식":30,
            "공급면적":"--",
            "전용률":"--",
            "욕실수":50,
            "현관타입":100,
            "주거총점":60.0,
            "지역구공급총점":0.0,
            "역세권":50,
            "30분내 이동가능 거점":40,
            "1시간내 이동가능 거점":100,
            "교통총점":57.0,
            "백화점":0,
            "아울렛몰":80,
            "대형마트":0,
            "은행":0,
            "병원":30,
            "종합병원":100,
            "공원":100,
            "혐오시설":0,
            "인프라총점":34.0,
            "초등학군":86.27,
            "중학군":43.06,
            "학군총점":51.702,
            "인구수":34.82,
            "인구증감":-8.93,
            "인구총점":21.695,
            "일자리":14.5,
            "소득수준":71.44,
            "일자리총점":31.582,
            "가치 총점":49.9053,
            "매매실거래년":20201120.0,
            "매매실거래가":102000.0,
            "전세실거래년":20200206.0,
            "전세실거래가":23000.0,
            "전세가율":null,
            "장기전세가율평균":70.21,
            "전세가율거품지수":null,
            "검색코드":114735,
            "세대수":497.0,
            "준공년월":"2020-07-21",
            "준공년차":3.0,
            "가까운역이름":"녹번",
            "가까운역거리":885.03,
            "역세권여부":"준역세권",
            "30분이내주요거점역":2,
            "1시간이내주요거점역":12,
            "3km이내백화점수":0,
            "5km이내아울렛몰수":1,
            "1km이내대형먀트수":0,
            "500m이내은행수":0,
            "500m이내병원수":9,
            "5km이내대형병원수":7,
            "500m이내공원수":4,
            "3km이내혐오시설수":0,
            "초등학교학업성취도":86.27,
            "중학교학업성취도":71.1,
            "용적률":244,
            "건폐율":28,
            "Y":37.598218,
            "X":126.945202,
            "rank":57.0,
            "area_info":"12평(40.33), 14평(49.52), 15평(49.93), 22평(72.99), 22평(73.71), 22평(75.2), 23평(76.93), 23평(78.01), 23평(78.5), 23평(79.11), 24평(80.57), 24평(81.39), 24평(81.54), 24평(81.39), 24평(82.25), 32평(107.19), 32평(107.49), 32평(108.4), 46평(154.1)",
            "last_sales":"2020-11-20,102000.0,46평(154.1)"
        },
        {
            "index":542,
            "아파트명":"홍제금호어울림",
            "투자타입":"일반",
            "전용면적(m2)":"80.94",
            "전용면적(평)":"24평",
            "법정동주소":"서울시 서대문구 홍제동 471",
            "도로명주소":"서울시 서대문구 모래내로 411",
            "세대수":0,
            "입주년차":80,
            "용적률점수":"--",
            "건폐율점수":"--",
            "세대당주차수":30,
            "난방방식":30,
            "공급면적":"--",
            "전용률":"--",
            "욕실수":100,
            "현관타입":100,
            "주거총점":43.5,
            "지역구공급총점":0.0,
            "역세권":50,
            "30분내 이동가능 거점":60,
            "1시간내 이동가능 거점":100,
            "교통총점":63.0,
            "백화점":0,
            "아울렛몰":80,
            "대형마트":0,
            "은행":0,
            "병원":60,
            "종합병원":100,
            "공원":100,
            "혐오시설":0,
            "인프라총점":37.0,
            "초등학군":85.28,
            "중학군":43.16,
            "학군총점":51.584,
            "인구수":34.82,
            "인구증감":-8.93,
            "인구총점":21.695,
            "일자리":14.5,
            "소득수준":71.44,
            "일자리총점":31.582,
            "가치 총점":49.5876,
            "매매실거래년":20211020.0,
            "매매실거래가":80000.0,
            "전세실거래년":20210913.0,
            "전세실거래가":55000.0,
            "전세가율":68.75,
            "장기전세가율평균":70.21,
            "전세가율거품지수":1.46,
            "검색코드":108300,
            "세대수":296.0,
            "준공년월":"2016-02-01",
            "준공년차":7.0,
            "가까운역이름":"홍제",
            "가까운역거리":530.31,
            "역세권여부":"준역세권",
            "30분이내주요거점역":3,
            "1시간이내주요거점역":12,
            "3km이내백화점수":0,
            "5km이내아울렛몰수":1,
            "1km이내대형먀트수":0,
            "500m이내은행수":1,
            "500m이내병원수":19,
            "5km이내대형병원수":7,
            "500m이내공원수":3,
            "3km이내혐오시설수":0,
            "초등학교학업성취도":85.28,
            "중학교학업성취도":71.2,
            "용적률":234,
            "건폐율":29,
            "Y":37.584963,
            "X":126.940668,
            "rank":58.0,
            "area_info":"24평(80.94), 24평(81.2), 33평(109.15), 33평(109.29), 33평(109.61), 33평(109.69), 33평(110.81)",
            "last_sales":"2021-10-20,80000.0,24평(80.94)"
        },
        {
            "index":490,
            "아파트명":"문화촌현대",
            "투자타입":"일반",
            "전용면적(m2)":"85.94",
            "전용면적(평)":"25평",
            "법정동주소":"서울시 서대문구 홍제동 463",
            "도로명주소":"서울시 서대문구 문화촌길 6-24",
            "세대수":80,
            "입주년차":20,
            "용적률점수":"--",
            "건폐율점수":"--",
            "세대당주차수":30,
            "난방방식":30,
            "공급면적":"--",
            "전용률":"--",
            "욕실수":50,
            "현관타입":10,
            "주거총점":45.5,
            "지역구공급총점":0.0,
            "역세권":50,
            "30분내 이동가능 거점":60,
            "1시간내 이동가능 거점":100,
            "교통총점":63.0,
            "백화점":0,
            "아울렛몰":80,
            "대형마트":0,
            "은행":0,
            "병원":30,
            "종합병원":100,
            "공원":100,
            "혐오시설":0,
            "인프라총점":34.0,
            "초등학군":91.57,
            "중학군":43.06,
            "학군총점":52.762,
            "인구수":34.82,
            "인구증감":-8.93,
            "인구총점":21.695,
            "일자리":14.5,
            "소득수준":71.44,
            "일자리총점":31.582,
            "가치 총점":49.2643,
            "매매실거래년":20211013.0,
            "매매실거래가":82500.0,
            "전세실거래년":20220111.0,
            "전세실거래가":38000.0,
            "전세가율":52.05,
            "장기전세가율평균":70.21,
            "전세가율거품지수":18.16,
            "검색코드":1159,
            "세대수":768.0,
            "준공년월":"2002-11-22",
            "준공년차":21.0,
            "가까운역이름":"홍제",
            "가까운역거리":662.87,
            "역세권여부":"준역세권",
            "30분이내주요거점역":3,
            "1시간이내주요거점역":13,
            "3km이내백화점수":0,
            "5km이내아울렛몰수":1,
            "1km이내대형먀트수":0,
            "500m이내은행수":1,
            "500m이내병원수":9,
            "5km이내대형병원수":8,
            "500m이내공원수":3,
            "3km이내혐오시설수":0,
            "초등학교학업성취도":91.57,
            "중학교학업성취도":71.1,
            "용적률":280,
            "건폐율":20,
            "Y":37.592953,
            "X":126.94944,
            "rank":59.0,
            "area_info":"25평(85.94), 33평(109.88)",
            "last_sales":"2021-10-13,82500.0,33평(109.88)"
        },
        {
            "index":461,
            "아파트명":"홍은벽산",
            "투자타입":"일반",
            "전용면적(m2)":"78.34",
            "전용면적(평)":"23평",
            "법정동주소":"서울시 서대문구 홍은동 455",
            "도로명주소":"서울시 서대문구 세검정로1길 95",
            "세대수":90,
            "입주년차":0,
            "용적률점수":"--",
            "건폐율점수":"--",
            "세대당주차수":0,
            "난방방식":30,
            "공급면적":"--",
            "전용률":"--",
            "욕실수":50,
            "현관타입":10,
            "주거총점":40.5,
            "지역구공급총점":0.0,
            "역세권":50,
            "30분내 이동가능 거점":60,
            "1시간내 이동가능 거점":100,
            "교통총점":63.0,
            "백화점":0,
            "아울렛몰":80,
            "대형마트":0,
            "은행":0,
            "병원":60,
            "종합병원":100,
            "공원":100,
            "혐오시설":0,
            "인프라총점":37.0,
            "초등학군":91.57,
            "중학군":43.06,
            "학군총점":52.762,
            "인구수":34.82,
            "인구증감":-8.93,
            "인구총점":21.695,
            "일자리":14.5,
            "소득수준":71.44,
            "일자리총점":31.582,
            "가치 총점":49.1643,
            "매매실거래년":20210929.0,
            "매매실거래가":105000.0,
            "전세실거래년":20211211.0,
            "전세실거래가":27300.0,
            "전세가율":39.57,
            "장기전세가율평균":70.21,
            "전세가율거품지수":30.64,
            "검색코드":432,
            "세대수":1329.0,
            "준공년월":"1997-09-30",
            "준공년차":26.0,
            "가까운역이름":"홍제",
            "가까운역거리":693.77,
            "역세권여부":"준역세권",
            "30분이내주요거점역":3,
            "1시간이내주요거점역":13,
            "3km이내백화점수":0,
            "5km이내아울렛몰수":1,
            "1km이내대형먀트수":0,
            "500m이내은행수":1,
            "500m이내병원수":17,
            "5km이내대형병원수":7,
            "500m이내공원수":6,
            "3km이내혐오시설수":0,
            "초등학교학업성취도":91.57,
            "중학교학업성취도":71.1,
            "용적률":253,
            "건폐율":21,
            "Y":37.595278,
            "X":126.944471,
            "rank":60.0,
            "area_info":"23평(78.34), 31평(102.5), 31평(102.68), 40평(134.86), 49평(164.95)",
            "last_sales":"2021-09-29,105000.0,49평(164.95)"
        },
        {
            "index":0,
            "아파트명":"DMC래미안클라시스",
            "투자타입":"일반",
            "전용면적(m2)":"82.52",
            "전용면적(평)":"24평",
            "법정동주소":"서울시 서대문구 남가좌동 377",
            "도로명주소":"서울시 서대문구 증가로 191",
            "세대수":90,
            "입주년차":20,
            "용적률점수":"--",
            "건폐율점수":"--",
            "세대당주차수":30,
            "난방방식":30,
            "공급면적":"--",
            "전용률":"--",
            "욕실수":50,
            "현관타입":100,
            "주거총점":58.0,
            "지역구공급총점":0.0,
            "역세권":50,
            "30분내 이동가능 거점":20,
            "1시간내 이동가능 거점":100,
            "교통총점":51.0,
            "백화점":0,
            "아울렛몰":0,
            "대형마트":0,
            "은행":70,
            "병원":60,
            "종합병원":100,
            "공원":100,
            "혐오시설":0,
            "인프라총점":36.0,
            "초등학군":98.93,
            "중학군":44.92,
            "학군총점":55.722,
            "인구수":34.82,
            "인구증감":-8.93,
            "인구총점":21.695,
            "일자리":14.5,
            "소득수준":71.44,
            "일자리총점":31.582,
            "가치 총점":48.6083,
            "매매실거래년":20210830.0,
            "매매실거래가":120000.0,
            "전세실거래년":20211120.0,
            "전세실거래가":33600.0,
            "전세가율":40.73,
            "장기전세가율평균":70.21,
            "전세가율거품지수":29.48,
            "검색코드":3479,
            "세대수":1114.0,
            "준공년월":"2000-12-15",
            "준공년차":23.0,
            "가까운역이름":"증산",
            "가까운역거리":863.39,
            "역세권여부":"준역세권",
            "30분이내주요거점역":1,
            "1시간이내주요거점역":11,
            "3km이내백화점수":0,
            "5km이내아울렛몰수":0,
            "1km이내대형먀트수":0,
            "500m이내은행수":3,
            "500m이내병원수":15,
            "5km이내대형병원수":6,
            "500m이내공원수":6,
            "3km이내혐오시설수":0,
            "초등학교학업성취도":98.93,
            "중학교학업성취도":73.8,
            "용적률":289,
            "건폐율":22,
            "Y":37.578292,
            "X":126.916453,
            "rank":61.0,
            "area_info":"24평(82.52), 25평(84.14), 25평(84.51), 33평(110.0), 33평(112.12), 43평(145.14), 43평(145.2)",
            "last_sales":"2021-08-30,120000.0,43평(145.2)"
        },
        {
            "index":246,
            "아파트명":"연희파크푸르지오",
            "투자타입":"일반",
            "전용면적(m2)":"83.87",
            "전용면적(평)":"25평",
            "법정동주소":"서울시 서대문구 연희동 747",
            "도로명주소":"서울시 서대문구 홍제천로 136",
            "세대수":30,
            "입주년차":80,
            "용적률점수":"--",
            "건폐율점수":"--",
            "세대당주차수":30,
            "난방방식":30,
            "공급면적":"--",
            "전용률":"--",
            "욕실수":100,
            "현관타입":100,
            "주거총점":54.0,
            "지역구공급총점":0.0,
            "역세권":0,
            "30분내 이동가능 거점":20,
            "1시간내 이동가능 거점":100,
            "교통총점":26.0,
            "백화점":100,
            "아울렛몰":80,
            "대형마트":0,
            "은행":0,
            "병원":60,
            "종합병원":100,
            "공원":100,
            "혐오시설":0,
            "인프라총점":67.0,
            "초등학군":87.73,
            "중학군":49.32,
            "학군총점":57.002,
            "인구수":34.82,
            "인구증감":-8.93,
            "인구총점":21.695,
            "일자리":14.5,
            "소득수준":71.44,
            "일자리총점":31.582,
            "가치 총점":48.5503,
            "매매실거래년":20211113.0,
            "매매실거래가":105000.0,
            "전세실거래년":20220104.0,
            "전세실거래가":46200.0,
            "전세가율":44.0,
            "장기전세가율평균":70.21,
            "전세가율거품지수":26.21,
            "검색코드":114768,
            "세대수":396.0,
            "준공년월":"2018-12-21",
            "준공년차":5.0,
            "가까운역이름":"가좌",
            "가까운역거리":1479.09,
            "역세권여부":"비역세권",
            "30분이내주요거점역":1,
            "1시간이내주요거점역":11,
            "3km이내백화점수":1,
            "5km이내아울렛몰수":1,
            "1km이내대형먀트수":0,
            "500m이내은행수":0,
            "500m이내병원수":13,
            "5km이내대형병원수":5,
            "500m이내공원수":5,
            "3km이내혐오시설수":0,
            "초등학교학업성취도":87.73,
            "중학교학업성취도":80.0,
            "용적률":249,
            "건폐율":20,
            "Y":37.576085,
            "X":126.929266,
            "rank":62.0,
            "area_info":"25평(83.87), 33평(109.41), 33평(110.54), 33평(110.26), 33평(111.33), 43평(145.25)",
            "last_sales":"2021-11-13,105000.0,25평(83.87)"
        },
        {
            "index":160,
            "아파트명":"월드컵현대",
            "투자타입":"일반",
            "전용면적(m2)":"88.8",
            "전용면적(평)":"26평",
            "법정동주소":"서울시 서대문구 북가좌동 371-1",
            "도로명주소":"서울시 서대문구 수색로 154",
            "세대수":0,
            "입주년차":0,
            "용적률점수":"--",
            "건폐율점수":"--",
            "세대당주차수":30,
            "난방방식":30,
            "공급면적":"--",
            "전용률":"--",
            "욕실수":50,
            "현관타입":10,
            "주거총점":13.5,
            "지역구공급총점":0.0,
            "역세권":80,
            "30분내 이동가능 거점":40,
            "1시간내 이동가능 거점":100,
            "교통총점":72.0,
            "백화점":0,
            "아울렛몰":0,
            "대형마트":100,
            "은행":20,
            "병원":0,
            "종합병원":100,
            "공원":80,
            "혐오시설":-50,
            "인프라총점":38.4,
            "초등학군":90.08,
            "중학군":52.66,
            "학군총점":60.144,
            "인구수":34.82,
            "인구증감":-8.93,
            "인구총점":21.695,
            "일자리":14.5,
            "소득수준":71.44,
            "일자리총점":31.582,
            "가치 총점":48.4416,
            "매매실거래년":20210923.0,
            "매매실거래가":63000.0,
            "전세실거래년":20211211.0,
            "전세실거래가":36750.0,
            "전세가율":45.37,
            "장기전세가율평균":70.21,
            "전세가율거품지수":24.84,
            "검색코드":3483,
            "세대수":254.0,
            "준공년월":"1998-11-21",
            "준공년차":25.0,
            "가까운역이름":"디지털미디어시티",
            "가까운역거리":322.39,
            "역세권여부":"역세권",
            "30분이내주요거점역":2,
            "1시간이내주요거점역":14,
            "3km이내백화점수":0,
            "5km이내아울렛몰수":0,
            "1km이내대형먀트수":2,
            "500m이내은행수":2,
            "500m이내병원수":1,
            "5km이내대형병원수":4,
            "500m이내공원수":1,
            "3km이내혐오시설수":1,
            "초등학교학업성취도":90.08,
            "중학교학업성취도":86.3,
            "용적률":351,
            "건폐율":30,
            "Y":37.576381,
            "X":126.904627,
            "rank":63.0,
            "area_info":"26평(88.8), 26평(88.58), 32평(108.56), 41평(137.32)",
            "last_sales":"2021-09-23,63000.0,32평(108.56)"
        },
        {
            "index":468,
            "아파트명":"홍은풍림1차",
            "투자타입":"재건축",
            "전용면적(m2)":"78.59",
            "전용면적(평)":"23평",
            "법정동주소":"서울시 서대문구 홍은동 440-3",
            "도로명주소":"서울시 서대문구 통일로48가길 37",
            "세대수":0,
            "입주년차":"--",
            "용적률점수":60,
            "건폐율점수":80,
            "세대당주차수":"--",
            "난방방식":"--",
            "공급면적":50,
            "전용률":60,
            "욕실수":"--",
            "현관타입":"--",
            "주거총점":45.5,
            "지역구공급총점":0.0,
            "역세권":50,
            "30분내 이동가능 거점":60,
            "1시간내 이동가능 거점":100,
            "교통총점":63.0,
            "백화점":0,
            "아울렛몰":0,
            "대형마트":0,
            "은행":0,
            "병원":60,
            "종합병원":100,
            "공원":100,
            "혐오시설":0,
            "인프라총점":29.0,
            "초등학군":91.57,
            "중학군":44.1,
            "학군총점":53.594,
            "인구수":34.82,
            "인구증감":-8.93,
            "인구총점":21.695,
            "일자리":14.5,
            "소득수준":71.44,
            "일자리총점":31.582,
            "가치 총점":47.8891,
            "매매실거래년":20210926.0,
            "매매실거래가":60000.0,
            "전세실거래년":20211109.0,
            "전세실거래가":22000.0,
            "전세가율":36.67,
            "장기전세가율평균":70.21,
            "전세가율거품지수":33.54,
            "검색코드":434,
            "세대수":181.0,
            "준공년월":"1988-02-09",
            "준공년차":35.0,
            "가까운역이름":"홍제",
            "가까운역거리":673.9,
            "역세권여부":"준역세권",
            "30분이내주요거점역":3,
            "1시간이내주요거점역":13,
            "3km이내백화점수":0,
            "5km이내아울렛몰수":0,
            "1km이내대형먀트수":0,
            "500m이내은행수":1,
            "500m이내병원수":16,
            "5km이내대형병원수":7,
            "500m이내공원수":3,
            "3km이내혐오시설수":0,
            "초등학교학업성취도":91.57,
            "중학교학업성취도":70.7,
            "용적률":249,
            "건폐율":26,
            "Y":37.594959,
            "X":126.94195,
            "rank":64.0,
            "area_info":"23평(78.59), 27평(89.56)",
            "last_sales":"2021-09-26,60000.0,23평(78.59)"
        },
        {
            "index":221,
            "아파트명":"동진",
            "투자타입":"재건축",
            "전용면적(m2)":"69.12",
            "전용면적(평)":"20평",
            "법정동주소":"서울시 서대문구 연희동 141-34",
            "도로명주소":"서울시 서대문구 연희로36길 26",
            "세대수":0,
            "입주년차":"--",
            "용적률점수":100,
            "건폐율점수":0,
            "세대당주차수":"--",
            "난방방식":"--",
            "공급면적":50,
            "전용률":40,
            "욕실수":"--",
            "현관타입":"--",
            "주거총점":44.5,
            "지역구공급총점":0.0,
            "역세권":0,
            "30분내 이동가능 거점":40,
            "1시간내 이동가능 거점":100,
            "교통총점":32.0,
            "백화점":100,
            "아울렛몰":80,
            "대형마트":0,
            "은행":0,
            "병원":30,
            "종합병원":100,
            "공원":100,
            "혐오시설":0,
            "인프라총점":64.0,
            "초등학군":87.73,
            "중학군":49.32,
            "학군총점":57.002,
            "인구수":34.82,
            "인구증감":-8.93,
            "인구총점":21.695,
            "일자리":14.5,
            "소득수준":71.44,
            "일자리총점":31.582,
            "가치 총점":47.8503,
            "매매실거래년":"18000101",
            "매매실거래가":null,
            "전세실거래년":null,
            "전세실거래가":null,
            "전세가율":null,
            "장기전세가율평균":70.21,
            "전세가율거품지수":null,
            "검색코드":16022,
            "세대수":192.0,
            "준공년월":"1985-12-14",
            "준공년차":38.0,
            "가까운역이름":"무악재",
            "가까운역거리":1331.76,
            "역세권여부":"비역세권",
            "30분이내주요거점역":2,
            "1시간이내주요거점역":11,
            "3km이내백화점수":1,
            "5km이내아울렛몰수":1,
            "1km이내대형먀트수":0,
            "500m이내은행수":1,
            "500m이내병원수":5,
            "5km이내대형병원수":6,
            "500m이내공원수":2,
            "3km이내혐오시설수":0,
            "초등학교학업성취도":87.73,
            "중학교학업성취도":80.0,
            "용적률":115,
            "건폐율":0,
            "Y":37.577456,
            "X":126.936469,
            "rank":65.0,
            "area_info":"20평(69.12), 28평(93.96), 38평(127.44)",
            "last_sales":"1800-01-01,nan,20평(69.12)"
        },
        {
            "index":154,
            "아파트명":"북가좌삼호",
            "투자타입":"일반",
            "전용면적(m2)":"93.76",
            "전용면적(평)":"28평",
            "법정동주소":"서울시 서대문구 북가좌동 449",
            "도로명주소":"서울시 서대문구 거북골로 154",
            "세대수":50,
            "입주년차":0,
            "용적률점수":"--",
            "건폐율점수":"--",
            "세대당주차수":30,
            "난방방식":100,
            "공급면적":"--",
            "전용률":"--",
            "욕실수":100,
            "현관타입":100,
            "주거총점":52.0,
            "지역구공급총점":0.0,
            "역세권":50,
            "30분내 이동가능 거점":20,
            "1시간내 이동가능 거점":100,
            "교통총점":51.0,
            "백화점":0,
            "아울렛몰":0,
            "대형마트":0,
            "은행":70,
            "병원":60,
            "종합병원":100,
            "공원":100,
            "혐오시설":-50,
            "인프라총점":35.0,
            "초등학군":90.08,
            "중학군":52.8,
            "학군총점":60.256,
            "인구수":34.82,
            "인구증감":-8.93,
            "인구총점":21.695,
            "일자리":14.5,
            "소득수준":71.44,
            "일자리총점":31.582,
            "가치 총점":47.7884,
            "매매실거래년":20210917.0,
            "매매실거래가":120000.0,
            "전세실거래년":20211102.0,
            "전세실거래가":35700.0,
            "전세가율":39.67,
            "장기전세가율평균":70.21,
            "전세가율거품지수":30.54,
            "검색코드":425,
            "세대수":616.0,
            "준공년월":"1996-02-16",
            "준공년차":27.0,
            "가까운역이름":"증산",
            "가까운역거리":824.14,
            "역세권여부":"준역세권",
            "30분이내주요거점역":1,
            "1시간이내주요거점역":12,
            "3km이내백화점수":0,
            "5km이내아울렛몰수":0,
            "1km이내대형먀트수":0,
            "500m이내은행수":3,
            "500m이내병원수":29,
            "5km이내대형병원수":6,
            "500m이내공원수":6,
            "3km이내혐오시설수":1,
            "초등학교학업성취도":90.08,
            "중학교학업성취도":85.4,
            "용적률":294,
            "건폐율":23,
            "Y":37.576824,
            "X":126.912523,
            "rank":66.0,
            "area_info":"28평(93.76), 31평(103.25), 40평(134.78)",
            "last_sales":"2021-09-17,120000.0,40평(134.78)"
        },
        {
            "index":439,
            "아파트명":"유원홍은",
            "투자타입":"재건축",
            "전용면적(m2)":"72.06",
            "전용면적(평)":"21평",
            "법정동주소":"서울시 서대문구 홍은동 22",
            "도로명주소":"서울시 서대문구 홍은중앙로1길 33",
            "세대수":0,
            "입주년차":"--",
            "용적률점수":60,
            "건폐율점수":100,
            "세대당주차수":"--",
            "난방방식":"--",
            "공급면적":50,
            "전용률":60,
            "욕실수":"--",
            "현관타입":"--",
            "주거총점":49.5,
            "지역구공급총점":0.0,
            "역세권":50,
            "30분내 이동가능 거점":60,
            "1시간내 이동가능 거점":100,
            "교통총점":63.0,
            "백화점":0,
            "아울렛몰":0,
            "대형마트":0,
            "은행":0,
            "병원":30,
            "종합병원":100,
            "공원":100,
            "혐오시설":0,
            "인프라총점":26.0,
            "초등학군":86.27,
            "중학군":43.06,
            "학군총점":51.702,
            "인구수":34.82,
            "인구증감":-8.93,
            "인구총점":21.695,
            "일자리":14.5,
            "소득수준":71.44,
            "일자리총점":31.582,
            "가치 총점":47.5053,
            "매매실거래년":20211205.0,
            "매매실거래가":57300.0,
            "전세실거래년":20211113.0,
            "전세실거래가":30000.0,
            "전세가율":58.48,
            "장기전세가율평균":70.21,
            "전세가율거품지수":11.73,
            "검색코드":944,
            "세대수":299.0,
            "준공년월":"1987-10-26",
            "준공년차":36.0,
            "가까운역이름":"녹번",
            "가까운역거리":865.65,
            "역세권여부":"준역세권",
            "30분이내주요거점역":3,
            "1시간이내주요거점역":14,
            "3km이내백화점수":0,
            "5km이내아울렛몰수":0,
            "1km이내대형먀트수":0,
            "500m이내은행수":0,
            "500m이내병원수":9,
            "5km이내대형병원수":7,
            "500m이내공원수":5,
            "3km이내혐오시설수":0,
            "초등학교학업성취도":86.27,
            "중학교학업성취도":71.1,
            "용적률":237,
            "건폐율":18,
            "Y":37.597623,
            "X":126.944653,
            "rank":67.0,
            "area_info":"21평(72.06), 26평(86.37), 31평(102.84)",
            "last_sales":"2021-12-05,57300.0,26평(86.37)"
        },
        {
            "index":541,
            "아파트명":"현대그린",
            "투자타입":"일반",
            "전용면적(m2)":"107.83",
            "전용면적(평)":"32평",
            "법정동주소":"서울시 서대문구 홍제동 455",
            "도로명주소":"서울시 서대문구 세무서2길 64",
            "세대수":0,
            "입주년차":0,
            "용적률점수":"--",
            "건폐율점수":"--",
            "세대당주차수":0,
            "난방방식":30,
            "공급면적":"--",
            "전용률":"--",
            "욕실수":100,
            "현관타입":100,
            "주거총점":23.0,
            "지역구공급총점":0.0,
            "역세권":50,
            "30분내 이동가능 거점":80,
            "1시간내 이동가능 거점":100,
            "교통총점":69.0,
            "백화점":0,
            "아울렛몰":80,
            "대형마트":0,
            "은행":0,
            "병원":80,
            "종합병원":100,
            "공원":0,
            "혐오시설":0,
            "인프라총점":36.0,
            "초등학군":89.26,
            "중학군":43.06,
            "학군총점":52.3,
            "인구수":34.82,
            "인구증감":-8.93,
            "인구총점":21.695,
            "일자리":14.5,
            "소득수준":71.44,
            "일자리총점":31.582,
            "가치 총점":47.395,
            "매매실거래년":20211110.0,
            "매매실거래가":82500.0,
            "전세실거래년":20211231.0,
            "전세실거래가":50000.0,
            "전세가율":60.61,
            "장기전세가율평균":70.21,
            "전세가율거품지수":9.6,
            "검색코드":1160,
            "세대수":240.0,
            "준공년월":"1996-07-22",
            "준공년차":27.0,
            "가까운역이름":"홍제",
            "가까운역거리":516.65,
            "역세권여부":"준역세권",
            "30분이내주요거점역":4,
            "1시간이내주요거점역":14,
            "3km이내백화점수":0,
            "5km이내아울렛몰수":1,
            "1km이내대형먀트수":0,
            "500m이내은행수":1,
            "500m이내병원수":53,
            "5km이내대형병원수":8,
            "500m이내공원수":0,
            "3km이내혐오시설수":0,
            "초등학교학업성취도":89.26,
            "중학교학업성취도":71.1,
            "용적률":275,
            "건폐율":24,
            "Y":37.589269,
            "X":126.949594,
            "rank":68.0,
            "area_info":"32평(107.83)",
            "last_sales":"2021-11-10,82500.0,32평(107.83)"
        },
        {
            "index":466,
            "아파트명":"홍은센트레빌1단지",
            "투자타입":"일반",
            "전용면적(m2)":"85.06",
            "전용면적(평)":"25평",
            "법정동주소":"서울시 서대문구 홍은동 461-1",
            "도로명주소":"서울시 서대문구 통일로 553",
            "세대수":0,
            "입주년차":60,
            "용적률점수":"--",
            "건폐율점수":"--",
            "세대당주차수":30,
            "난방방식":30,
            "공급면적":"--",
            "전용률":"--",
            "욕실수":100,
            "현관타입":100,
            "주거총점":39.5,
            "지역구공급총점":0.0,
            "역세권":50,
            "30분내 이동가능 거점":60,
            "1시간내 이동가능 거점":100,
            "교통총점":63.0,
            "백화점":0,
            "아울렛몰":80,
            "대형마트":0,
            "은행":0,
            "병원":10,
            "종합병원":100,
            "공원":80,
            "혐오시설":-50,
            "인프라총점":30.4,
            "초등학군":91.57,
            "중학군":44.1,
            "학군총점":53.594,
            "인구수":34.82,
            "인구증감":-8.93,
            "인구총점":21.695,
            "일자리":14.5,
            "소득수준":71.44,
            "일자리총점":31.582,
            "가치 총점":47.1091,
            "매매실거래년":"18000101",
            "매매실거래가":null,
            "전세실거래년":null,
            "전세실거래가":null,
            "전세가율":null,
            "장기전세가율평균":70.21,
            "전세가율거품지수":null,
            "검색코드":102686,
            "세대수":115.0,
            "준공년월":"2009-08-31",
            "준공년차":14.0,
            "가까운역이름":"녹번",
            "가까운역거리":523.49,
            "역세권여부":"준역세권",
            "30분이내주요거점역":3,
            "1시간이내주요거점역":10,
            "3km이내백화점수":0,
            "5km이내아울렛몰수":1,
            "1km이내대형먀트수":0,
            "500m이내은행수":0,
            "500m이내병원수":2,
            "5km이내대형병원수":7,
            "500m이내공원수":1,
            "3km이내혐오시설수":1,
            "초등학교학업성취도":91.57,
            "중학교학업성취도":70.7,
            "용적률":294,
            "건폐율":21,
            "Y":37.596628,
            "X":126.938178,
            "rank":69.0,
            "area_info":"25평(85.06), 35평(117.05)",
            "last_sales":"1800-01-01,nan,25평(85.06)"
        },
        {
            "index":453,
            "아파트명":"홍은동원베네스트",
            "투자타입":"일반",
            "전용면적(m2)":"78.53",
            "전용면적(평)":"23평",
            "법정동주소":"서울시 서대문구 홍은동 463",
            "도로명주소":"서울시 서대문구 홍은중앙로1길 65",
            "세대수":0,
            "입주년차":60,
            "용적률점수":"--",
            "건폐율점수":"--",
            "세대당주차수":30,
            "난방방식":30,
            "공급면적":"--",
            "전용률":"--",
            "욕실수":50,
            "현관타입":100,
            "주거총점":34.5,
            "지역구공급총점":0.0,
            "역세권":50,
            "30분내 이동가능 거점":40,
            "1시간내 이동가능 거점":100,
            "교통총점":57.0,
            "백화점":0,
            "아울렛몰":80,
            "대형마트":0,
            "은행":0,
            "병원":30,
            "종합병원":100,
            "공원":100,
            "혐오시설":0,
            "인프라총점":34.0,
            "초등학군":86.27,
            "중학군":58.64,
            "학군총점":64.166,
            "인구수":34.82,
            "인구증감":-8.93,
            "인구총점":21.695,
            "일자리":14.5,
            "소득수준":71.44,
            "일자리총점":31.582,
            "가치 총점":46.6749,
            "매매실거래년":20210611.0,
            "매매실거래가":89500.0,
            "전세실거래년":20210528.0,
            "전세실거래가":56400.0,
            "전세가율":94.0,
            "장기전세가율평균":70.21,
            "전세가율거품지수":-23.79,
            "검색코드":103520,
            "세대수":195.0,
            "준공년월":"2012-09-19",
            "준공년차":11.0,
            "가까운역이름":"녹번",
            "가까운역거리":744.38,
            "역세권여부":"준역세권",
            "30분이내주요거점역":2,
            "1시간이내주요거점역":15,
            "3km이내백화점수":0,
            "5km이내아울렛몰수":1,
            "1km이내대형먀트수":0,
            "500m이내은행수":0,
            "500m이내병원수":7,
            "5km이내대형병원수":7,
            "500m이내공원수":2,
            "3km이내혐오시설수":0,
            "초등학교학업성취도":86.27,
            "중학교학업성취도":94.2,
            "용적률":216,
            "건폐율":27,
            "Y":37.599193,
            "X":126.943917,
            "rank":70.0,
            "area_info":"23평(78.53), 32평(107.39), 32평(107.41), 34평(112.83), 34평(113.35), 42평(139.97), 42평(141.08), 43평(142.88)",
            "last_sales":"2021-06-11,89500.0,32평(107.41)"
        },
        {
            "index":497,
            "아파트명":"인왕산벽산",
            "투자타입":"일반",
            "전용면적(m2)":"80.52",
            "전용면적(평)":"24평",
            "법정동주소":"서울시 서대문구 홍제동 465",
            "도로명주소":"서울시 서대문구 세무서길 106-12",
            "세대수":0,
            "입주년차":20,
            "용적률점수":"--",
            "건폐율점수":"--",
            "세대당주차수":30,
            "난방방식":30,
            "공급면적":"--",
            "전용률":"--",
            "욕실수":50,
            "현관타입":100,
            "주거총점":26.5,
            "지역구공급총점":0.0,
            "역세권":50,
            "30분내 이동가능 거점":60,
            "1시간내 이동가능 거점":100,
            "교통총점":63.0,
            "백화점":0,
            "아울렛몰":80,
            "대형마트":0,
            "은행":0,
            "병원":60,
            "종합병원":100,
            "공원":100,
            "혐오시설":0,
            "인프라총점":37.0,
            "초등학군":91.57,
            "중학군":43.06,
            "학군총점":52.762,
            "인구수":34.82,
            "인구증감":-8.93,
            "인구총점":21.695,
            "일자리":14.5,
            "소득수준":71.44,
            "일자리총점":31.582,
            "가치 총점":46.3643,
            "매매실거래년":20210517.0,
            "매매실거래가":89000.0,
            "전세실거래년":20210306.0,
            "전세실거래가":33600.0,
            "전세가율":71.49,
            "장기전세가율평균":70.21,
            "전세가율거품지수":-1.28,
            "검색코드":3394,
            "세대수":236.0,
            "준공년월":"2003-06-20",
            "준공년차":20.0,
            "가까운역이름":"홍제",
            "가까운역거리":555.78,
            "역세권여부":"준역세권",
            "30분이내주요거점역":3,
            "1시간이내주요거점역":13,
            "3km이내백화점수":0,
            "5km이내아울렛몰수":1,
            "1km이내대형먀트수":0,
            "500m이내은행수":1,
            "500m이내병원수":11,
            "5km이내대형병원수":8,
            "500m이내공원수":4,
            "3km이내혐오시설수":0,
            "초등학교학업성취도":91.57,
            "중학교학업성취도":71.1,
            "용적률":244,
            "건폐율":19,
            "Y":37.592475,
            "X":126.948349,
            "rank":71.0,
            "area_info":"24평(80.52), 32평(107.8), 38평(127.66), 43평(142.5)",
            "last_sales":"2021-05-17,89000.0,43평(142.5)"
        },
        {
            "index":394,
            "아파트명":"북한산두산위브2차",
            "투자타입":"일반",
            "전용면적(m2)":"78.09",
            "전용면적(평)":"23평",
            "법정동주소":"서울시 서대문구 홍은동 13-25",
            "도로명주소":"서울시 서대문구 홍은중앙로1길 100",
            "세대수":0,
            "입주년차":100,
            "용적률점수":"--",
            "건폐율점수":"--",
            "세대당주차수":0,
            "난방방식":30,
            "공급면적":"--",
            "전용률":"--",
            "욕실수":100,
            "현관타입":100,
            "주거총점":43.0,
            "지역구공급총점":0.0,
            "역세권":50,
            "30분내 이동가능 거점":20,
            "1시간내 이동가능 거점":100,
            "교통총점":51.0,
            "백화점":0,
            "아울렛몰":80,
            "대형마트":0,
            "은행":0,
            "병원":30,
            "종합병원":100,
            "공원":100,
            "혐오시설":0,
            "인프라총점":34.0,
            "초등학군":86.27,
            "중학군":58.64,
            "학군총점":64.166,
            "인구수":34.82,
            "인구증감":-8.93,
            "인구총점":21.695,
            "일자리":14.5,
            "소득수준":71.44,
            "일자리총점":31.582,
            "가치 총점":46.2749,
            "매매실거래년":20190327.0,
            "매매실거래가":46154.0,
            "전세실거래년":null,
            "전세실거래가":null,
            "전세가율":null,
            "장기전세가율평균":70.21,
            "전세가율거품지수":null,
            "검색코드":127108,
            "세대수":296.0,
            "준공년월":"2020-11-01",
            "준공년차":3.0,
            "가까운역이름":"녹번",
            "가까운역거리":771.25,
            "역세권여부":"준역세권",
            "30분이내주요거점역":1,
            "1시간이내주요거점역":11,
            "3km이내백화점수":0,
            "5km이내아울렛몰수":1,
            "1km이내대형먀트수":0,
            "500m이내은행수":0,
            "500m이내병원수":7,
            "5km이내대형병원수":7,
            "500m이내공원수":2,
            "3km이내혐오시설수":0,
            "초등학교학업성취도":86.27,
            "중학교학업성취도":94.2,
            "용적률":174,
            "건폐율":23,
            "Y":37.600043,
            "X":126.944439,
            "rank":72.0,
            "area_info":"23평(78.09), 24평(81.96)",
            "last_sales":"2019-03-27,46154.0,24평(81.96)"
        },
        {
            "index":224,
            "아파트명":"성원상떼빌팰리스",
            "투자타입":"일반",
            "전용면적(m2)":"90.36",
            "전용면적(평)":"27평",
            "법정동주소":"서울시 서대문구 연희동 742",
            "도로명주소":"서울시 서대문구 연희로28길 35-28",
            "세대수":0,
            "입주년차":40,
            "용적률점수":"--",
            "건폐율점수":"--",
            "세대당주차수":80,
            "난방방식":30,
            "공급면적":"--",
            "전용률":"--",
            "욕실수":50,
            "현관타입":100,
            "주거총점":38.0,
            "지역구공급총점":0.0,
            "역세권":0,
            "30분내 이동가능 거점":40,
            "1시간내 이동가능 거점":100,
            "교통총점":32.0,
            "백화점":100,
            "아울렛몰":80,
            "대형마트":0,
            "은행":0,
            "병원":0,
            "종합병원":100,
            "공원":100,
            "혐오시설":0,
            "인프라총점":61.0,
            "초등학군":89.35,
            "중학군":49.32,
            "학군총점":57.326,
            "인구수":34.82,
            "인구증감":-8.93,
            "인구총점":21.695,
            "일자리":14.5,
            "소득수준":71.44,
            "일자리총점":31.582,
            "가치 총점":45.6989,
            "매매실거래년":20210505.0,
            "매매실거래가":142500.0,
            "전세실거래년":null,
            "전세실거래가":null,
            "전세가율":null,
            "장기전세가율평균":70.21,
            "전세가율거품지수":null,
            "검색코드":9905,
            "세대수":119.0,
            "준공년월":"2005-02-19",
            "준공년차":18.0,
            "가까운역이름":"무악재",
            "가까운역거리":1247.67,
            "역세권여부":"비역세권",
            "30분이내주요거점역":2,
            "1시간이내주요거점역":12,
            "3km이내백화점수":1,
            "5km이내아울렛몰수":1,
            "1km이내대형먀트수":0,
            "500m이내은행수":1,
            "500m이내병원수":1,
            "5km이내대형병원수":6,
            "500m이내공원수":2,
            "3km이내혐오시설수":0,
            "초등학교학업성취도":89.35,
            "중학교학업성취도":80.0,
            "용적률":261,
            "건폐율":22,
            "Y":37.575962,
            "X":126.938607,
            "rank":73.0,
            "area_info":"27평(90.36), 30평(99.42), 47평(158.36), 48평(159.45), 50평(166.09), 52평(173.3), 65평(218.15)",
            "last_sales":"2021-05-05,142500.0,65평(218.15)"
        },
        {
            "index":219,
            "아파트명":"대림",
            "투자타입":"일반",
            "전용면적(m2)":"105.69",
            "전용면적(평)":"31평",
            "법정동주소":"서울시 서대문구 연희동 700",
            "도로명주소":"서울시 서대문구 연희로32길 20",
            "세대수":0,
            "입주년차":0,
            "용적률점수":"--",
            "건폐율점수":"--",
            "세대당주차수":0,
            "난방방식":30,
            "공급면적":"--",
            "전용률":"--",
            "욕실수":100,
            "현관타입":100,
            "주거총점":23.0,
            "지역구공급총점":0.0,
            "역세권":0,
            "30분내 이동가능 거점":60,
            "1시간내 이동가능 거점":100,
            "교통총점":38.0,
            "백화점":100,
            "아울렛몰":80,
            "대형마트":0,
            "은행":0,
            "병원":10,
            "종합병원":100,
            "공원":100,
            "혐오시설":0,
            "인프라총점":62.0,
            "초등학군":89.35,
            "중학군":49.32,
            "학군총점":57.326,
            "인구수":34.82,
            "인구증감":-8.93,
            "인구총점":21.695,
            "일자리":14.5,
            "소득수준":71.44,
            "일자리총점":31.582,
            "가치 총점":45.0989,
            "매매실거래년":20210809.0,
            "매매실거래가":69500.0,
            "전세실거래년":20210926.0,
            "전세실거래가":48000.0,
            "전세가율":69.06,
            "장기전세가율평균":70.21,
            "전세가율거품지수":1.15,
            "검색코드":851,
            "세대수":220.0,
            "준공년월":"1993-09-03",
            "준공년차":30.0,
            "가까운역이름":"무악재",
            "가까운역거리":1435.04,
            "역세권여부":"비역세권",
            "30분이내주요거점역":3,
            "1시간이내주요거점역":11,
            "3km이내백화점수":1,
            "5km이내아울렛몰수":1,
            "1km이내대형먀트수":0,
            "500m이내은행수":1,
            "500m이내병원수":2,
            "5km이내대형병원수":6,
            "500m이내공원수":2,
            "3km이내혐오시설수":0,
            "초등학교학업성취도":89.35,
            "중학교학업성취도":80.0,
            "용적률":203,
            "건폐율":24,
            "Y":37.575662,
            "X":126.936325,
            "rank":74.0,
            "area_info":"31평(105.69), 45평(149.02)",
            "last_sales":"2021-08-09,69500.0,31평(105.69)"
        },
        {
            "index":492,
            "아파트명":"유원하나",
            "투자타입":"일반",
            "전용면적(m2)":"80.47",
            "전용면적(평)":"24평",
            "법정동주소":"서울시 서대문구 홍제동 454",
            "도로명주소":"서울시 서대문구 세검정로 134",
            "세대수":80,
            "입주년차":0,
            "용적률점수":"--",
            "건폐율점수":"--",
            "세대당주차수":0,
            "난방방식":30,
            "공급면적":"--",
            "전용률":"--",
            "욕실수":50,
            "현관타입":10,
            "주거총점":37.0,
            "지역구공급총점":0.0,
            "역세권":50,
            "30분내 이동가능 거점":40,
            "1시간내 이동가능 거점":100,
            "교통총점":57.0,
            "백화점":0,
            "아울렛몰":80,
            "대형마트":0,
            "은행":0,
            "병원":10,
            "종합병원":100,
            "공원":100,
            "혐오시설":0,
            "인프라총점":32.0,
            "초등학군":86.27,
            "중학군":43.06,
            "학군총점":51.702,
            "인구수":34.82,
            "인구증감":-8.93,
            "인구총점":21.695,
            "일자리":14.5,
            "소득수준":71.44,
            "일자리총점":31.582,
            "가치 총점":44.7053,
            "매매실거래년":20211209.0,
            "매매실거래가":59800.0,
            "전세실거래년":20211030.0,
            "전세실거래가":24000.0,
            "전세가율":40.13,
            "장기전세가율평균":70.21,
            "전세가율거품지수":30.08,
            "검색코드":439,
            "세대수":704.0,
            "준공년월":"1996-08-07",
            "준공년차":27.0,
            "가까운역이름":"홍제",
            "가까운역거리":986.88,
            "역세권여부":"준역세권",
            "30분이내주요거점역":2,
            "1시간이내주요거점역":11,
            "3km이내백화점수":0,
            "5km이내아울렛몰수":1,
            "1km이내대형먀트수":0,
            "500m이내은행수":0,
            "500m이내병원수":4,
            "5km이내대형병원수":8,
            "500m이내공원수":4,
            "3km이내혐오시설수":0,
            "초등학교학업성취도":86.27,
            "중학교학업성취도":71.1,
            "용적률":249,
            "건폐율":19,
            "Y":37.595093,
            "X":126.951958,
            "rank":75.0,
            "area_info":"24평(80.47), 27평(92.28), 31평(105.37), 39평(129.31), 41평(137.72)",
            "last_sales":"2021-12-09,59800.0,24평(80.47)"
        },
        {
            "index":415,
            "아파트명":"세한숲속마을",
            "투자타입":"일반",
            "전용면적(m2)":"95.87",
            "전용면적(평)":"29평",
            "법정동주소":"서울시 서대문구 홍은동 산 11-244",
            "도로명주소":"서울시 서대문구 통일로 555",
            "세대수":0,
            "입주년차":20,
            "용적률점수":"--",
            "건폐율점수":"--",
            "세대당주차수":0,
            "난방방식":30,
            "공급면적":"--",
            "전용률":"--",
            "욕실수":100,
            "현관타입":100,
            "주거총점":27.0,
            "지역구공급총점":0.0,
            "역세권":50,
            "30분내 이동가능 거점":60,
            "1시간내 이동가능 거점":100,
            "교통총점":63.0,
            "백화점":0,
            "아울렛몰":80,
            "대형마트":0,
            "은행":0,
            "병원":10,
            "종합병원":100,
            "공원":0,
            "혐오시설":-50,
            "인프라총점":28.0,
            "초등학군":100.0,
            "중학군":44.1,
            "학군총점":55.28,
            "인구수":34.82,
            "인구증감":-8.93,
            "인구총점":21.695,
            "일자리":14.5,
            "소득수준":71.44,
            "일자리총점":31.582,
            "가치 총점":44.142,
            "매매실거래년":"18000101",
            "매매실거래가":null,
            "전세실거래년":20210906.0,
            "전세실거래가":45000.0,
            "전세가율":null,
            "장기전세가율평균":70.21,
            "전세가율거품지수":null,
            "검색코드":9550,
            "세대수":121.0,
            "준공년월":"2002-06-01",
            "준공년차":21.0,
            "가까운역이름":"녹번",
            "가까운역거리":522.21,
            "역세권여부":"준역세권",
            "30분이내주요거점역":3,
            "1시간이내주요거점역":12,
            "3km이내백화점수":0,
            "5km이내아울렛몰수":1,
            "1km이내대형먀트수":0,
            "500m이내은행수":0,
            "500m이내병원수":2,
            "5km이내대형병원수":7,
            "500m이내공원수":0,
            "3km이내혐오시설수":1,
            "초등학교학업성취도":100.0,
            "중학교학업성취도":70.7,
            "용적률":0,
            "건폐율":0,
            "Y":37.596338,
            "X":126.937016,
            "rank":76.0,
            "area_info":"29평(95.87), 29평(95.87), 43평(142.15)",
            "last_sales":"1800-01-01,nan,29평(95.87)"
        },
        {
            "index":109,
            "아파트명":"DMC두산위브",
            "투자타입":"일반",
            "전용면적(m2)":"107.04",
            "전용면적(평)":"32평",
            "법정동주소":"서울시 서대문구 북가좌동 459",
            "도로명주소":"서울시 서대문구 증가로 200-8",
            "세대수":0,
            "입주년차":40,
            "용적률점수":"--",
            "건폐율점수":"--",
            "세대당주차수":30,
            "난방방식":30,
            "공급면적":"--",
            "전용률":"--",
            "욕실수":100,
            "현관타입":100,
            "주거총점":35.5,
            "지역구공급총점":0.0,
            "역세권":50,
            "30분내 이동가능 거점":20,
            "1시간내 이동가능 거점":100,
            "교통총점":51.0,
            "백화점":0,
            "아울렛몰":0,
            "대형마트":0,
            "은행":70,
            "병원":60,
            "종합병원":100,
            "공원":100,
            "혐오시설":0,
            "인프라총점":36.0,
            "초등학군":98.93,
            "중학군":44.92,
            "학군총점":55.722,
            "인구수":34.82,
            "인구증감":-8.93,
            "인구총점":21.695,
            "일자리":14.5,
            "소득수준":71.44,
            "일자리총점":31.582,
            "가치 총점":44.1083,
            "매매실거래년":20211023.0,
            "매매실거래가":100000.0,
            "전세실거래년":20211030.0,
            "전세실거래가":40950.0,
            "전세가율":40.95,
            "장기전세가율평균":70.21,
            "전세가율거품지수":29.26,
            "검색코드":22107,
            "세대수":235.0,
            "준공년월":"2007-02-26",
            "준공년차":16.0,
            "가까운역이름":"증산",
            "가까운역거리":752.77,
            "역세권여부":"준역세권",
            "30분이내주요거점역":1,
            "1시간이내주요거점역":10,
            "3km이내백화점수":0,
            "5km이내아울렛몰수":0,
            "1km이내대형먀트수":0,
            "500m이내은행수":4,
            "500m이내병원수":20,
            "5km이내대형병원수":6,
            "500m이내공원수":5,
            "3km이내혐오시설수":0,
            "초등학교학업성취도":98.93,
            "중학교학업성취도":73.8,
            "용적률":237,
            "건폐율":19,
            "Y":37.579943,
            "X":126.916598,
            "rank":77.0,
            "area_info":"32평(107.04), 32평(108.08), 33평(109.79)",
            "last_sales":"2021-10-23,100000.0,32평(107.04)"
        },
        {
            "index":516,
            "아파트명":"중앙하이츠",
            "투자타입":"일반",
            "전용면적(m2)":"83.87",
            "전용면적(평)":"25평",
            "법정동주소":"서울시 서대문구 홍제동 342",
            "도로명주소":"서울시 서대문구 홍제내2길 67",
            "세대수":0,
            "입주년차":20,
            "용적률점수":"--",
            "건폐율점수":"--",
            "세대당주차수":30,
            "난방방식":30,
            "공급면적":"--",
            "전용률":"--",
            "욕실수":50,
            "현관타입":10,
            "주거총점":17.5,
            "지역구공급총점":0.0,
            "역세권":50,
            "30분내 이동가능 거점":60,
            "1시간내 이동가능 거점":100,
            "교통총점":63.0,
            "백화점":0,
            "아울렛몰":80,
            "대형마트":0,
            "은행":20,
            "병원":0,
            "종합병원":100,
            "공원":80,
            "혐오시설":0,
            "인프라총점":32.4,
            "초등학군":85.28,
            "중학군":52.18,
            "학군총점":58.8,
            "인구수":34.82,
            "인구증감":-8.93,
            "인구총점":21.695,
            "일자리":14.5,
            "소득수준":71.44,
            "일자리총점":31.582,
            "가치 총점":44.09,
            "매매실거래년":20201123.0,
            "매매실거래가":50000.0,
            "전세실거래년":20210217.0,
            "전세실거래가":26000.0,
            "전세가율":52.0,
            "장기전세가율평균":70.21,
            "전세가율거품지수":18.21,
            "검색코드":1158,
            "세대수":123.0,
            "준공년월":"2001-09-17",
            "준공년차":22.0,
            "가까운역이름":"홍제",
            "가까운역거리":678.73,
            "역세권여부":"준역세권",
            "30분이내주요거점역":3,
            "1시간이내주요거점역":13,
            "3km이내백화점수":0,
            "5km이내아울렛몰수":1,
            "1km이내대형먀트수":0,
            "500m이내은행수":2,
            "500m이내병원수":0,
            "5km이내대형병원수":6,
            "500m이내공원수":1,
            "3km이내혐오시설수":0,
            "초등학교학업성취도":85.28,
            "중학교학업성취도":85.5,
            "용적률":0,
            "건폐율":0,
            "Y":37.586819,
            "X":126.936574,
            "rank":78.0,
            "area_info":"25평(83.87), 33평(111.45), 33평(111.21), 33평(111.29), 41평(138.41), 45평(151.69)",
            "last_sales":"2020-11-23,50000.0,25평(83.87)"
        },
        {
            "index":150,
            "아파트명":"DMC휴먼빌",
            "투자타입":"일반",
            "전용면적(m2)":"101.97",
            "전용면적(평)":"30평",
            "법정동주소":"서울시 서대문구 북가좌동 456",
            "도로명주소":"서울시 서대문구 거북골로18가길 23",
            "세대수":0,
            "입주년차":40,
            "용적률점수":"--",
            "건폐율점수":"--",
            "세대당주차수":60,
            "난방방식":30,
            "공급면적":"--",
            "전용률":"--",
            "욕실수":100,
            "현관타입":100,
            "주거총점":40.0,
            "지역구공급총점":0.0,
            "역세권":50,
            "30분내 이동가능 거점":20,
            "1시간내 이동가능 거점":100,
            "교통총점":51.0,
            "백화점":0,
            "아울렛몰":0,
            "대형마트":0,
            "은행":20,
            "병원":60,
            "종합병원":100,
            "공원":100,
            "혐오시설":-50,
            "인프라총점":30.0,
            "초등학군":90.08,
            "중학군":52.8,
            "학군총점":60.256,
            "인구수":34.82,
            "인구증감":-8.93,
            "인구총점":21.695,
            "일자리":14.5,
            "소득수준":71.44,
            "일자리총점":31.582,
            "가치 총점":43.8884,
            "매매실거래년":20210927.0,
            "매매실거래가":107500.0,
            "전세실거래년":20210630.0,
            "전세실거래가":56000.0,
            "전세가율":96.55,
            "장기전세가율평균":70.21,
            "전세가율거품지수":-26.34,
            "검색코드":14228,
            "세대수":197.0,
            "준공년월":"2008-12-23",
            "준공년차":15.0,
            "가까운역이름":"증산",
            "가까운역거리":751.63,
            "역세권여부":"준역세권",
            "30분이내주요거점역":1,
            "1시간이내주요거점역":11,
            "3km이내백화점수":0,
            "5km이내아울렛몰수":0,
            "1km이내대형먀트수":0,
            "500m이내은행수":2,
            "500m이내병원수":26,
            "5km이내대형병원수":5,
            "500m이내공원수":5,
            "3km이내혐오시설수":1,
            "초등학교학업성취도":90.08,
            "중학교학업성취도":85.4,
            "용적률":246,
            "건폐율":29,
            "Y":37.577415,
            "X":126.912152,
            "rank":79.0,
            "area_info":"30평(101.97), 31평(103.81), 41평(138.25), 47평(157.19)",
            "last_sales":"2021-09-27,107500.0,41평(138.25)"
        },
        {
            "index":418,
            "아파트명":"신원지벤스타",
            "투자타입":"일반",
            "전용면적(m2)":"118.67",
            "전용면적(평)":"35평",
            "법정동주소":"서울시 서대문구 홍은동 392-7",
            "도로명주소":"서울시 서대문구 명지길 86",
            "세대수":0,
            "입주년차":40,
            "용적률점수":"--",
            "건폐율점수":"--",
            "세대당주차수":80,
            "난방방식":30,
            "공급면적":"--",
            "전용률":"--",
            "욕실수":100,
            "현관타입":100,
            "주거총점":43.0,
            "지역구공급총점":0.0,
            "역세권":0,
            "30분내 이동가능 거점":20,
            "1시간내 이동가능 거점":90,
            "교통총점":24.0,
            "백화점":100,
            "아울렛몰":80,
            "대형마트":0,
            "은행":0,
            "병원":10,
            "종합병원":100,
            "공원":100,
            "혐오시설":0,
            "인프라총점":62.0,
            "초등학군":87.73,
            "중학군":45.5,
            "학군총점":53.946,
            "인구수":34.82,
            "인구증감":-8.93,
            "인구총점":21.695,
            "일자리":14.5,
            "소득수준":71.44,
            "일자리총점":31.582,
            "가치 총점":43.6919,
            "매매실거래년":20080220.0,
            "매매실거래가":76500.0,
            "전세실거래년":null,
            "전세실거래가":null,
            "전세가율":null,
            "장기전세가율평균":70.21,
            "전세가율거품지수":null,
            "검색코드":17425,
            "세대수":117.0,
            "준공년월":"2005-07-26",
            "준공년차":18.0,
            "가까운역이름":"홍제",
            "가까운역거리":1565.4,
            "역세권여부":"비역세권",
            "30분이내주요거점역":1,
            "1시간이내주요거점역":9,
            "3km이내백화점수":1,
            "5km이내아울렛몰수":1,
            "1km이내대형먀트수":0,
            "500m이내은행수":0,
            "500m이내병원수":3,
            "5km이내대형병원수":6,
            "500m이내공원수":4,
            "3km이내혐오시설수":0,
            "초등학교학업성취도":87.73,
            "중학교학업성취도":73.5,
            "용적률":0,
            "건폐율":0,
            "Y":37.579985,
            "X":126.930161,
            "rank":80.0,
            "area_info":"35평(118.67), 36평(119.35), 44평(145.84), 44평(146.95), 45평(149.27), 45평(149.95), 45평(151.1), 47평(156.16), 47평(157.59), 47평(158.38), 48평(158.75), 50평(166.02), 55평(184.91), 56평(186.16), 63평(211.25), 64평(212.21), 68평(226.8), 71평(234.8), 72평(240.3), 73평(241.33), 73평(241.76)",
            "last_sales":"2008-02-20,76500.0,72평(240.3)"
        },
        {
            "index":557,
            "아파트명":"홍제성원",
            "투자타입":"일반",
            "전용면적(m2)":"64.32",
            "전용면적(평)":"19평",
            "법정동주소":"서울시 서대문구 홍제동 456",
            "도로명주소":"서울시 서대문구 모래내로 430",
            "세대수":0,
            "입주년차":0,
            "용적률점수":"--",
            "건폐율점수":"--",
            "세대당주차수":30,
            "난방방식":30,
            "공급면적":"--",
            "전용률":"--",
            "욕실수":50,
            "현관타입":10,
            "주거총점":13.5,
            "지역구공급총점":0.0,
            "역세권":50,
            "30분내 이동가능 거점":60,
            "1시간내 이동가능 거점":100,
            "교통총점":63.0,
            "백화점":0,
            "아울렛몰":80,
            "대형마트":0,
            "은행":0,
            "병원":60,
            "종합병원":100,
            "공원":100,
            "혐오시설":0,
            "인프라총점":37.0,
            "초등학군":85.28,
            "중학군":43.16,
            "학군총점":51.584,
            "인구수":34.82,
            "인구증감":-8.93,
            "인구총점":21.695,
            "일자리":14.5,
            "소득수준":71.44,
            "일자리총점":31.582,
            "가치 총점":43.5876,
            "매매실거래년":20210905.0,
            "매매실거래가":94500.0,
            "전세실거래년":20210924.0,
            "전세실거래가":22000.0,
            "전세가율":42.07,
            "장기전세가율평균":70.21,
            "전세가율거품지수":28.14,
            "검색코드":1163,
            "세대수":242.0,
            "준공년월":"1998-05-11",
            "준공년차":25.0,
            "가까운역이름":"홍제",
            "가까운역거리":589.43,
            "역세권여부":"준역세권",
            "30분이내주요거점역":3,
            "1시간이내주요거점역":12,
            "3km이내백화점수":0,
            "5km이내아울렛몰수":1,
            "1km이내대형먀트수":0,
            "500m이내은행수":0,
            "500m이내병원수":28,
            "5km이내대형병원수":8,
            "500m이내공원수":4,
            "3km이내혐오시설수":0,
            "초등학교학업성취도":85.28,
            "중학교학업성취도":71.2,
            "용적률":286,
            "건폐율":25,
            "Y":37.583779,
            "X":126.943252,
            "rank":81.0,
            "area_info":"19평(64.32), 23평(78.44), 33평(109.91), 34평(114.14), 44평(148.38)",
            "last_sales":"2021-09-05,94500.0,44평(148.38)"
        },
        {
            "index":235,
            "아파트명":"연희성원",
            "투자타입":"일반",
            "전용면적(m2)":"87.55",
            "전용면적(평)":"26평",
            "법정동주소":"서울시 서대문구 연희동 740",
            "도로명주소":"서울시 서대문구 연희로32길 48",
            "세대수":50,
            "입주년차":20,
            "용적률점수":"--",
            "건폐율점수":"--",
            "세대당주차수":30,
            "난방방식":30,
            "공급면적":"--",
            "전용률":"--",
            "욕실수":50,
            "현관타입":10,
            "주거총점":35.0,
            "지역구공급총점":0.0,
            "역세권":0,
            "30분내 이동가능 거점":20,
            "1시간내 이동가능 거점":100,
            "교통총점":26.0,
            "백화점":100,
            "아울렛몰":80,
            "대형마트":0,
            "은행":0,
            "병원":0,
            "종합병원":100,
            "공원":100,
            "혐오시설":0,
            "인프라총점":61.0,
            "초등학군":89.35,
            "중학군":49.32,
            "학군총점":57.326,
            "인구수":34.82,
            "인구증감":-8.93,
            "인구총점":21.695,
            "일자리":14.5,
            "소득수준":71.44,
            "일자리총점":31.582,
            "가치 총점":42.9989,
            "매매실거래년":20211205.0,
            "매매실거래가":87000.0,
            "전세실거래년":20211204.0,
            "전세실거래가":47000.0,
            "전세가율":58.9,
            "장기전세가율평균":70.21,
            "전세가율거품지수":11.31,
            "검색코드":3393,
            "세대수":581.0,
            "준공년월":"2001-05-31",
            "준공년차":22.0,
            "가까운역이름":"무악재",
            "가까운역거리":1170.01,
            "역세권여부":"비역세권",
            "30분이내주요거점역":1,
            "1시간이내주요거점역":11,
            "3km이내백화점수":1,
            "5km이내아울렛몰수":1,
            "1km이내대형먀트수":0,
            "500m이내은행수":1,
            "500m이내병원수":1,
            "5km이내대형병원수":6,
            "500m이내공원수":2,
            "3km이내혐오시설수":0,
            "초등학교학업성취도":89.35,
            "중학교학업성취도":80.0,
            "용적률":270,
            "건폐율":22,
            "Y":37.576758,
            "X":126.939004,
            "rank":82.0,
            "area_info":"26평(87.55), 32평(108.6), 32평(108.6), 42평(141.76), 45평(150.08), 49평(164.49)",
            "last_sales":"2021-12-05,87000.0,32평(108.6)"
        },
        {
            "index":522,
            "아파트명":"태영으뜸",
            "투자타입":"일반",
            "전용면적(m2)":"51.49",
            "전용면적(평)":"15평",
            "법정동주소":"서울시 서대문구 홍제동 373",
            "도로명주소":"서울시 서대문구 세검정로3길 63",
            "세대수":0,
            "입주년차":0,
            "용적률점수":"--",
            "건폐율점수":"--",
            "세대당주차수":0,
            "난방방식":30,
            "공급면적":"--",
            "전용률":"--",
            "욕실수":50,
            "현관타입":10,
            "주거총점":9.0,
            "지역구공급총점":0.0,
            "역세권":50,
            "30분내 이동가능 거점":60,
            "1시간내 이동가능 거점":100,
            "교통총점":63.0,
            "백화점":0,
            "아울렛몰":80,
            "대형마트":0,
            "은행":0,
            "병원":60,
            "종합병원":100,
            "공원":100,
            "혐오시설":0,
            "인프라총점":37.0,
            "초등학군":91.57,
            "중학군":43.06,
            "학군총점":52.762,
            "인구수":34.82,
            "인구증감":-8.93,
            "인구총점":21.695,
            "일자리":14.5,
            "소득수준":71.44,
            "일자리총점":31.582,
            "가치 총점":42.8643,
            "매매실거래년":20210506.0,
            "매매실거래가":68000.0,
            "전세실거래년":20211106.0,
            "전세실거래가":25000.0,
            "전세가율":75.53,
            "장기전세가율평균":70.21,
            "전세가율거품지수":-5.32,
            "검색코드":1165,
            "세대수":214.0,
            "준공년월":"1998-07-31",
            "준공년차":25.0,
            "가까운역이름":"홍제",
            "가까운역거리":582.06,
            "역세권여부":"준역세권",
            "30분이내주요거점역":3,
            "1시간이내주요거점역":12,
            "3km이내백화점수":0,
            "5km이내아울렛몰수":1,
            "1km이내대형먀트수":0,
            "500m이내은행수":1,
            "500m이내병원수":13,
            "5km이내대형병원수":8,
            "500m이내공원수":5,
            "3km이내혐오시설수":0,
            "초등학교학업성취도":91.57,
            "중학교학업성취도":71.1,
            "용적률":390,
            "건폐율":34,
            "Y":37.59372,
            "X":126.94676,
            "rank":83.0,
            "area_info":"15평(51.49), 18평(60.65), 18평(61.32), 19평(63.38), 19평(64.97), 19평(64.32), 19평(65.19), 20평(67.93), 22평(73.11), 22평(74.12), 22평(75.8), 24평(82.51), 25평(84.19), 26평(89.02), 27평(91.67), 28평(93.35), 28평(95.24), 35평(118.3), 37평(122.98)",
            "last_sales":"2021-05-06,68000.0,37평(122.98)"
        },
        {
            "index":143,
            "아파트명":"DMC현대",
            "투자타입":"일반",
            "전용면적(m2)":"75.99",
            "전용면적(평)":"22평",
            "법정동주소":"서울시 서대문구 북가좌동 453",
            "도로명주소":"서울시 서대문구 응암로 33",
            "세대수":0,
            "입주년차":20,
            "용적률점수":"--",
            "건폐율점수":"--",
            "세대당주차수":0,
            "난방방식":30,
            "공급면적":"--",
            "전용률":"--",
            "욕실수":50,
            "현관타입":10,
            "주거총점":13.0,
            "지역구공급총점":0.0,
            "역세권":50,
            "30분내 이동가능 거점":0,
            "1시간내 이동가능 거점":100,
            "교통총점":45.0,
            "백화점":0,
            "아울렛몰":0,
            "대형마트":100,
            "은행":70,
            "병원":60,
            "종합병원":100,
            "공원":100,
            "혐오시설":-50,
            "인프라총점":50.0,
            "초등학군":90.08,
            "중학군":52.8,
            "학군총점":60.256,
            "인구수":34.82,
            "인구증감":-8.93,
            "인구총점":21.695,
            "일자리":14.5,
            "소득수준":71.44,
            "일자리총점":31.582,
            "가치 총점":42.3884,
            "매매실거래년":20201217.0,
            "매매실거래가":70000.0,
            "전세실거래년":20210426.0,
            "전세실거래가":33000.0,
            "전세가율":76.74,
            "장기전세가율평균":70.21,
            "전세가율거품지수":-6.53,
            "검색코드":3484,
            "세대수":213.0,
            "준공년월":"2000-09-29",
            "준공년차":23.0,
            "가까운역이름":"디지털미디어시티",
            "가까운역거리":593.15,
            "역세권여부":"준역세권",
            "30분이내주요거점역":0,
            "1시간이내주요거점역":12,
            "3km이내백화점수":0,
            "5km이내아울렛몰수":0,
            "1km이내대형먀트수":2,
            "500m이내은행수":3,
            "500m이내병원수":15,
            "5km이내대형병원수":4,
            "500m이내공원수":2,
            "3km이내혐오시설수":1,
            "초등학교학업성취도":90.08,
            "중학교학업성취도":85.4,
            "용적률":300,
            "건폐율":26,
            "Y":37.576797,
            "X":126.907712,
            "rank":84.0,
            "area_info":"22평(75.99), 24평(82.07), 27평(89.83), 29평(98.48), 31평(104.05), 31평(105.6), 31평(105.2)",
            "last_sales":"2020-12-17,70000.0,31평(105.2)"
        },
        {
            "index":357,
            "아파트명":"두산",
            "투자타입":"일반",
            "전용면적(m2)":"75.65",
            "전용면적(평)":"22평",
            "법정동주소":"서울시 서대문구 홍은동 456",
            "도로명주소":"서울시 서대문구 모래내로 309",
            "세대수":0,
            "입주년차":0,
            "용적률점수":"--",
            "건폐율점수":"--",
            "세대당주차수":30,
            "난방방식":30,
            "공급면적":"--",
            "전용률":"--",
            "욕실수":50,
            "현관타입":100,
            "주거총점":22.5,
            "지역구공급총점":0.0,
            "역세권":0,
            "30분내 이동가능 거점":0,
            "1시간내 이동가능 거점":100,
            "교통총점":20.0,
            "백화점":100,
            "아울렛몰":80,
            "대형마트":0,
            "은행":0,
            "병원":30,
            "종합병원":100,
            "공원":100,
            "혐오시설":0,
            "인프라총점":64.0,
            "초등학군":87.73,
            "중학군":49.32,
            "학군총점":57.002,
            "인구수":34.82,
            "인구증감":-8.93,
            "인구총점":21.695,
            "일자리":14.5,
            "소득수준":71.44,
            "일자리총점":31.582,
            "가치 총점":39.2503,
            "매매실거래년":20211104.0,
            "매매실거래가":71000.0,
            "전세실거래년":20210506.0,
            "전세실거래가":27700.0,
            "전세가율":42.95,
            "장기전세가율평균":70.21,
            "전세가율거품지수":27.26,
            "검색코드":850,
            "세대수":294.0,
            "준공년월":"1997-10-13",
            "준공년차":26.0,
            "가까운역이름":"홍제",
            "가까운역거리":1522.59,
            "역세권여부":"비역세권",
            "30분이내주요거점역":0,
            "1시간이내주요거점역":11,
            "3km이내백화점수":1,
            "5km이내아울렛몰수":1,
            "1km이내대형먀트수":0,
            "500m이내은행수":1,
            "500m이내병원수":6,
            "5km이내대형병원수":6,
            "500m이내공원수":4,
            "3km이내혐오시설수":0,
            "초등학교학업성취도":87.73,
            "중학교학업성취도":80.0,
            "용적률":306,
            "건폐율":30,
            "Y":37.57928,
            "X":126.93165,
            "rank":85.0,
            "area_info":"22평(75.65), 22평(75.51), 22평(75.94), 32평(107.45)",
            "last_sales":"2021-11-04,71000.0,32평(107.45)"
        },
        {
            "index":396,
            "아파트명":"북한산삼부르네상스",
            "투자타입":"일반",
            "전용면적(m2)":"91.0",
            "전용면적(평)":"27평",
            "법정동주소":"서울시 서대문구 홍은동 8-1212",
            "도로명주소":"서울시 서대문구 포방터8길 30",
            "세대수":30,
            "입주년차":100,
            "용적률점수":"--",
            "건폐율점수":"--",
            "세대당주차수":0,
            "난방방식":30,
            "공급면적":"--",
            "전용률":"--",
            "욕실수":100,
            "현관타입":100,
            "주거총점":53.5,
            "지역구공급총점":0.0,
            "역세권":0,
            "30분내 이동가능 거점":20,
            "1시간내 이동가능 거점":90,
            "교통총점":24.0,
            "백화점":0,
            "아울렛몰":80,
            "대형마트":0,
            "은행":0,
            "병원":30,
            "종합병원":100,
            "공원":100,
            "혐오시설":0,
            "인프라총점":34.0,
            "초등학군":86.27,
            "중학군":58.64,
            "학군총점":64.166,
            "인구수":34.82,
            "인구증감":-8.93,
            "인구총점":21.695,
            "일자리":14.5,
            "소득수준":71.44,
            "일자리총점":31.582,
            "가치 총점":38.9249,
            "매매실거래년":"18000101",
            "매매실거래가":null,
            "전세실거래년":null,
            "전세실거래가":null,
            "전세가율":null,
            "장기전세가율평균":70.21,
            "전세가율거품지수":null,
            "검색코드":144579,
            "세대수":305.0,
            "준공년월":"2021-09-01",
            "준공년차":2.0,
            "가까운역이름":"녹번",
            "가까운역거리":1253.73,
            "역세권여부":"비역세권",
            "30분이내주요거점역":1,
            "1시간이내주요거점역":9,
            "3km이내백화점수":0,
            "5km이내아울렛몰수":1,
            "1km이내대형먀트수":0,
            "500m이내은행수":0,
            "500m이내병원수":5,
            "5km이내대형병원수":8,
            "500m이내공원수":2,
            "3km이내혐오시설수":0,
            "초등학교학업성취도":86.27,
            "중학교학업성취도":94.2,
            "용적률":0,
            "건폐율":0,
            "Y":37.600887,
            "X":126.949987,
            "rank":86.0,
            "area_info":"27평(91.0), 27평(91.0), 27평(91.0), 27평(91.0), 32평(105.97), 32평(105.97), 31평(105.44), 32평(105.97), 32평(108.83), 32평(108.83), 33평(111.82), 33평(111.82), 33평(112.11), 33평(112.11), 39평(130.63)",
            "last_sales":"1800-01-01,nan,27평(91.0)"
        },
        {
            "index":252,
            "아파트명":"홍연(1~12)",
            "투자타입":"재건축",
            "전용면적(m2)":"49.19",
            "전용면적(평)":"14평",
            "법정동주소":"서울시 서대문구 연희동 729",
            "도로명주소":"서울시 서대문구 홍제천로 172",
            "세대수":0,
            "입주년차":"--",
            "용적률점수":20,
            "건폐율점수":0,
            "세대당주차수":"--",
            "난방방식":"--",
            "공급면적":50,
            "전용률":80,
            "욕실수":"--",
            "현관타입":"--",
            "주거총점":14.5,
            "지역구공급총점":0.0,
            "역세권":0,
            "30분내 이동가능 거점":0,
            "1시간내 이동가능 거점":100,
            "교통총점":20.0,
            "백화점":100,
            "아울렛몰":80,
            "대형마트":0,
            "은행":0,
            "병원":30,
            "종합병원":100,
            "공원":100,
            "혐오시설":0,
            "인프라총점":64.0,
            "초등학군":87.73,
            "중학군":49.32,
            "학군총점":57.002,
            "인구수":34.82,
            "인구증감":-8.93,
            "인구총점":21.695,
            "일자리":14.5,
            "소득수준":71.44,
            "일자리총점":31.582,
            "가치 총점":37.6503,
            "매매실거래년":20210317.0,
            "매매실거래가":29300.0,
            "전세실거래년":20201213.0,
            "전세실거래가":9500.0,
            "전세가율":56.89,
            "장기전세가율평균":70.21,
            "전세가율거품지수":13.32,
            "검색코드":852,
            "세대수":191.0,
            "준공년월":"1981-04-15",
            "준공년차":42.0,
            "가까운역이름":"홍제",
            "가까운역거리":1714.3,
            "역세권여부":"비역세권",
            "30분이내주요거점역":0,
            "1시간이내주요거점역":12,
            "3km이내백화점수":1,
            "5km이내아울렛몰수":1,
            "1km이내대형먀트수":0,
            "500m이내은행수":1,
            "500m이내병원수":5,
            "5km이내대형병원수":5,
            "500m이내공원수":3,
            "3km이내혐오시설수":0,
            "초등학교학업성취도":87.73,
            "중학교학업성취도":80.0,
            "용적률":274,
            "건폐율":0,
            "Y":37.576732,
            "X":126.932064,
            "rank":87.0,
            "area_info":"14평(49.19), 18평(60.82), 18평(61.95), 19평(62.91), 21평(71.47), 28평(94.21), 29평(97.95)",
            "last_sales":"2021-03-17,29300.0,19평(62.91)"
        },
        {
            "index":350,
            "아파트명":"극동",
            "투자타입":"일반",
            "전용면적(m2)":"102.01",
            "전용면적(평)":"30평",
            "법정동주소":"서울시 서대문구 홍은동 454",
            "도로명주소":"서울시 서대문구 포방터10길 33",
            "세대수":50,
            "입주년차":0,
            "용적률점수":"--",
            "건폐율점수":"--",
            "세대당주차수":0,
            "난방방식":30,
            "공급면적":"--",
            "전용률":"--",
            "욕실수":100,
            "현관타입":100,
            "주거총점":40.5,
            "지역구공급총점":0.0,
            "역세권":0,
            "30분내 이동가능 거점":20,
            "1시간내 이동가능 거점":90,
            "교통총점":24.0,
            "백화점":0,
            "아울렛몰":80,
            "대형마트":0,
            "은행":0,
            "병원":10,
            "종합병원":100,
            "공원":80,
            "혐오시설":0,
            "인프라총점":31.4,
            "초등학군":85.99,
            "중학군":58.64,
            "학군총점":64.11,
            "인구수":34.82,
            "인구증감":-8.93,
            "인구총점":21.695,
            "일자리":14.5,
            "소득수준":71.44,
            "일자리총점":31.582,
            "가치 총점":35.5365,
            "매매실거래년":20211211.0,
            "매매실거래가":65000.0,
            "전세실거래년":20220114.0,
            "전세실거래가":35000.0,
            "전세가율":53.85,
            "장기전세가율평균":70.21,
            "전세가율거품지수":16.36,
            "검색코드":430,
            "세대수":488.0,
            "준공년월":"1995-11-02",
            "준공년차":28.0,
            "가까운역이름":"녹번",
            "가까운역거리":1365.27,
            "역세권여부":"비역세권",
            "30분이내주요거점역":1,
            "1시간이내주요거점역":9,
            "3km이내백화점수":0,
            "5km이내아울렛몰수":1,
            "1km이내대형먀트수":0,
            "500m이내은행수":0,
            "500m이내병원수":3,
            "5km이내대형병원수":8,
            "500m이내공원수":1,
            "3km이내혐오시설수":0,
            "초등학교학업성취도":85.99,
            "중학교학업성취도":94.2,
            "용적률":296,
            "건폐율":26,
            "Y":37.60305,
            "X":126.95102,
            "rank":88.0,
            "area_info":"30평(102.01), 31평(104.01), 54평(179.23)",
            "last_sales":"2021-12-11,65000.0,30평(102.01)"
        },
        {
            "index":470,
            "아파트명":"홍은풍림아이원",
            "투자타입":"일반",
            "전용면적(m2)":"115.17",
            "전용면적(평)":"34평",
            "법정동주소":"서울시 서대문구 홍은동 460",
            "도로명주소":"서울시 서대문구 홍은중앙로 149",
            "세대수":30,
            "입주년차":20,
            "용적률점수":"--",
            "건폐율점수":"--",
            "세대당주차수":60,
            "난방방식":30,
            "공급면적":"--",
            "전용률":"--",
            "욕실수":100,
            "현관타입":100,
            "주거총점":46.5,
            "지역구공급총점":0.0,
            "역세권":0,
            "30분내 이동가능 거점":0,
            "1시간내 이동가능 거점":70,
            "교통총점":14.0,
            "백화점":0,
            "아울렛몰":80,
            "대형마트":0,
            "은행":0,
            "병원":0,
            "종합병원":100,
            "공원":80,
            "혐오시설":0,
            "인프라총점":30.4,
            "초등학군":86.27,
            "중학군":58.64,
            "학군총점":64.166,
            "인구수":34.82,
            "인구증감":-8.93,
            "인구총점":21.695,
            "일자리":14.5,
            "소득수준":71.44,
            "일자리총점":31.582,
            "가치 총점":32.9449,
            "매매실거래년":20211004.0,
            "매매실거래가":97700.0,
            "전세실거래년":20211215.0,
            "전세실거래가":35700.0,
            "전세가율":49.58,
            "장기전세가율평균":70.21,
            "전세가율거품지수":20.63,
            "검색코드":10914,
            "세대수":333.0,
            "준공년월":"2002-11-22",
            "준공년차":21.0,
            "가까운역이름":"녹번",
            "가까운역거리":1139.54,
            "역세권여부":"비역세권",
            "30분이내주요거점역":0,
            "1시간이내주요거점역":7,
            "3km이내백화점수":0,
            "5km이내아울렛몰수":1,
            "1km이내대형먀트수":0,
            "500m이내은행수":0,
            "500m이내병원수":0,
            "5km이내대형병원수":7,
            "500m이내공원수":1,
            "3km이내혐오시설수":0,
            "초등학교학업성취도":86.27,
            "중학교학업성취도":94.2,
            "용적률":260,
            "건폐율":17,
            "Y":37.604087,
            "X":126.948061,
            "rank":89.0,
            "area_info":"34평(115.17), 45평(149.66), 50평(167.71), 52평(173.67)",
            "last_sales":"2021-10-04,97700.0,52평(173.67)"
        },
        {
            "index":353,
            "아파트명":"동일",
            "투자타입":"일반",
            "전용면적(m2)":"87.72",
            "전용면적(평)":"26평",
            "법정동주소":"서울시 서대문구 홍은동 457",
            "도로명주소":"서울시 서대문구 홍은중앙로 81",
            "세대수":0,
            "입주년차":0,
            "용적률점수":"--",
            "건폐율점수":"--",
            "세대당주차수":30,
            "난방방식":30,
            "공급면적":"--",
            "전용률":"--",
            "욕실수":50,
            "현관타입":50,
            "주거총점":17.5,
            "지역구공급총점":0.0,
            "역세권":0,
            "30분내 이동가능 거점":20,
            "1시간내 이동가능 거점":100,
            "교통총점":26.0,
            "백화점":0,
            "아울렛몰":0,
            "대형마트":0,
            "은행":0,
            "병원":30,
            "종합병원":100,
            "공원":100,
            "혐오시설":0,
            "인프라총점":26.0,
            "초등학군":86.27,
            "중학군":43.06,
            "학군총점":51.702,
            "인구수":34.82,
            "인구증감":-8.93,
            "인구총점":21.695,
            "일자리":14.5,
            "소득수준":71.44,
            "일자리총점":31.582,
            "가치 총점":28.1553,
            "매매실거래년":20210505.0,
            "매매실거래가":65500.0,
            "전세실거래년":20200314.0,
            "전세실거래가":27000.0,
            "전세가율":47.37,
            "장기전세가율평균":70.21,
            "전세가율거품지수":22.84,
            "검색코드":942,
            "세대수":101.0,
            "준공년월":"1997-10-08",
            "준공년차":26.0,
            "가까운역이름":"녹번",
            "가까운역거리":1005.51,
            "역세권여부":"비역세권",
            "30분이내주요거점역":1,
            "1시간이내주요거점역":11,
            "3km이내백화점수":0,
            "5km이내아울렛몰수":0,
            "1km이내대형먀트수":0,
            "500m이내은행수":0,
            "500m이내병원수":9,
            "5km이내대형병원수":7,
            "500m이내공원수":5,
            "3km이내혐오시설수":0,
            "초등학교학업성취도":86.27,
            "중학교학업성취도":71.1,
            "용적률":354,
            "건폐율":59,
            "Y":37.59847,
            "X":126.94674,
            "rank":90.0,
            "area_info":"26평(87.72), 28평(94.33), 33평(110.88), 38평(126.69)",
            "last_sales":"2021-05-05,65500.0,33평(110.88)"
        }
    ]
}