{
    "schema":{
        "fields":[
            {
                "name":"index",
                "type":"integer"
            },
            {
                "name":"아파트명",
                "type":"string"
            },
            {
                "name":"투자타입",
                "type":"string"
            },
            {
                "name":"전용면적(m2)",
                "type":"string"
            },
            {
                "name":"전용면적(평)",
                "type":"string"
            },
            {
                "name":"법정동주소",
                "type":"string"
            },
            {
                "name":"도로명주소",
                "type":"string"
            },
            {
                "name":"세대수",
                "type":"integer"
            },
            {
                "name":"입주년차",
                "type":"string"
            },
            {
                "name":"용적률점수",
                "type":"string"
            },
            {
                "name":"건폐율점수",
                "type":"string"
            },
            {
                "name":"세대당주차수",
                "type":"string"
            },
            {
                "name":"난방방식",
                "type":"string"
            },
            {
                "name":"공급면적",
                "type":"string"
            },
            {
                "name":"전용률",
                "type":"string"
            },
            {
                "name":"욕실수",
                "type":"string"
            },
            {
                "name":"현관타입",
                "type":"string"
            },
            {
                "name":"주거총점",
                "type":"number"
            },
            {
                "name":"지역구공급총점",
                "type":"number"
            },
            {
                "name":"역세권",
                "type":"integer"
            },
            {
                "name":"30분내 이동가능 거점",
                "type":"integer"
            },
            {
                "name":"1시간내 이동가능 거점",
                "type":"integer"
            },
            {
                "name":"교통총점",
                "type":"number"
            },
            {
                "name":"백화점",
                "type":"integer"
            },
            {
                "name":"아울렛몰",
                "type":"integer"
            },
            {
                "name":"대형마트",
                "type":"integer"
            },
            {
                "name":"은행",
                "type":"integer"
            },
            {
                "name":"병원",
                "type":"integer"
            },
            {
                "name":"종합병원",
                "type":"integer"
            },
            {
                "name":"공원",
                "type":"integer"
            },
            {
                "name":"혐오시설",
                "type":"integer"
            },
            {
                "name":"인프라총점",
                "type":"number"
            },
            {
                "name":"초등학군",
                "type":"number"
            },
            {
                "name":"중학군",
                "type":"number"
            },
            {
                "name":"학군총점",
                "type":"number"
            },
            {
                "name":"인구수",
                "type":"number"
            },
            {
                "name":"인구증감",
                "type":"number"
            },
            {
                "name":"인구총점",
                "type":"number"
            },
            {
                "name":"일자리",
                "type":"number"
            },
            {
                "name":"소득수준",
                "type":"number"
            },
            {
                "name":"일자리총점",
                "type":"number"
            },
            {
                "name":"가치 총점",
                "type":"number"
            },
            {
                "name":"매매실거래년",
                "type":"string"
            },
            {
                "name":"매매실거래가",
                "type":"number"
            },
            {
                "name":"전세실거래년",
                "type":"number"
            },
            {
                "name":"전세실거래가",
                "type":"number"
            },
            {
                "name":"전세가율",
                "type":"number"
            },
            {
                "name":"장기전세가율평균",
                "type":"number"
            },
            {
                "name":"전세가율거품지수",
                "type":"number"
            },
            {
                "name":"검색코드",
                "type":"integer"
            },
            {
                "name":"세대수",
                "type":"number"
            },
            {
                "name":"준공년월",
                "type":"string"
            },
            {
                "name":"준공년차",
                "type":"number"
            },
            {
                "name":"가까운역이름",
                "type":"string"
            },
            {
                "name":"가까운역거리",
                "type":"number"
            },
            {
                "name":"역세권여부",
                "type":"string"
            },
            {
                "name":"30분이내주요거점역",
                "type":"integer"
            },
            {
                "name":"1시간이내주요거점역",
                "type":"integer"
            },
            {
                "name":"3km이내백화점수",
                "type":"integer"
            },
            {
                "name":"5km이내아울렛몰수",
                "type":"integer"
            },
            {
                "name":"1km이내대형먀트수",
                "type":"integer"
            },
            {
                "name":"500m이내은행수",
                "type":"integer"
            },
            {
                "name":"500m이내병원수",
                "type":"integer"
            },
            {
                "name":"5km이내대형병원수",
                "type":"integer"
            },
            {
                "name":"500m이내공원수",
                "type":"integer"
            },
            {
                "name":"3km이내혐오시설수",
                "type":"integer"
            },
            {
                "name":"초등학교학업성취도",
                "type":"number"
            },
            {
                "name":"중학교학업성취도",
                "type":"number"
            },
            {
                "name":"용적률",
                "type":"integer"
            },
            {
                "name":"건폐율",
                "type":"integer"
            },
            {
                "name":"Y",
                "type":"number"
            },
            {
                "name":"X",
                "type":"number"
            },
            {
                "name":"rank",
                "type":"number"
            },
            {
                "name":"area_info",
                "type":"string"
            },
            {
                "name":"last_sales",
                "type":"string"
            }
        ],
        "primaryKey":[
            "index"
        ],
        "pandas_version":"1.4.0"
    },
    "data":[
        {
            "index":380,
            "아파트명":"신도림태영타운",
            "투자타입":"일반",
            "전용면적(m2)":"81.1",
            "전용면적(평)":"24평",
            "법정동주소":"서울시 구로구 구로동 1267",
            "도로명주소":"서울시 구로구 새말로 93",
            "세대수":90,
            "입주년차":20,
            "용적률점수":"--",
            "건폐율점수":"--",
            "세대당주차수":60,
            "난방방식":80,
            "공급면적":"--",
            "전용률":"--",
            "욕실수":50,
            "현관타입":100,
            "주거총점":67.5,
            "지역구공급총점":100.0,
            "역세권":80,
            "30분내 이동가능 거점":100,
            "1시간내 이동가능 거점":100,
            "교통총점":90.0,
            "백화점":100,
            "아울렛몰":100,
            "대형마트":100,
            "은행":100,
            "병원":80,
            "종합병원":100,
            "공원":100,
            "혐오시설":0,
            "인프라총점":96.0,
            "초등학군":82.31,
            "중학군":54.7,
            "학군총점":60.222,
            "인구수":45.37,
            "인구증감":-13.51,
            "인구총점":27.706,
            "일자리":29.7,
            "소득수준":57.74,
            "일자리총점":38.112,
            "가치 총점":82.8333,
            "매매실거래년":20211123.0,
            "매매실거래가":97000.0,
            "전세실거래년":20211213.0,
            "전세실거래가":43000.0,
            "전세가율":44.33,
            "장기전세가율평균":69.69,
            "전세가율거품지수":25.36,
            "검색코드":3204,
            "세대수":1252.0,
            "준공년월":"2000-12-22",
            "준공년차":23.0,
            "가까운역이름":"신도림",
            "가까운역거리":371.47,
            "역세권여부":"역세권",
            "30분이내주요거점역":5,
            "1시간이내주요거점역":18,
            "3km이내백화점수":4,
            "5km이내아울렛몰수":2,
            "1km이내대형먀트수":2,
            "500m이내은행수":5,
            "500m이내병원수":41,
            "5km이내대형병원수":15,
            "500m이내공원수":2,
            "3km이내혐오시설수":0,
            "초등학교학업성취도":82.31,
            "중학교학업성취도":89.9,
            "용적률":316,
            "건폐율":20,
            "Y":37.506025,
            "X":126.888815,
            "rank":1.0,
            "area_info":"24평(81.1), 32평(108.76), 38평(126.83), 50평(167.67), 62평(205.42)",
            "last_sales":"2021-11-23,97000.0,24평(81.1)"
        },
        {
            "index":457,
            "아파트명":"디큐브시티",
            "투자타입":"일반",
            "전용면적(m2)":"83.27",
            "전용면적(평)":"25평",
            "법정동주소":"서울시 구로구 신도림동 692",
            "도로명주소":"서울시 구로구 경인로 662",
            "세대수":50,
            "입주년차":60,
            "용적률점수":"--",
            "건폐율점수":"--",
            "세대당주차수":100,
            "난방방식":100,
            "공급면적":"--",
            "전용률":"--",
            "욕실수":100,
            "현관타입":100,
            "주거총점":74.5,
            "지역구공급총점":100.0,
            "역세권":80,
            "30분내 이동가능 거점":80,
            "1시간내 이동가능 거점":100,
            "교통총점":84.0,
            "백화점":100,
            "아울렛몰":100,
            "대형마트":100,
            "은행":70,
            "병원":80,
            "종합병원":100,
            "공원":100,
            "혐오시설":0,
            "인프라총점":93.0,
            "초등학군":82.31,
            "중학군":54.7,
            "학군총점":60.222,
            "인구수":45.37,
            "인구증감":-13.51,
            "인구총점":27.706,
            "일자리":29.7,
            "소득수준":57.74,
            "일자리총점":38.112,
            "가치 총점":81.2333,
            "매매실거래년":20211007.0,
            "매매실거래가":170000.0,
            "전세실거래년":20210930.0,
            "전세실거래가":55650.0,
            "전세가율":47.16,
            "장기전세가율평균":69.69,
            "전세가율거품지수":22.53,
            "검색코드":27310,
            "세대수":524.0,
            "준공년월":"2011-07-18",
            "준공년차":12.0,
            "가까운역이름":"신도림",
            "가까운역거리":257.16,
            "역세권여부":"역세권",
            "30분이내주요거점역":4,
            "1시간이내주요거점역":18,
            "3km이내백화점수":4,
            "5km이내아울렛몰수":2,
            "1km이내대형먀트수":2,
            "500m이내은행수":4,
            "500m이내병원수":54,
            "5km이내대형병원수":15,
            "500m이내공원수":3,
            "3km이내혐오시설수":0,
            "초등학교학업성취도":82.31,
            "중학교학업성취도":89.9,
            "용적률":0,
            "건폐율":0,
            "Y":37.508346,
            "X":126.888419,
            "rank":2.0,
            "area_info":"25평(83.27), 25평(84.7), 26평(85.99), 25평(85.63), 26평(86.5), 26평(86.64), 35평(118.98), 45평(149.87), 53평(175.62), 54평(181.06), 65평(215.16), 75평(249.25), 79평(262.67), 84평(280.71)",
            "last_sales":"2021-10-07,170000.0,54평(181.06)"
        },
        {
            "index":496,
            "아파트명":"신도림동아1차",
            "투자타입":"일반",
            "전용면적(m2)":"80.68",
            "전용면적(평)":"24평",
            "법정동주소":"서울시 구로구 신도림동 643",
            "도로명주소":"서울시 구로구 신도림로 87",
            "세대수":90,
            "입주년차":20,
            "용적률점수":"--",
            "건폐율점수":"--",
            "세대당주차수":60,
            "난방방식":30,
            "공급면적":"--",
            "전용률":"--",
            "욕실수":50,
            "현관타입":100,
            "주거총점":62.5,
            "지역구공급총점":100.0,
            "역세권":80,
            "30분내 이동가능 거점":100,
            "1시간내 이동가능 거점":100,
            "교통총점":90.0,
            "백화점":100,
            "아울렛몰":100,
            "대형마트":100,
            "은행":20,
            "병원":60,
            "종합병원":100,
            "공원":0,
            "혐오시설":0,
            "인프라총점":83.0,
            "초등학군":87.55,
            "중학군":54.7,
            "학군총점":61.27,
            "인구수":45.37,
            "인구증감":-13.51,
            "인구총점":27.706,
            "일자리":29.7,
            "소득수준":57.74,
            "일자리총점":38.112,
            "가치 총점":78.0905,
            "매매실거래년":20211119.0,
            "매매실거래가":109900.0,
            "전세실거래년":20220114.0,
            "전세실거래가":39000.0,
            "전세가율":35.49,
            "장기전세가율평균":69.69,
            "전세가율거품지수":34.2,
            "검색코드":1074,
            "세대수":1095.0,
            "준공년월":"1999-11-30",
            "준공년차":24.0,
            "가까운역이름":"도림천",
            "가까운역거리":346.93,
            "역세권여부":"역세권",
            "30분이내주요거점역":5,
            "1시간이내주요거점역":17,
            "3km이내백화점수":4,
            "5km이내아울렛몰수":2,
            "1km이내대형먀트수":2,
            "500m이내은행수":2,
            "500m이내병원수":22,
            "5km이내대형병원수":14,
            "500m이내공원수":0,
            "3km이내혐오시설수":0,
            "초등학교학업성취도":87.55,
            "중학교학업성취도":89.9,
            "용적률":395,
            "건폐율":22,
            "Y":37.511167,
            "X":126.882755,
            "rank":3.0,
            "area_info":"24평(80.68), 32평(108.04), 53평(178.32), 60평(200.02)",
            "last_sales":"2021-11-19,109900.0,24평(80.68)"
        },
        {
            "index":475,
            "아파트명":"신도림4차e-편한세상",
            "투자타입":"일반",
            "전용면적(m2)":"114.95",
            "전용면적(평)":"34평",
            "법정동주소":"서울시 구로구 신도림동 646",
            "도로명주소":"서울시 구로구 경인로65길 16-15",
            "세대수":80,
            "입주년차":20,
            "용적률점수":"--",
            "건폐율점수":"--",
            "세대당주차수":60,
            "난방방식":30,
            "공급면적":"--",
            "전용률":"--",
            "욕실수":100,
            "현관타입":100,
            "주거총점":64.0,
            "지역구공급총점":100.0,
            "역세권":80,
            "30분내 이동가능 거점":80,
            "1시간내 이동가능 거점":100,
            "교통총점":84.0,
            "백화점":100,
            "아울렛몰":100,
            "대형마트":100,
            "은행":20,
            "병원":80,
            "종합병원":100,
            "공원":100,
            "혐오시설":0,
            "인프라총점":88.0,
            "초등학군":87.55,
            "중학군":54.7,
            "학군총점":61.27,
            "인구수":45.37,
            "인구증감":-13.51,
            "인구총점":27.706,
            "일자리":29.7,
            "소득수준":57.74,
            "일자리총점":38.112,
            "가치 총점":77.7905,
            "매매실거래년":20211109.0,
            "매매실거래가":178000.0,
            "전세실거래년":20220108.0,
            "전세실거래가":70350.0,
            "전세가율":43.03,
            "장기전세가율평균":69.69,
            "전세가율거품지수":26.66,
            "검색코드":3356,
            "세대수":853.0,
            "준공년월":"2003-05-27",
            "준공년차":20.0,
            "가까운역이름":"신도림",
            "가까운역거리":438.16,
            "역세권여부":"역세권",
            "30분이내주요거점역":4,
            "1시간이내주요거점역":17,
            "3km이내백화점수":4,
            "5km이내아울렛몰수":2,
            "1km이내대형먀트수":2,
            "500m이내은행수":2,
            "500m이내병원수":35,
            "5km이내대형병원수":15,
            "500m이내공원수":3,
            "3km이내혐오시설수":0,
            "초등학교학업성취도":87.55,
            "중학교학업성취도":89.9,
            "용적률":249,
            "건폐율":13,
            "Y":37.511129,
            "X":126.887359,
            "rank":4.0,
            "area_info":"34평(114.95), 46평(152.21), 48평(161.44), 55평(181.96), 57평(191.05), 63평(210.16)",
            "last_sales":"2021-11-09,178000.0,46평(152.21)"
        },
        {
            "index":367,
            "아파트명":"신도림롯데",
            "투자타입":"일반",
            "전용면적(m2)":"80.96",
            "전용면적(평)":"24평",
            "법정동주소":"서울시 구로구 구로동 1263",
            "도로명주소":"서울시 구로구 새말로 31",
            "세대수":80,
            "입주년차":20,
            "용적률점수":"--",
            "건폐율점수":"--",
            "세대당주차수":30,
            "난방방식":30,
            "공급면적":"--",
            "전용률":"--",
            "욕실수":50,
            "현관타입":100,
            "주거총점":54.5,
            "지역구공급총점":100.0,
            "역세권":80,
            "30분내 이동가능 거점":100,
            "1시간내 이동가능 거점":100,
            "교통총점":90.0,
            "백화점":100,
            "아울렛몰":100,
            "대형마트":100,
            "은행":20,
            "병원":60,
            "종합병원":100,
            "공원":80,
            "혐오시설":0,
            "인프라총점":85.4,
            "초등학군":82.31,
            "중학군":54.7,
            "학군총점":60.222,
            "인구수":45.37,
            "인구증감":-13.51,
            "인구총점":27.706,
            "일자리":29.7,
            "소득수준":57.74,
            "일자리총점":38.112,
            "가치 총점":77.0533,
            "매매실거래년":20211125.0,
            "매매실거래가":78800.0,
            "전세실거래년":20211217.0,
            "전세실거래가":46000.0,
            "전세가율":55.42,
            "장기전세가율평균":69.69,
            "전세가율거품지수":14.27,
            "검색코드":132,
            "세대수":718.0,
            "준공년월":"1999-11-27",
            "준공년차":24.0,
            "가까운역이름":"구로",
            "가까운역거리":226.54,
            "역세권여부":"역세권",
            "30분이내주요거점역":6,
            "1시간이내주요거점역":17,
            "3km이내백화점수":4,
            "5km이내아울렛몰수":2,
            "1km이내대형먀트수":2,
            "500m이내은행수":2,
            "500m이내병원수":25,
            "5km이내대형병원수":15,
            "500m이내공원수":1,
            "3km이내혐오시설수":0,
            "초등학교학업성취도":82.31,
            "중학교학업성취도":89.9,
            "용적률":253,
            "건폐율":18,
            "Y":37.50347,
            "X":126.884476,
            "rank":5.0,
            "area_info":"24평(80.96), 24평(81.27), 32평(108.75), 48평(160.1), 63평(208.52)",
            "last_sales":"2021-11-25,78800.0,24평(81.27)"
        },
        {
            "index":484,
            "아파트명":"신도림SK뷰",
            "투자타입":"일반",
            "전용면적(m2)":"106.15",
            "전용면적(평)":"32평",
            "법정동주소":"서울시 구로구 신도림동 432-1",
            "도로명주소":"서울시 구로구 경인로 638",
            "세대수":30,
            "입주년차":40,
            "용적률점수":"--",
            "건폐율점수":"--",
            "세대당주차수":80,
            "난방방식":30,
            "공급면적":"--",
            "전용률":"--",
            "욕실수":100,
            "현관타입":100,
            "주거총점":53.5,
            "지역구공급총점":100.0,
            "역세권":80,
            "30분내 이동가능 거점":80,
            "1시간내 이동가능 거점":100,
            "교통총점":84.0,
            "백화점":100,
            "아울렛몰":100,
            "대형마트":100,
            "은행":70,
            "병원":80,
            "종합병원":100,
            "공원":100,
            "혐오시설":0,
            "인프라총점":93.0,
            "초등학군":82.31,
            "중학군":54.7,
            "학군총점":60.222,
            "인구수":45.37,
            "인구증감":-13.51,
            "인구총점":27.706,
            "일자리":29.7,
            "소득수준":57.74,
            "일자리총점":38.112,
            "가치 총점":77.0333,
            "매매실거래년":20210810.0,
            "매매실거래가":115000.0,
            "전세실거래년":20220111.0,
            "전세실거래가":51000.0,
            "전세가율":46.92,
            "장기전세가율평균":69.69,
            "전세가율거품지수":22.77,
            "검색코드":13085,
            "세대수":304.0,
            "준공년월":"2006-04-24",
            "준공년차":17.0,
            "가까운역이름":"신도림",
            "가까운역거리":468.87,
            "역세권여부":"역세권",
            "30분이내주요거점역":4,
            "1시간이내주요거점역":17,
            "3km이내백화점수":4,
            "5km이내아울렛몰수":2,
            "1km이내대형먀트수":2,
            "500m이내은행수":3,
            "500m이내병원수":50,
            "5km이내대형병원수":15,
            "500m이내공원수":3,
            "3km이내혐오시설수":0,
            "초등학교학업성취도":82.31,
            "중학교학업성취도":89.9,
            "용적률":564,
            "건폐율":33,
            "Y":37.506994,
            "X":126.886448,
            "rank":6.0,
            "area_info":"32평(106.15), 32평(106.18), 32평(106.19)",
            "last_sales":"2021-08-10,115000.0,32평(106.18)"
        },
        {
            "index":487,
            "아파트명":"신도림대림1,2차(e편한세상)",
            "투자타입":"일반",
            "전용면적(m2)":"78.56",
            "전용면적(평)":"23평",
            "법정동주소":"서울시 구로구 신도림동 642",
            "도로명주소":"서울시 구로구 신도림로 16",
            "세대수":100,
            "입주년차":20,
            "용적률점수":"--",
            "건폐율점수":"--",
            "세대당주차수":30,
            "난방방식":30,
            "공급면적":"--",
            "전용률":"--",
            "욕실수":50,
            "현관타입":100,
            "주거총점":61.5,
            "지역구공급총점":100.0,
            "역세권":80,
            "30분내 이동가능 거점":60,
            "1시간내 이동가능 거점":100,
            "교통총점":78.0,
            "백화점":100,
            "아울렛몰":100,
            "대형마트":100,
            "은행":70,
            "병원":60,
            "종합병원":100,
            "공원":0,
            "혐오시설":0,
            "인프라총점":88.0,
            "초등학군":85.42,
            "중학군":54.7,
            "학군총점":60.844,
            "인구수":45.37,
            "인구증감":-13.51,
            "인구총점":27.706,
            "일자리":29.7,
            "소득수준":57.74,
            "일자리총점":38.112,
            "가치 총점":75.1266,
            "매매실거래년":20210917.0,
            "매매실거래가":143500.0,
            "전세실거래년":20220112.0,
            "전세실거래가":37000.0,
            "전세가율":41.13,
            "장기전세가율평균":69.69,
            "전세가율거품지수":28.56,
            "검색코드":3354,
            "세대수":2298.0,
            "준공년월":"1999-11-27",
            "준공년차":24.0,
            "가까운역이름":"구로",
            "가까운역거리":341.09,
            "역세권여부":"역세권",
            "30분이내주요거점역":3,
            "1시간이내주요거점역":16,
            "3km이내백화점수":4,
            "5km이내아울렛몰수":2,
            "1km이내대형먀트수":2,
            "500m이내은행수":4,
            "500m이내병원수":21,
            "5km이내대형병원수":13,
            "500m이내공원수":0,
            "3km이내혐오시설수":0,
            "초등학교학업성취도":85.42,
            "중학교학업성취도":89.9,
            "용적률":316,
            "건폐율":19,
            "Y":37.505825,
            "X":126.880348,
            "rank":7.0,
            "area_info":"23평(78.56), 23평(78.42), 24평(82.54), 24평(82.5), 32평(108.54), 38평(126.59), 49평(163.51)",
            "last_sales":"2021-09-17,143500.0,49평(163.51)"
        },
        {
            "index":341,
            "아파트명":"삼성래미안",
            "투자타입":"일반",
            "전용면적(m2)":"74.84",
            "전용면적(평)":"22평",
            "법정동주소":"서울시 구로구 구로동 256-1",
            "도로명주소":"서울시 구로구 디지털로31길 90",
            "세대수":90,
            "입주년차":40,
            "용적률점수":"--",
            "건폐율점수":"--",
            "세대당주차수":30,
            "난방방식":30,
            "공급면적":"--",
            "전용률":"--",
            "욕실수":50,
            "현관타입":10,
            "주거총점":53.0,
            "지역구공급총점":100.0,
            "역세권":80,
            "30분내 이동가능 거점":80,
            "1시간내 이동가능 거점":100,
            "교통총점":84.0,
            "백화점":100,
            "아울렛몰":100,
            "대형마트":80,
            "은행":100,
            "병원":80,
            "종합병원":100,
            "공원":100,
            "혐오시설":0,
            "인프라총점":93.0,
            "초등학군":84.31,
            "중학군":38.22,
            "학군총점":47.438,
            "인구수":45.37,
            "인구증감":-13.51,
            "인구총점":27.706,
            "일자리":29.7,
            "소득수준":57.74,
            "일자리총점":38.112,
            "가치 총점":75.0157,
            "매매실거래년":20211226.0,
            "매매실거래가":101500.0,
            "전세실거래년":20211125.0,
            "전세실거래가":45000.0,
            "전세가율":55.21,
            "장기전세가율평균":69.69,
            "전세가율거품지수":14.48,
            "검색코드":8073,
            "세대수":1244.0,
            "준공년월":"2004-05-29",
            "준공년차":19.0,
            "가까운역이름":"남구로",
            "가까운역거리":449.26,
            "역세권여부":"역세권",
            "30분이내주요거점역":4,
            "1시간이내주요거점역":17,
            "3km이내백화점수":2,
            "5km이내아울렛몰수":2,
            "1km이내대형먀트수":1,
            "500m이내은행수":7,
            "500m이내병원수":40,
            "5km이내대형병원수":12,
            "500m이내공원수":3,
            "3km이내혐오시설수":0,
            "초등학교학업성취도":84.31,
            "중학교학업성취도":62.7,
            "용적률":318,
            "건폐율":22,
            "Y":37.487655,
            "X":126.891925,
            "rank":8.0,
            "area_info":"22평(74.84), 23평(77.06), 30평(100.42), 40평(132.93), 40평(134.16)",
            "last_sales":"2021-12-26,101500.0,30평(100.42)"
        },
        {
            "index":385,
            "아파트명":"신도림현대",
            "투자타입":"일반",
            "전용면적(m2)":"95.93",
            "전용면적(평)":"29평",
            "법정동주소":"서울시 구로구 구로동 560",
            "도로명주소":"서울시 구로구 새말로9길 45",
            "세대수":50,
            "입주년차":0,
            "용적률점수":"--",
            "건폐율점수":"--",
            "세대당주차수":0,
            "난방방식":30,
            "공급면적":"--",
            "전용률":"--",
            "욕실수":100,
            "현관타입":100,
            "주거총점":40.5,
            "지역구공급총점":100.0,
            "역세권":80,
            "30분내 이동가능 거점":100,
            "1시간내 이동가능 거점":100,
            "교통총점":90.0,
            "백화점":100,
            "아울렛몰":100,
            "대형마트":100,
            "은행":0,
            "병원":80,
            "종합병원":100,
            "공원":80,
            "혐오시설":0,
            "인프라총점":85.4,
            "초등학군":82.31,
            "중학군":54.7,
            "학군총점":60.222,
            "인구수":45.37,
            "인구증감":-13.51,
            "인구총점":27.706,
            "일자리":29.7,
            "소득수준":57.74,
            "일자리총점":38.112,
            "가치 총점":74.2533,
            "매매실거래년":20211001.0,
            "매매실거래가":97000.0,
            "전세실거래년":20220113.0,
            "전세실거래가":61000.0,
            "전세가율":62.89,
            "장기전세가율평균":69.69,
            "전세가율거품지수":6.8,
            "검색코드":9937,
            "세대수":450.0,
            "준공년월":"1994-01-21",
            "준공년차":29.0,
            "가까운역이름":"구로",
            "가까운역거리":417.12,
            "역세권여부":"역세권",
            "30분이내주요거점역":5,
            "1시간이내주요거점역":17,
            "3km이내백화점수":4,
            "5km이내아울렛몰수":2,
            "1km이내대형먀트수":2,
            "500m이내은행수":1,
            "500m이내병원수":33,
            "5km이내대형병원수":15,
            "500m이내공원수":1,
            "3km이내혐오시설수":0,
            "초등학교학업성취도":82.31,
            "중학교학업성취도":89.9,
            "용적률":300,
            "건폐율":20,
            "Y":37.504962,
            "X":126.886026,
            "rank":9.0,
            "area_info":"29평(95.93)",
            "last_sales":"2021-10-01,97000.0,29평(95.93)"
        },
        {
            "index":548,
            "아파트명":"신도림푸르지오3차",
            "투자타입":"일반",
            "전용면적(m2)":"101.29",
            "전용면적(평)":"30평",
            "법정동주소":"서울시 구로구 신도림동 435-10",
            "도로명주소":"서울시 구로구 경인로 619-3",
            "세대수":0,
            "입주년차":40,
            "용적률점수":"--",
            "건폐율점수":"--",
            "세대당주차수":60,
            "난방방식":30,
            "공급면적":"--",
            "전용률":"--",
            "욕실수":100,
            "현관타입":100,
            "주거총점":40.0,
            "지역구공급총점":100.0,
            "역세권":80,
            "30분내 이동가능 거점":80,
            "1시간내 이동가능 거점":100,
            "교통총점":84.0,
            "백화점":100,
            "아울렛몰":100,
            "대형마트":100,
            "은행":70,
            "병원":80,
            "종합병원":100,
            "공원":80,
            "혐오시설":0,
            "인프라총점":92.4,
            "초등학군":85.42,
            "중학군":54.7,
            "학군총점":60.844,
            "인구수":45.37,
            "인구증감":-13.51,
            "인구총점":27.706,
            "일자리":29.7,
            "소득수준":57.74,
            "일자리총점":38.112,
            "가치 총점":74.2466,
            "매매실거래년":20211004.0,
            "매매실거래가":116000.0,
            "전세실거래년":20211018.0,
            "전세실거래가":73000.0,
            "전세가율":62.93,
            "장기전세가율평균":69.69,
            "전세가율거품지수":6.76,
            "검색코드":22806,
            "세대수":118.0,
            "준공년월":"2007-09-20",
            "준공년차":16.0,
            "가까운역이름":"구로",
            "가까운역거리":469.84,
            "역세권여부":"역세권",
            "30분이내주요거점역":4,
            "1시간이내주요거점역":17,
            "3km이내백화점수":4,
            "5km이내아울렛몰수":2,
            "1km이내대형먀트수":2,
            "500m이내은행수":3,
            "500m이내병원수":38,
            "5km이내대형병원수":15,
            "500m이내공원수":1,
            "3km이내혐오시설수":0,
            "초등학교학업성취도":85.42,
            "중학교학업성취도":89.9,
            "용적률":502,
            "건폐율":50,
            "Y":37.506908,
            "X":126.884107,
            "rank":10.0,
            "area_info":"30평(101.29), 33평(110.19)",
            "last_sales":"2021-10-04,116000.0,30평(101.29)"
        },
        {
            "index":553,
            "아파트명":"우성1차",
            "투자타입":"재건축",
            "전용면적(m2)":"89.73",
            "전용면적(평)":"27평",
            "법정동주소":"서울시 구로구 신도림동 312-17",
            "도로명주소":"서울시 구로구 신도림로 110",
            "세대수":0,
            "입주년차":"--",
            "용적률점수":20,
            "건폐율점수":100,
            "세대당주차수":"--",
            "난방방식":"--",
            "공급면적":70,
            "전용률":80,
            "욕실수":"--",
            "현관타입":"--",
            "주거총점":35.5,
            "지역구공급총점":100.0,
            "역세권":80,
            "30분내 이동가능 거점":100,
            "1시간내 이동가능 거점":100,
            "교통총점":90.0,
            "백화점":100,
            "아울렛몰":100,
            "대형마트":100,
            "은행":20,
            "병원":80,
            "종합병원":100,
            "공원":100,
            "혐오시설":0,
            "인프라총점":88.0,
            "초등학군":87.55,
            "중학군":54.7,
            "학군총점":61.27,
            "인구수":45.37,
            "인구증감":-13.51,
            "인구총점":27.706,
            "일자리":29.7,
            "소득수준":57.74,
            "일자리총점":38.112,
            "가치 총점":74.1905,
            "매매실거래년":20211020.0,
            "매매실거래가":110000.0,
            "전세실거래년":20211015.0,
            "전세실거래가":48500.0,
            "전세가율":44.09,
            "장기전세가율평균":69.69,
            "전세가율거품지수":25.6,
            "검색코드":151,
            "세대수":169.0,
            "준공년월":"1992-12-04",
            "준공년차":31.0,
            "가까운역이름":"도림천",
            "가까운역거리":421.5,
            "역세권여부":"역세권",
            "30분이내주요거점역":6,
            "1시간이내주요거점역":17,
            "3km이내백화점수":4,
            "5km이내아울렛몰수":2,
            "1km이내대형먀트수":2,
            "500m이내은행수":2,
            "500m이내병원수":35,
            "5km이내대형병원수":14,
            "500m이내공원수":3,
            "3km이내혐오시설수":0,
            "초등학교학업성취도":87.55,
            "중학교학업성취도":89.9,
            "용적률":250,
            "건폐율":19,
            "Y":37.511559,
            "X":126.886086,
            "rank":11.0,
            "area_info":"27평(89.73), 26평(89.0), 31평(104.17)",
            "last_sales":"2021-10-20,110000.0,27평(89.73)"
        },
        {
            "index":503,
            "아파트명":"신도림동아3차",
            "투자타입":"일반",
            "전용면적(m2)":"81.63",
            "전용면적(평)":"24평",
            "법정동주소":"서울시 구로구 신도림동 645",
            "도로명주소":"서울시 구로구 신도림로 78",
            "세대수":80,
            "입주년차":20,
            "용적률점수":"--",
            "건폐율점수":"--",
            "세대당주차수":60,
            "난방방식":30,
            "공급면적":"--",
            "전용률":"--",
            "욕실수":100,
            "현관타입":100,
            "주거총점":64.0,
            "지역구공급총점":100.0,
            "역세권":50,
            "30분내 이동가능 거점":80,
            "1시간내 이동가능 거점":100,
            "교통총점":69.0,
            "백화점":100,
            "아울렛몰":100,
            "대형마트":100,
            "은행":70,
            "병원":80,
            "종합병원":100,
            "공원":100,
            "혐오시설":0,
            "인프라총점":93.0,
            "초등학군":87.55,
            "중학군":54.7,
            "학군총점":61.27,
            "인구수":45.37,
            "인구증감":-13.51,
            "인구총점":27.706,
            "일자리":29.7,
            "소득수준":57.74,
            "일자리총점":38.112,
            "가치 총점":74.0405,
            "매매실거래년":20211216.0,
            "매매실거래가":110500.0,
            "전세실거래년":20220112.0,
            "전세실거래가":44000.0,
            "전세가율":39.82,
            "장기전세가율평균":69.69,
            "전세가율거품지수":29.87,
            "검색코드":3210,
            "세대수":813.0,
            "준공년월":"2000-11-14",
            "준공년차":23.0,
            "가까운역이름":"도림천",
            "가까운역거리":506.49,
            "역세권여부":"준역세권",
            "30분이내주요거점역":4,
            "1시간이내주요거점역":17,
            "3km이내백화점수":4,
            "5km이내아울렛몰수":2,
            "1km이내대형먀트수":2,
            "500m이내은행수":3,
            "500m이내병원수":41,
            "5km이내대형병원수":14,
            "500m이내공원수":3,
            "3km이내혐오시설수":0,
            "초등학교학업성취도":87.55,
            "중학교학업성취도":89.9,
            "용적률":402,
            "건폐율":49,
            "Y":37.509883,
            "X":126.884234,
            "rank":12.0,
            "area_info":"24평(81.63), 32평(108.77), 41평(137.15), 50평(167.91), 60평(199.34)",
            "last_sales":"2021-12-16,110500.0,24평(81.63)"
        },
        {
            "index":533,
            "아파트명":"신도림아이파크(민간임대)",
            "투자타입":"일반",
            "전용면적(m2)":"79.31",
            "전용면적(평)":"23평",
            "법정동주소":"서울시 구로구 신도림동 693",
            "도로명주소":"서울시 구로구 경인로67길 33",
            "세대수":0,
            "입주년차":80,
            "용적률점수":"--",
            "건폐율점수":"--",
            "세대당주차수":30,
            "난방방식":30,
            "공급면적":"--",
            "전용률":"--",
            "욕실수":100,
            "현관타입":100,
            "주거총점":43.5,
            "지역구공급총점":100.0,
            "역세권":80,
            "30분내 이동가능 거점":80,
            "1시간내 이동가능 거점":100,
            "교통총점":84.0,
            "백화점":100,
            "아울렛몰":100,
            "대형마트":100,
            "은행":20,
            "병원":80,
            "종합병원":100,
            "공원":100,
            "혐오시설":0,
            "인프라총점":88.0,
            "초등학군":87.55,
            "중학군":54.7,
            "학군총점":61.27,
            "인구수":45.37,
            "인구증감":-13.51,
            "인구총점":27.706,
            "일자리":29.7,
            "소득수준":57.74,
            "일자리총점":38.112,
            "가치 총점":73.6905,
            "매매실거래년":"18000101",
            "매매실거래가":null,
            "전세실거래년":null,
            "전세실거래가":null,
            "전세가율":null,
            "장기전세가율평균":69.69,
            "전세가율거품지수":null,
            "검색코드":114516,
            "세대수":189.0,
            "준공년월":"2015-02-06",
            "준공년차":8.0,
            "가까운역이름":"신도림",
            "가까운역거리":362.03,
            "역세권여부":"역세권",
            "30분이내주요거점역":4,
            "1시간이내주요거점역":17,
            "3km이내백화점수":4,
            "5km이내아울렛몰수":2,
            "1km이내대형먀트수":2,
            "500m이내은행수":2,
            "500m이내병원수":38,
            "5km이내대형병원수":15,
            "500m이내공원수":3,
            "3km이내혐오시설수":0,
            "초등학교학업성취도":87.55,
            "중학교학업성취도":89.9,
            "용적률":269,
            "건폐율":26,
            "Y":37.511159,
            "X":126.888569,
            "rank":13.0,
            "area_info":"23평(79.31), 23평(79.01), 24평(79.62), 24평(80.2), 24평(80.37), 24평(80.59)",
            "last_sales":"1800-01-01,nan,23평(79.31)"
        },
        {
            "index":500,
            "아파트명":"신도림동아2차",
            "투자타입":"일반",
            "전용면적(m2)":"85.86",
            "전용면적(평)":"25평",
            "법정동주소":"서울시 구로구 신도림동 644",
            "도로명주소":"서울시 구로구 경인로 643",
            "세대수":50,
            "입주년차":20,
            "용적률점수":"--",
            "건폐율점수":"--",
            "세대당주차수":30,
            "난방방식":30,
            "공급면적":"--",
            "전용률":"--",
            "욕실수":50,
            "현관타입":10,
            "주거총점":35.0,
            "지역구공급총점":100.0,
            "역세권":80,
            "30분내 이동가능 거점":80,
            "1시간내 이동가능 거점":100,
            "교통총점":84.0,
            "백화점":100,
            "아울렛몰":100,
            "대형마트":100,
            "은행":70,
            "병원":80,
            "종합병원":100,
            "공원":100,
            "혐오시설":0,
            "인프라총점":93.0,
            "초등학군":87.55,
            "중학군":54.7,
            "학군총점":61.27,
            "인구수":45.37,
            "인구증감":-13.51,
            "인구총점":27.706,
            "일자리":29.7,
            "소득수준":57.74,
            "일자리총점":38.112,
            "가치 총점":73.4905,
            "매매실거래년":20211124.0,
            "매매실거래가":103700.0,
            "전세실거래년":20211211.0,
            "전세실거래가":52000.0,
            "전세가율":50.14,
            "장기전세가율평균":69.69,
            "전세가율거품지수":19.55,
            "검색코드":3209,
            "세대수":655.0,
            "준공년월":"2000-05-17",
            "준공년차":23.0,
            "가까운역이름":"신도림",
            "가까운역거리":483.9,
            "역세권여부":"역세권",
            "30분이내주요거점역":4,
            "1시간이내주요거점역":17,
            "3km이내백화점수":4,
            "5km이내아울렛몰수":2,
            "1km이내대형먀트수":2,
            "500m이내은행수":3,
            "500m이내병원수":45,
            "5km이내대형병원수":15,
            "500m이내공원수":3,
            "3km이내혐오시설수":0,
            "초등학교학업성취도":87.55,
            "중학교학업성취도":89.9,
            "용적률":388,
            "건폐율":31,
            "Y":37.509096,
            "X":126.885829,
            "rank":14.0,
            "area_info":"25평(85.86), 33평(109.49), 42평(139.6)",
            "last_sales":"2021-11-24,103700.0,25평(85.86)"
        },
        {
            "index":418,
            "아파트명":"한신휴플러스",
            "투자타입":"일반",
            "전용면적(m2)":"66.12",
            "전용면적(평)":"20평",
            "법정동주소":"서울시 구로구 구로동 1280",
            "도로명주소":"서울시 구로구 디지털로31길 120",
            "세대수":50,
            "입주년차":40,
            "용적률점수":"--",
            "건폐율점수":"--",
            "세대당주차수":30,
            "난방방식":30,
            "공급면적":"--",
            "전용률":"--",
            "욕실수":50,
            "현관타입":100,
            "주거총점":48.0,
            "지역구공급총점":100.0,
            "역세권":80,
            "30분내 이동가능 거점":80,
            "1시간내 이동가능 거점":100,
            "교통총점":84.0,
            "백화점":100,
            "아울렛몰":100,
            "대형마트":80,
            "은행":70,
            "병원":80,
            "종합병원":100,
            "공원":100,
            "혐오시설":0,
            "인프라총점":90.0,
            "초등학군":84.31,
            "중학군":38.22,
            "학군총점":47.438,
            "인구수":45.37,
            "인구증감":-13.51,
            "인구총점":27.706,
            "일자리":29.7,
            "소득수준":57.74,
            "일자리총점":38.112,
            "가치 총점":73.1157,
            "매매실거래년":20211123.0,
            "매매실거래가":70000.0,
            "전세실거래년":20220108.0,
            "전세실거래가":33600.0,
            "전세가율":46.73,
            "장기전세가율평균":69.69,
            "전세가율거품지수":22.96,
            "검색코드":18913,
            "세대수":498.0,
            "준공년월":"2007-05-17",
            "준공년차":16.0,
            "가까운역이름":"남구로",
            "가까운역거리":415.91,
            "역세권여부":"역세권",
            "30분이내주요거점역":4,
            "1시간이내주요거점역":17,
            "3km이내백화점수":1,
            "5km이내아울렛몰수":2,
            "1km이내대형먀트수":1,
            "500m이내은행수":3,
            "500m이내병원수":39,
            "5km이내대형병원수":12,
            "500m이내공원수":5,
            "3km이내혐오시설수":0,
            "초등학교학업성취도":84.31,
            "중학교학업성취도":62.7,
            "용적률":258,
            "건폐율":29,
            "Y":37.488697,
            "X":126.890587,
            "rank":15.0,
            "area_info":"20평(66.12), 20평(66.31), 23평(78.03), 32평(108.79)",
            "last_sales":"2021-11-23,70000.0,20평(66.31)"
        },
        {
            "index":317,
            "아파트명":"럭키",
            "투자타입":"재건축",
            "전용면적(m2)":"75.66",
            "전용면적(평)":"22평",
            "법정동주소":"서울시 구로구 구로동 1257",
            "도로명주소":"서울시 구로구 도림로 107",
            "세대수":50,
            "입주년차":"--",
            "용적률점수":20,
            "건폐율점수":80,
            "세대당주차수":"--",
            "난방방식":"--",
            "공급면적":50,
            "전용률":60,
            "욕실수":"--",
            "현관타입":"--",
            "주거총점":44.5,
            "지역구공급총점":100.0,
            "역세권":80,
            "30분내 이동가능 거점":100,
            "1시간내 이동가능 거점":100,
            "교통총점":90.0,
            "백화점":100,
            "아울렛몰":100,
            "대형마트":80,
            "은행":20,
            "병원":60,
            "종합병원":100,
            "공원":100,
            "혐오시설":0,
            "인프라총점":83.0,
            "초등학군":82.02,
            "중학군":38.22,
            "학군총점":46.98,
            "인구수":45.37,
            "인구증감":-13.51,
            "인구총점":27.706,
            "일자리":29.7,
            "소득수준":57.74,
            "일자리총점":38.112,
            "가치 총점":72.347,
            "매매실거래년":20210807.0,
            "매매실거래가":64000.0,
            "전세실거래년":20211205.0,
            "전세실거래가":31000.0,
            "전세가율":48.44,
            "장기전세가율평균":69.69,
            "전세가율거품지수":21.25,
            "검색코드":133,
            "세대수":427.0,
            "준공년월":"1992-06-25",
            "준공년차":31.0,
            "가까운역이름":"대림",
            "가까운역거리":195.21,
            "역세권여부":"역세권",
            "30분이내주요거점역":8,
            "1시간이내주요거점역":18,
            "3km이내백화점수":4,
            "5km이내아울렛몰수":2,
            "1km이내대형먀트수":1,
            "500m이내은행수":2,
            "500m이내병원수":29,
            "5km이내대형병원수":15,
            "500m이내공원수":2,
            "3km이내혐오시설수":0,
            "초등학교학업성취도":82.02,
            "중학교학업성취도":62.7,
            "용적률":262,
            "건폐율":21,
            "Y":37.49216,
            "X":126.893838,
            "rank":16.0,
            "area_info":"22평(75.66), 23평(78.95), 23평(78.93), 29평(96.26), 33평(111.75)",
            "last_sales":"2021-08-07,64000.0,22평(75.66)"
        },
        {
            "index":276,
            "아파트명":"구로현대",
            "투자타입":"재건축",
            "전용면적(m2)":"76.65",
            "전용면적(평)":"23평",
            "법정동주소":"서울시 구로구 구로동 1256",
            "도로명주소":"서울시 구로구 디지털로 319",
            "세대수":50,
            "입주년차":"--",
            "용적률점수":20,
            "건폐율점수":100,
            "세대당주차수":"--",
            "난방방식":"--",
            "공급면적":50,
            "전용률":60,
            "욕실수":"--",
            "현관타입":"--",
            "주거총점":48.5,
            "지역구공급총점":100.0,
            "역세권":80,
            "30분내 이동가능 거점":60,
            "1시간내 이동가능 거점":100,
            "교통총점":78.0,
            "백화점":100,
            "아울렛몰":100,
            "대형마트":80,
            "은행":100,
            "병원":80,
            "종합병원":100,
            "공원":80,
            "혐오시설":0,
            "인프라총점":92.4,
            "초등학군":82.27,
            "중학군":38.22,
            "학군총점":47.03,
            "인구수":45.37,
            "인구증감":-13.51,
            "인구총점":27.706,
            "일자리":29.7,
            "소득수준":57.74,
            "일자리총점":38.112,
            "가치 총점":71.7745,
            "매매실거래년":20211217.0,
            "매매실거래가":54000.0,
            "전세실거래년":20220115.0,
            "전세실거래가":31000.0,
            "전세가율":57.41,
            "장기전세가율평균":69.69,
            "전세가율거품지수":12.28,
            "검색코드":125,
            "세대수":591.0,
            "준공년월":"1992-05-18",
            "준공년차":31.0,
            "가까운역이름":"대림",
            "가까운역거리":495.86,
            "역세권여부":"역세권",
            "30분이내주요거점역":3,
            "1시간이내주요거점역":17,
            "3km이내백화점수":2,
            "5km이내아울렛몰수":2,
            "1km이내대형먀트수":1,
            "500m이내은행수":8,
            "500m이내병원수":33,
            "5km이내대형병원수":13,
            "500m이내공원수":1,
            "3km이내혐오시설수":0,
            "초등학교학업성취도":82.27,
            "중학교학업성취도":62.7,
            "용적률":250,
            "건폐율":19,
            "Y":37.488513,
            "X":126.895983,
            "rank":17.0,
            "area_info":"23평(76.65), 26평(86.81), 29평(98.14), 34평(114.75)",
            "last_sales":"2021-12-17,54000.0,23평(76.65)"
        },
        {
            "index":556,
            "아파트명":"우성2차",
            "투자타입":"일반",
            "전용면적(m2)":"101.49",
            "전용면적(평)":"30평",
            "법정동주소":"서울시 구로구 신도림동 639",
            "도로명주소":"서울시 구로구 신도림로 105",
            "세대수":0,
            "입주년차":0,
            "용적률점수":"--",
            "건폐율점수":"--",
            "세대당주차수":0,
            "난방방식":30,
            "공급면적":"--",
            "전용률":"--",
            "욕실수":100,
            "현관타입":100,
            "주거총점":23.0,
            "지역구공급총점":100.0,
            "역세권":80,
            "30분내 이동가능 거점":100,
            "1시간내 이동가능 거점":100,
            "교통총점":90.0,
            "백화점":100,
            "아울렛몰":100,
            "대형마트":100,
            "은행":20,
            "병원":80,
            "종합병원":100,
            "공원":100,
            "혐오시설":0,
            "인프라총점":88.0,
            "초등학군":87.55,
            "중학군":54.7,
            "학군총점":61.27,
            "인구수":45.37,
            "인구증감":-13.51,
            "인구총점":27.706,
            "일자리":29.7,
            "소득수준":57.74,
            "일자리총점":38.112,
            "가치 총점":71.6905,
            "매매실거래년":20210912.0,
            "매매실거래가":115500.0,
            "전세실거래년":20211220.0,
            "전세실거래가":44000.0,
            "전세가율":36.67,
            "장기전세가율평균":69.69,
            "전세가율거품지수":33.02,
            "검색코드":153,
            "세대수":239.0,
            "준공년월":"1996-11-28",
            "준공년차":27.0,
            "가까운역이름":"도림천",
            "가까운역거리":315.34,
            "역세권여부":"역세권",
            "30분이내주요거점역":5,
            "1시간이내주요거점역":17,
            "3km이내백화점수":4,
            "5km이내아울렛몰수":2,
            "1km이내대형먀트수":2,
            "500m이내은행수":2,
            "500m이내병원수":32,
            "5km이내대형병원수":14,
            "500m이내공원수":2,
            "3km이내혐오시설수":0,
            "초등학교학업성취도":87.55,
            "중학교학업성취도":89.9,
            "용적률":271,
            "건폐율":21,
            "Y":37.512454,
            "X":126.885496,
            "rank":18.0,
            "area_info":"30평(101.49), 30평(101.84)",
            "last_sales":"2021-09-12,115500.0,30평(101.84)"
        },
        {
            "index":233,
            "아파트명":"구로두산",
            "투자타입":"일반",
            "전용면적(m2)":"66.66",
            "전용면적(평)":"20평",
            "법정동주소":"서울시 구로구 구로동 1265",
            "도로명주소":"서울시 구로구 도림로 59",
            "세대수":90,
            "입주년차":0,
            "용적률점수":"--",
            "건폐율점수":"--",
            "세대당주차수":0,
            "난방방식":30,
            "공급면적":"--",
            "전용률":"--",
            "욕실수":50,
            "현관타입":10,
            "주거총점":40.5,
            "지역구공급총점":100.0,
            "역세권":80,
            "30분내 이동가능 거점":80,
            "1시간내 이동가능 거점":100,
            "교통총점":84.0,
            "백화점":100,
            "아울렛몰":100,
            "대형마트":80,
            "은행":70,
            "병원":80,
            "종합병원":100,
            "공원":100,
            "혐오시설":0,
            "인프라총점":90.0,
            "초등학군":84.31,
            "중학군":38.22,
            "학군총점":47.438,
            "인구수":45.37,
            "인구증감":-13.51,
            "인구총점":27.706,
            "일자리":29.7,
            "소득수준":57.74,
            "일자리총점":38.112,
            "가치 총점":71.6157,
            "매매실거래년":20211218.0,
            "매매실거래가":60000.0,
            "전세실거래년":20220118.0,
            "전세실거래가":23600.0,
            "전세가율":39.33,
            "장기전세가율평균":69.69,
            "전세가율거품지수":30.36,
            "검색코드":912,
            "세대수":1285.0,
            "준공년월":"1998-11-30",
            "준공년차":25.0,
            "가까운역이름":"남구로",
            "가까운역거리":414.51,
            "역세권여부":"역세권",
            "30분이내주요거점역":4,
            "1시간이내주요거점역":18,
            "3km이내백화점수":1,
            "5km이내아울렛몰수":2,
            "1km이내대형먀트수":1,
            "500m이내은행수":4,
            "500m이내병원수":48,
            "5km이내대형병원수":13,
            "500m이내공원수":5,
            "3km이내혐오시설수":0,
            "초등학교학업성취도":84.31,
            "중학교학업성취도":62.7,
            "용적률":354,
            "건폐율":24,
            "Y":37.489379,
            "X":126.889378,
            "rank":19.0,
            "area_info":"20평(66.66), 22평(75.5), 25평(83.91), 32평(108.06)",
            "last_sales":"2021-12-18,60000.0,20평(66.66)"
        },
        {
            "index":246,
            "아파트명":"구로우성",
            "투자타입":"재건축",
            "전용면적(m2)":"68.51",
            "전용면적(평)":"20평",
            "법정동주소":"서울시 구로구 구로동 23",
            "도로명주소":"서울시 구로구 공원로6가길 67",
            "세대수":30,
            "입주년차":"--",
            "용적률점수":80,
            "건폐율점수":80,
            "세대당주차수":"--",
            "난방방식":"--",
            "공급면적":50,
            "전용률":60,
            "욕실수":"--",
            "현관타입":"--",
            "주거총점":62.5,
            "지역구공급총점":100.0,
            "역세권":50,
            "30분내 이동가능 거점":80,
            "1시간내 이동가능 거점":100,
            "교통총점":69.0,
            "백화점":100,
            "아울렛몰":100,
            "대형마트":100,
            "은행":20,
            "병원":60,
            "종합병원":100,
            "공원":100,
            "혐오시설":0,
            "인프라총점":86.0,
            "초등학군":82.31,
            "중학군":54.7,
            "학군총점":60.222,
            "인구수":45.37,
            "인구증감":-13.51,
            "인구총점":27.706,
            "일자리":29.7,
            "소득수준":57.74,
            "일자리총점":38.112,
            "가치 총점":71.4833,
            "매매실거래년":20211117.0,
            "매매실거래가":98500.0,
            "전세실거래년":20211220.0,
            "전세실거래가":40000.0,
            "전세가율":48.48,
            "장기전세가율평균":69.69,
            "전세가율거품지수":21.21,
            "검색코드":1072,
            "세대수":344.0,
            "준공년월":"1985-06-28",
            "준공년차":38.0,
            "가까운역이름":"신도림",
            "가까운역거리":502.96,
            "역세권여부":"준역세권",
            "30분이내주요거점역":4,
            "1시간이내주요거점역":17,
            "3km이내백화점수":4,
            "5km이내아울렛몰수":2,
            "1km이내대형먀트수":2,
            "500m이내은행수":2,
            "500m이내병원수":21,
            "5km이내대형병원수":14,
            "500m이내공원수":2,
            "3km이내혐오시설수":0,
            "초등학교학업성취도":82.31,
            "중학교학업성취도":89.9,
            "용적률":178,
            "건폐율":23,
            "Y":37.504559,
            "X":126.889074,
            "rank":20.0,
            "area_info":"20평(68.51), 25평(85.78), 31평(103.3), 38평(127.46)",
            "last_sales":"2021-11-17,98500.0,25평(85.78)"
        },
        {
            "index":508,
            "아파트명":"신도림아르디에(도시형)",
            "투자타입":"일반",
            "전용면적(m2)":"24.98",
            "전용면적(평)":"7평",
            "법정동주소":"서울시 구로구 신도림동 695",
            "도로명주소":"서울시 구로구 경인로66길 19",
            "세대수":0,
            "입주년차":80,
            "용적률점수":"--",
            "건폐율점수":"--",
            "세대당주차수":0,
            "난방방식":30,
            "공급면적":"--",
            "전용률":"--",
            "욕실수":50,
            "현관타입":10,
            "주거총점":25.0,
            "지역구공급총점":100.0,
            "역세권":80,
            "30분내 이동가능 거점":80,
            "1시간내 이동가능 거점":100,
            "교통총점":84.0,
            "백화점":100,
            "아울렛몰":100,
            "대형마트":100,
            "은행":70,
            "병원":80,
            "종합병원":100,
            "공원":100,
            "혐오시설":0,
            "인프라총점":93.0,
            "초등학군":82.31,
            "중학군":54.7,
            "학군총점":60.222,
            "인구수":45.37,
            "인구증감":-13.51,
            "인구총점":27.706,
            "일자리":29.7,
            "소득수준":57.74,
            "일자리총점":38.112,
            "가치 총점":71.3333,
            "매매실거래년":20210816.0,
            "매매실거래가":39500.0,
            "전세실거래년":20181222.0,
            "전세실거래가":16000.0,
            "전세가율":null,
            "장기전세가율평균":69.69,
            "전세가율거품지수":null,
            "검색코드":123201,
            "세대수":149.0,
            "준공년월":"2018-11-02",
            "준공년차":5.0,
            "가까운역이름":"신도림",
            "가까운역거리":351.08,
            "역세권여부":"역세권",
            "30분이내주요거점역":4,
            "1시간이내주요거점역":17,
            "3km이내백화점수":4,
            "5km이내아울렛몰수":2,
            "1km이내대형먀트수":2,
            "500m이내은행수":4,
            "500m이내병원수":51,
            "5km이내대형병원수":15,
            "500m이내공원수":3,
            "3km이내혐오시설수":0,
            "초등학교학업성취도":82.31,
            "중학교학업성취도":89.9,
            "용적률":248,
            "건폐율":40,
            "Y":37.507375,
            "X":126.887697,
            "rank":21.0,
            "area_info":"7평(24.98), 9평(30.22), 9평(31.31), 9평(31.04), 9평(31.06), 9평(31.19), 10평(33.06), 10평(34.61), 10평(34.43), 10평(35.24), 10평(35.32), 10평(35.92), 11평(38.43), 11평(39.11), 12평(42.39), 15평(51.25), 15평(51.27), 15평(52.77), 16평(54.31), 16평(54.56), 19평(63.76), 19평(65.96), 20평(66.24), 21평(71.62), 24평(82.6)",
            "last_sales":"2021-08-16,39500.0,19평(65.96)"
        },
        {
            "index":481,
            "아파트명":"신도림5차e-편한세상",
            "투자타입":"일반",
            "전용면적(m2)":"107.67",
            "전용면적(평)":"32평",
            "법정동주소":"서울시 구로구 신도림동 647",
            "도로명주소":"서울시 구로구 신도림로 32",
            "세대수":30,
            "입주년차":20,
            "용적률점수":"--",
            "건폐율점수":"--",
            "세대당주차수":30,
            "난방방식":30,
            "공급면적":"--",
            "전용률":"--",
            "욕실수":100,
            "현관타입":100,
            "주거총점":42.0,
            "지역구공급총점":100.0,
            "역세권":80,
            "30분내 이동가능 거점":60,
            "1시간내 이동가능 거점":100,
            "교통총점":78.0,
            "백화점":100,
            "아울렛몰":100,
            "대형마트":100,
            "은행":70,
            "병원":60,
            "종합병원":100,
            "공원":0,
            "혐오시설":0,
            "인프라총점":88.0,
            "초등학군":85.42,
            "중학군":54.7,
            "학군총점":60.844,
            "인구수":45.37,
            "인구증감":-13.51,
            "인구총점":27.706,
            "일자리":29.7,
            "소득수준":57.74,
            "일자리총점":38.112,
            "가치 총점":71.2266,
            "매매실거래년":20210508.0,
            "매매실거래가":127500.0,
            "전세실거래년":20220114.0,
            "전세실거래가":56700.0,
            "전세가율":44.47,
            "장기전세가율평균":69.69,
            "전세가율거품지수":25.22,
            "검색코드":8714,
            "세대수":362.0,
            "준공년월":"2003-08-16",
            "준공년차":20.0,
            "가까운역이름":"구로",
            "가까운역거리":431.29,
            "역세권여부":"역세권",
            "30분이내주요거점역":3,
            "1시간이내주요거점역":15,
            "3km이내백화점수":4,
            "5km이내아울렛몰수":2,
            "1km이내대형먀트수":2,
            "500m이내은행수":4,
            "500m이내병원수":20,
            "5km이내대형병원수":13,
            "500m이내공원수":0,
            "3km이내혐오시설수":0,
            "초등학교학업성취도":85.42,
            "중학교학업성취도":89.9,
            "용적률":246,
            "건폐율":15,
            "Y":37.506805,
            "X":126.880796,
            "rank":22.0,
            "area_info":"32평(107.67)",
            "last_sales":"2021-05-08,127500.0,32평(107.67)"
        },
        {
            "index":482,
            "아파트명":"신도림7차e-편한세상",
            "투자타입":"일반",
            "전용면적(m2)":"107.87",
            "전용면적(평)":"32평",
            "법정동주소":"서울시 구로구 신도림동 649",
            "도로명주소":"서울시 구로구 신도림로 56-13",
            "세대수":50,
            "입주년차":40,
            "용적률점수":"--",
            "건폐율점수":"--",
            "세대당주차수":60,
            "난방방식":30,
            "공급면적":"--",
            "전용률":"--",
            "욕실수":100,
            "현관타입":100,
            "주거총점":57.5,
            "지역구공급총점":100.0,
            "역세권":50,
            "30분내 이동가능 거점":80,
            "1시간내 이동가능 거점":100,
            "교통총점":69.0,
            "백화점":100,
            "아울렛몰":100,
            "대형마트":100,
            "은행":70,
            "병원":60,
            "종합병원":100,
            "공원":0,
            "혐오시설":0,
            "인프라총점":88.0,
            "초등학군":85.42,
            "중학군":54.7,
            "학군총점":60.844,
            "인구수":45.37,
            "인구증감":-13.51,
            "인구총점":27.706,
            "일자리":29.7,
            "소득수준":57.74,
            "일자리총점":38.112,
            "가치 총점":71.1766,
            "매매실거래년":20211203.0,
            "매매실거래가":139000.0,
            "전세실거래년":20211225.0,
            "전세실거래가":57330.0,
            "전세가율":41.24,
            "장기전세가율평균":69.69,
            "전세가율거품지수":28.45,
            "검색코드":8919,
            "세대수":411.0,
            "준공년월":"2004-06-16",
            "준공년차":19.0,
            "가까운역이름":"구로",
            "가까운역거리":592.51,
            "역세권여부":"준역세권",
            "30분이내주요거점역":4,
            "1시간이내주요거점역":17,
            "3km이내백화점수":4,
            "5km이내아울렛몰수":2,
            "1km이내대형먀트수":2,
            "500m이내은행수":3,
            "500m이내병원수":28,
            "5km이내대형병원수":14,
            "500m이내공원수":0,
            "3km이내혐오시설수":0,
            "초등학교학업성취도":85.42,
            "중학교학업성취도":89.9,
            "용적률":293,
            "건폐율":20,
            "Y":37.508337,
            "X":126.882684,
            "rank":23.0,
            "area_info":"32평(107.87), 43평(145.34)",
            "last_sales":"2021-12-03,139000.0,32평(107.87)"
        },
        {
            "index":550,
            "아파트명":"신성은하수",
            "투자타입":"일반",
            "전용면적(m2)":"90.28",
            "전용면적(평)":"27평",
            "법정동주소":"서울시 구로구 신도림동 640",
            "도로명주소":"서울시 구로구 경인로66길 5",
            "세대수":0,
            "입주년차":0,
            "용적률점수":"--",
            "건폐율점수":"--",
            "세대당주차수":30,
            "난방방식":30,
            "공급면적":"--",
            "전용률":"--",
            "욕실수":50,
            "현관타입":10,
            "주거총점":13.5,
            "지역구공급총점":100.0,
            "역세권":80,
            "30분내 이동가능 거점":100,
            "1시간내 이동가능 거점":100,
            "교통총점":90.0,
            "백화점":100,
            "아울렛몰":100,
            "대형마트":100,
            "은행":70,
            "병원":80,
            "종합병원":100,
            "공원":100,
            "혐오시설":0,
            "인프라총점":93.0,
            "초등학군":82.31,
            "중학군":54.7,
            "학군총점":60.222,
            "인구수":45.37,
            "인구증감":-13.51,
            "인구총점":27.706,
            "일자리":29.7,
            "소득수준":57.74,
            "일자리총점":38.112,
            "가치 총점":71.1333,
            "매매실거래년":20210826.0,
            "매매실거래가":109500.0,
            "전세실거래년":20210728.0,
            "전세실거래가":32000.0,
            "전세가율":38.1,
            "장기전세가율평균":69.69,
            "전세가율거품지수":31.59,
            "검색코드":1075,
            "세대수":120.0,
            "준공년월":"1997-07-01",
            "준공년차":26.0,
            "가까운역이름":"신도림",
            "가까운역거리":365.66,
            "역세권여부":"역세권",
            "30분이내주요거점역":5,
            "1시간이내주요거점역":18,
            "3km이내백화점수":4,
            "5km이내아울렛몰수":2,
            "1km이내대형먀트수":2,
            "500m이내은행수":4,
            "500m이내병원수":54,
            "5km이내대형병원수":15,
            "500m이내공원수":3,
            "3km이내혐오시설수":0,
            "초등학교학업성취도":82.31,
            "중학교학업성취도":89.9,
            "용적률":290,
            "건폐율":25,
            "Y":37.507705,
            "X":126.887354,
            "rank":24.0,
            "area_info":"27평(90.28), 38평(127.28), 38평(128.11)",
            "last_sales":"2021-08-26,109500.0,38평(127.28)"
        },
        {
            "index":237,
            "아파트명":"구로두산위브",
            "투자타입":"일반",
            "전용면적(m2)":"53.61",
            "전용면적(평)":"16평",
            "법정동주소":"서울시 구로구 구로동 1278",
            "도로명주소":"서울시 구로구 디지털로31길 85",
            "세대수":50,
            "입주년차":40,
            "용적률점수":"--",
            "건폐율점수":"--",
            "세대당주차수":0,
            "난방방식":30,
            "공급면적":"--",
            "전용률":"--",
            "욕실수":50,
            "현관타입":100,
            "주거총점":43.5,
            "지역구공급총점":100.0,
            "역세권":80,
            "30분내 이동가능 거점":60,
            "1시간내 이동가능 거점":100,
            "교통총점":78.0,
            "백화점":100,
            "아울렛몰":100,
            "대형마트":80,
            "은행":100,
            "병원":80,
            "종합병원":100,
            "공원":100,
            "혐오시설":0,
            "인프라총점":93.0,
            "초등학군":84.31,
            "중학군":38.22,
            "학군총점":47.438,
            "인구수":45.37,
            "인구증감":-13.51,
            "인구총점":27.706,
            "일자리":29.7,
            "소득수준":57.74,
            "일자리총점":38.112,
            "가치 총점":71.0157,
            "매매실거래년":20211019.0,
            "매매실거래가":55800.0,
            "전세실거래년":20220117.0,
            "전세실거래가":30000.0,
            "전세가율":53.76,
            "장기전세가율평균":69.69,
            "전세가율거품지수":15.93,
            "검색코드":18914,
            "세대수":660.0,
            "준공년월":"2006-07-28",
            "준공년차":17.0,
            "가까운역이름":"남구로",
            "가까운역거리":280.13,
            "역세권여부":"역세권",
            "30분이내주요거점역":3,
            "1시간이내주요거점역":16,
            "3km이내백화점수":1,
            "5km이내아울렛몰수":2,
            "1km이내대형먀트수":1,
            "500m이내은행수":7,
            "500m이내병원수":41,
            "5km이내대형병원수":12,
            "500m이내공원수":4,
            "3km이내혐오시설수":0,
            "초등학교학업성취도":84.31,
            "중학교학업성취도":62.7,
            "용적률":252,
            "건폐율":18,
            "Y":37.486514,
            "X":126.890371,
            "rank":25.0,
            "area_info":"16평(53.61), 21평(69.7), 23평(77.08), 31평(103.3)",
            "last_sales":"2021-10-19,55800.0,16평(53.61)"
        },
        {
            "index":311,
            "아파트명":"대림우성2차",
            "투자타입":"재건축",
            "전용면적(m2)":"73.04",
            "전용면적(평)":"22평",
            "법정동주소":"서울시 구로구 구로동 120",
            "도로명주소":"서울시 구로구 도림천로 344",
            "세대수":0,
            "입주년차":"--",
            "용적률점수":80,
            "건폐율점수":20,
            "세대당주차수":"--",
            "난방방식":"--",
            "공급면적":50,
            "전용률":40,
            "욕실수":"--",
            "현관타입":"--",
            "주거총점":40.5,
            "지역구공급총점":100.0,
            "역세권":80,
            "30분내 이동가능 거점":100,
            "1시간내 이동가능 거점":100,
            "교통총점":90.0,
            "백화점":100,
            "아울렛몰":100,
            "대형마트":0,
            "은행":70,
            "병원":80,
            "종합병원":100,
            "공원":80,
            "혐오시설":0,
            "인프라총점":77.4,
            "초등학군":82.02,
            "중학군":41.68,
            "학군총점":49.748,
            "인구수":45.37,
            "인구증감":-13.51,
            "인구총점":27.706,
            "일자리":29.7,
            "소득수준":57.74,
            "일자리총점":38.112,
            "가치 총점":70.2822,
            "매매실거래년":20210910.0,
            "매매실거래가":50000.0,
            "전세실거래년":20211223.0,
            "전세실거래가":25000.0,
            "전세가율":50.0,
            "장기전세가율평균":69.69,
            "전세가율거품지수":19.69,
            "검색코드":1267,
            "세대수":118.0,
            "준공년월":"1987-12-11",
            "준공년차":36.0,
            "가까운역이름":"대림",
            "가까운역거리":199.83,
            "역세권여부":"역세권",
            "30분이내주요거점역":7,
            "1시간이내주요거점역":19,
            "3km이내백화점수":4,
            "5km이내아울렛몰수":2,
            "1km이내대형먀트수":0,
            "500m이내은행수":3,
            "500m이내병원수":34,
            "5km이내대형병원수":15,
            "500m이내공원수":1,
            "3km이내혐오시설수":0,
            "초등학교학업성취도":82.02,
            "중학교학업성취도":69.2,
            "용적률":151,
            "건폐율":41,
            "Y":37.493936,
            "X":126.893891,
            "rank":26.0,
            "area_info":"22평(73.04)",
            "last_sales":"2021-09-10,50000.0,22평(73.04)"
        },
        {
            "index":229,
            "아파트명":"경남아너스빌",
            "투자타입":"일반",
            "전용면적(m2)":"80.59",
            "전용면적(평)":"24평",
            "법정동주소":"서울시 구로구 구로동 1285",
            "도로명주소":"서울시 구로구 구로중앙로8길 41-23",
            "세대수":0,
            "입주년차":60,
            "용적률점수":"--",
            "건폐율점수":"--",
            "세대당주차수":30,
            "난방방식":30,
            "공급면적":"--",
            "전용률":"--",
            "욕실수":100,
            "현관타입":100,
            "주거총점":39.5,
            "지역구공급총점":100.0,
            "역세권":80,
            "30분내 이동가능 거점":100,
            "1시간내 이동가능 거점":100,
            "교통총점":90.0,
            "백화점":100,
            "아울렛몰":100,
            "대형마트":0,
            "은행":70,
            "병원":80,
            "종합병원":100,
            "공원":100,
            "혐오시설":0,
            "인프라총점":78.0,
            "초등학군":82.02,
            "중학군":41.68,
            "학군총점":49.748,
            "인구수":45.37,
            "인구증감":-13.51,
            "인구총점":27.706,
            "일자리":29.7,
            "소득수준":57.74,
            "일자리총점":38.112,
            "가치 총점":70.2622,
            "매매실거래년":20211218.0,
            "매매실거래가":86000.0,
            "전세실거래년":20210610.0,
            "전세실거래가":37800.0,
            "전세가율":56.42,
            "장기전세가율평균":69.69,
            "전세가율거품지수":13.27,
            "검색코드":100466,
            "세대수":129.0,
            "준공년월":"2009-05-19",
            "준공년차":14.0,
            "가까운역이름":"대림",
            "가까운역거리":255.83,
            "역세권여부":"역세권",
            "30분이내주요거점역":5,
            "1시간이내주요거점역":18,
            "3km이내백화점수":4,
            "5km이내아울렛몰수":2,
            "1km이내대형먀트수":0,
            "500m이내은행수":3,
            "500m이내병원수":49,
            "5km이내대형병원수":15,
            "500m이내공원수":2,
            "3km이내혐오시설수":0,
            "초등학교학업성취도":82.02,
            "중학교학업성취도":69.2,
            "용적률":215,
            "건폐율":19,
            "Y":37.493386,
            "X":126.892949,
            "rank":27.0,
            "area_info":"24평(80.59), 26평(88.38), 29평(97.2), 31평(103.44)",
            "last_sales":"2021-12-18,86000.0,31평(103.44)"
        },
        {
            "index":413,
            "아파트명":"중앙구로하이츠(685-124)",
            "투자타입":"재건축",
            "전용면적(m2)":"79.31",
            "전용면적(평)":"23평",
            "법정동주소":"서울시 구로구 구로동 685-124",
            "도로명주소":"서울시 구로구 구일로8길 92",
            "세대수":50,
            "입주년차":"--",
            "용적률점수":80,
            "건폐율점수":100,
            "세대당주차수":"--",
            "난방방식":"--",
            "공급면적":50,
            "전용률":60,
            "욕실수":"--",
            "현관타입":"--",
            "주거총점":72.5,
            "지역구공급총점":100.0,
            "역세권":80,
            "30분내 이동가능 거점":60,
            "1시간내 이동가능 거점":100,
            "교통총점":78.0,
            "백화점":100,
            "아울렛몰":100,
            "대형마트":0,
            "은행":0,
            "병원":30,
            "종합병원":100,
            "공원":80,
            "혐오시설":0,
            "인프라총점":65.4,
            "초등학군":86.28,
            "중학군":49.22,
            "학군총점":56.632,
            "인구수":45.37,
            "인구증감":-13.51,
            "인구총점":27.706,
            "일자리":29.7,
            "소득수준":57.74,
            "일자리총점":38.112,
            "가치 총점":69.9148,
            "매매실거래년":20211014.0,
            "매매실거래가":79000.0,
            "전세실거래년":20220104.0,
            "전세실거래가":24500.0,
            "전세가율":37.12,
            "장기전세가율평균":69.69,
            "전세가율거품지수":32.57,
            "검색코드":141,
            "세대수":579.0,
            "준공년월":"1987-11-17",
            "준공년차":36.0,
            "가까운역이름":"구일",
            "가까운역거리":454.97,
            "역세권여부":"역세권",
            "30분이내주요거점역":3,
            "1시간이내주요거점역":14,
            "3km이내백화점수":1,
            "5km이내아울렛몰수":2,
            "1km이내대형먀트수":0,
            "500m이내은행수":1,
            "500m이내병원수":8,
            "5km이내대형병원수":13,
            "500m이내공원수":1,
            "3km이내혐오시설수":0,
            "초등학교학업성취도":86.28,
            "중학교학업성취도":81.1,
            "용적률":217,
            "건폐율":18,
            "Y":37.497109,
            "X":126.875931,
            "rank":28.0,
            "area_info":"23평(79.31), 27평(91.3), 30평(101.99)",
            "last_sales":"2021-10-14,79000.0,30평(101.99)"
        },
        {
            "index":541,
            "아파트명":"신도림우성5차",
            "투자타입":"일반",
            "전용면적(m2)":"78.38",
            "전용면적(평)":"23평",
            "법정동주소":"서울시 구로구 신도림동 638",
            "도로명주소":"서울시 구로구 신도림로21길 21",
            "세대수":0,
            "입주년차":0,
            "용적률점수":"--",
            "건폐율점수":"--",
            "세대당주차수":0,
            "난방방식":30,
            "공급면적":"--",
            "전용률":"--",
            "욕실수":50,
            "현관타입":100,
            "주거총점":18.0,
            "지역구공급총점":100.0,
            "역세권":80,
            "30분내 이동가능 거점":100,
            "1시간내 이동가능 거점":100,
            "교통총점":90.0,
            "백화점":100,
            "아울렛몰":100,
            "대형마트":100,
            "은행":20,
            "병원":60,
            "종합병원":100,
            "공원":80,
            "혐오시설":0,
            "인프라총점":85.4,
            "초등학군":87.55,
            "중학군":54.7,
            "학군총점":61.27,
            "인구수":45.37,
            "인구증감":-13.51,
            "인구총점":27.706,
            "일자리":29.7,
            "소득수준":57.74,
            "일자리총점":38.112,
            "가치 총점":69.9105,
            "매매실거래년":20210821.0,
            "매매실거래가":105700.0,
            "전세실거래년":20211102.0,
            "전세실거래가":34650.0,
            "전세가율":50.22,
            "장기전세가율평균":69.69,
            "전세가율거품지수":19.47,
            "검색코드":150,
            "세대수":154.0,
            "준공년월":"1994-12-15",
            "준공년차":29.0,
            "가까운역이름":"도림천",
            "가까운역거리":221.08,
            "역세권여부":"역세권",
            "30분이내주요거점역":5,
            "1시간이내주요거점역":17,
            "3km이내백화점수":4,
            "5km이내아울렛몰수":2,
            "1km이내대형먀트수":2,
            "500m이내은행수":2,
            "500m이내병원수":22,
            "5km이내대형병원수":14,
            "500m이내공원수":1,
            "3km이내혐오시설수":0,
            "초등학교학업성취도":87.55,
            "중학교학업성취도":89.9,
            "용적률":237,
            "건폐율":26,
            "Y":37.512621,
            "X":126.884136,
            "rank":29.0,
            "area_info":"23평(78.38), 31평(104.11)",
            "last_sales":"2021-08-21,105700.0,31평(104.11)"
        },
        {
            "index":377,
            "아파트명":"신도림일신건영",
            "투자타입":"일반",
            "전용면적(m2)":"79.27",
            "전용면적(평)":"23평",
            "법정동주소":"서울시 구로구 구로동 1261",
            "도로명주소":"서울시 구로구 새말로9길 22",
            "세대수":0,
            "입주년차":0,
            "용적률점수":"--",
            "건폐율점수":"--",
            "세대당주차수":0,
            "난방방식":30,
            "공급면적":"--",
            "전용률":"--",
            "욕실수":50,
            "현관타입":100,
            "주거총점":18.0,
            "지역구공급총점":100.0,
            "역세권":80,
            "30분내 이동가능 거점":100,
            "1시간내 이동가능 거점":100,
            "교통총점":90.0,
            "백화점":100,
            "아울렛몰":100,
            "대형마트":100,
            "은행":0,
            "병원":80,
            "종합병원":100,
            "공원":80,
            "혐오시설":0,
            "인프라총점":85.4,
            "초등학군":82.31,
            "중학군":54.7,
            "학군총점":60.222,
            "인구수":45.37,
            "인구증감":-13.51,
            "인구총점":27.706,
            "일자리":29.7,
            "소득수준":57.74,
            "일자리총점":38.112,
            "가치 총점":69.7533,
            "매매실거래년":20210923.0,
            "매매실거래가":88000.0,
            "전세실거래년":20220116.0,
            "전세실거래가":42000.0,
            "전세가율":57.93,
            "장기전세가율평균":69.69,
            "전세가율거품지수":11.76,
            "검색코드":3203,
            "세대수":124.0,
            "준공년월":"1998-07-28",
            "준공년차":25.0,
            "가까운역이름":"구로",
            "가까운역거리":347.36,
            "역세권여부":"역세권",
            "30분이내주요거점역":5,
            "1시간이내주요거점역":17,
            "3km이내백화점수":4,
            "5km이내아울렛몰수":2,
            "1km이내대형먀트수":2,
            "500m이내은행수":1,
            "500m이내병원수":32,
            "5km이내대형병원수":15,
            "500m이내공원수":1,
            "3km이내혐오시설수":0,
            "초등학교학업성취도":82.31,
            "중학교학업성취도":89.9,
            "용적률":384,
            "건폐율":25,
            "Y":37.50368,
            "X":126.88582,
            "rank":30.0,
            "area_info":"23평(79.27), 23평(79.31), 33평(111.92)",
            "last_sales":"2021-09-23,88000.0,33평(111.92)"
        },
        {
            "index":558,
            "아파트명":"현대",
            "투자타입":"일반",
            "전용면적(m2)":"79.61",
            "전용면적(평)":"24평",
            "법정동주소":"서울시 구로구 신도림동 641",
            "도로명주소":"서울시 구로구 신도림로19길 16",
            "세대수":0,
            "입주년차":20,
            "용적률점수":"--",
            "건폐율점수":"--",
            "세대당주차수":0,
            "난방방식":30,
            "공급면적":"--",
            "전용률":"--",
            "욕실수":50,
            "현관타입":10,
            "주거총점":13.0,
            "지역구공급총점":100.0,
            "역세권":80,
            "30분내 이동가능 거점":100,
            "1시간내 이동가능 거점":100,
            "교통총점":90.0,
            "백화점":100,
            "아울렛몰":100,
            "대형마트":100,
            "은행":20,
            "병원":80,
            "종합병원":100,
            "공원":100,
            "혐오시설":0,
            "인프라총점":88.0,
            "초등학군":87.55,
            "중학군":54.7,
            "학군총점":61.27,
            "인구수":45.37,
            "인구증감":-13.51,
            "인구총점":27.706,
            "일자리":29.7,
            "소득수준":57.74,
            "일자리총점":38.112,
            "가치 총점":69.6905,
            "매매실거래년":20211020.0,
            "매매실거래가":114000.0,
            "전세실거래년":20211023.0,
            "전세실거래가":50000.0,
            "전세가율":60.98,
            "장기전세가율평균":69.69,
            "전세가율거품지수":8.71,
            "검색코드":3211,
            "세대수":260.0,
            "준공년월":"1999-04-13",
            "준공년차":24.0,
            "가까운역이름":"도림천",
            "가까운역거리":283.28,
            "역세권여부":"역세권",
            "30분이내주요거점역":5,
            "1시간이내주요거점역":17,
            "3km이내백화점수":4,
            "5km이내아울렛몰수":2,
            "1km이내대형먀트수":2,
            "500m이내은행수":2,
            "500m이내병원수":32,
            "5km이내대형병원수":14,
            "500m이내공원수":2,
            "3km이내혐오시설수":0,
            "초등학교학업성취도":87.55,
            "중학교학업성취도":89.9,
            "용적률":263,
            "건폐율":27,
            "Y":37.512074,
            "X":126.884359,
            "rank":31.0,
            "area_info":"24평(79.61), 25평(85.6), 29평(97.52), 30평(101.84), 33평(111.64), 34평(112.87)",
            "last_sales":"2021-10-20,114000.0,34평(112.87)"
        },
        {
            "index":539,
            "아파트명":"신도림우성3차",
            "투자타입":"일반",
            "전용면적(m2)":"102.58",
            "전용면적(평)":"31평",
            "법정동주소":"서울시 구로구 신도림동 637",
            "도로명주소":"서울시 구로구 신도림로21길 25",
            "세대수":0,
            "입주년차":0,
            "용적률점수":"--",
            "건폐율점수":"--",
            "세대당주차수":0,
            "난방방식":30,
            "공급면적":"--",
            "전용률":"--",
            "욕실수":100,
            "현관타입":100,
            "주거총점":23.0,
            "지역구공급총점":100.0,
            "역세권":80,
            "30분내 이동가능 거점":100,
            "1시간내 이동가능 거점":100,
            "교통총점":90.0,
            "백화점":100,
            "아울렛몰":100,
            "대형마트":100,
            "은행":0,
            "병원":30,
            "종합병원":100,
            "공원":80,
            "혐오시설":0,
            "인프라총점":80.4,
            "초등학군":87.55,
            "중학군":54.7,
            "학군총점":61.27,
            "인구수":45.37,
            "인구증감":-13.51,
            "인구총점":27.706,
            "일자리":29.7,
            "소득수준":57.74,
            "일자리총점":38.112,
            "가치 총점":69.4105,
            "매매실거래년":20210828.0,
            "매매실거래가":122000.0,
            "전세실거래년":20211124.0,
            "전세실거래가":50000.0,
            "전세가율":40.98,
            "장기전세가율평균":69.69,
            "전세가율거품지수":28.71,
            "검색코드":152,
            "세대수":284.0,
            "준공년월":"1993-12-13",
            "준공년차":30.0,
            "가까운역이름":"도림천",
            "가까운역거리":170.58,
            "역세권여부":"역세권",
            "30분이내주요거점역":5,
            "1시간이내주요거점역":17,
            "3km이내백화점수":4,
            "5km이내아울렛몰수":2,
            "1km이내대형먀트수":2,
            "500m이내은행수":0,
            "500m이내병원수":8,
            "5km이내대형병원수":14,
            "500m이내공원수":1,
            "3km이내혐오시설수":0,
            "초등학교학업성취도":87.55,
            "중학교학업성취도":89.9,
            "용적률":253,
            "건폐율":21,
            "Y":37.513271,
            "X":126.884217,
            "rank":32.0,
            "area_info":"31평(102.58), 31평(102.64)",
            "last_sales":"2021-08-28,122000.0,31평(102.58)"
        },
        {
            "index":359,
            "아파트명":"신구로자이",
            "투자타입":"일반",
            "전용면적(m2)":"111.27",
            "전용면적(평)":"33평",
            "법정동주소":"서울시 구로구 구로동 501",
            "도로명주소":"서울시 구로구 구로중앙로 134",
            "세대수":0,
            "입주년차":40,
            "용적률점수":"--",
            "건폐율점수":"--",
            "세대당주차수":60,
            "난방방식":30,
            "공급면적":"--",
            "전용률":"--",
            "욕실수":100,
            "현관타입":100,
            "주거총점":40.0,
            "지역구공급총점":100.0,
            "역세권":80,
            "30분내 이동가능 거점":80,
            "1시간내 이동가능 거점":100,
            "교통총점":84.0,
            "백화점":100,
            "아울렛몰":100,
            "대형마트":80,
            "은행":0,
            "병원":60,
            "종합병원":100,
            "공원":100,
            "혐오시설":0,
            "인프라총점":81.0,
            "초등학군":82.96,
            "중학군":42.24,
            "학군총점":50.384,
            "인구수":45.37,
            "인구증감":-13.51,
            "인구총점":27.706,
            "일자리":29.7,
            "소득수준":57.74,
            "일자리총점":38.112,
            "가치 총점":69.2576,
            "매매실거래년":20211207.0,
            "매매실거래가":98000.0,
            "전세실거래년":20201110.0,
            "전세실거래가":45000.0,
            "전세가율":45.92,
            "장기전세가율평균":69.69,
            "전세가율거품지수":23.77,
            "검색코드":17827,
            "세대수":299.0,
            "준공년월":"2007-05-11",
            "준공년차":16.0,
            "가까운역이름":"구로",
            "가까운역거리":416.27,
            "역세권여부":"역세권",
            "30분이내주요거점역":4,
            "1시간이내주요거점역":17,
            "3km이내백화점수":3,
            "5km이내아울렛몰수":2,
            "1km이내대형먀트수":1,
            "500m이내은행수":1,
            "500m이내병원수":19,
            "5km이내대형병원수":14,
            "500m이내공원수":2,
            "3km이내혐오시설수":0,
            "초등학교학업성취도":82.96,
            "중학교학업성취도":69.0,
            "용적률":637,
            "건폐율":54,
            "Y":37.499949,
            "X":126.88463,
            "rank":33.0,
            "area_info":"33평(111.27), 33평(111.22), 33평(111.18), 33평(111.12), 40평(133.5), 52평(175.17), 71평(236.78), 96평(318.73)",
            "last_sales":"2021-12-07,98000.0,33평(111.27)"
        },
        {
            "index":272,
            "아파트명":"구로한신1차",
            "투자타입":"재건축",
            "전용면적(m2)":"47.62",
            "전용면적(평)":"14평",
            "법정동주소":"서울시 구로구 구로동 642-9",
            "도로명주소":"서울시 구로구 구일로8길 63",
            "세대수":50,
            "입주년차":"--",
            "용적률점수":60,
            "건폐율점수":80,
            "세대당주차수":"--",
            "난방방식":"--",
            "공급면적":50,
            "전용률":60,
            "욕실수":"--",
            "현관타입":"--",
            "주거총점":60.5,
            "지역구공급총점":100.0,
            "역세권":80,
            "30분내 이동가능 거점":80,
            "1시간내 이동가능 거점":100,
            "교통총점":84.0,
            "백화점":100,
            "아울렛몰":100,
            "대형마트":0,
            "은행":0,
            "병원":30,
            "종합병원":100,
            "공원":0,
            "혐오시설":0,
            "인프라총점":63.0,
            "초등학군":86.28,
            "중학군":49.22,
            "학군총점":56.632,
            "인구수":45.37,
            "인구증감":-13.51,
            "인구총점":27.706,
            "일자리":29.7,
            "소득수준":57.74,
            "일자리총점":38.112,
            "가치 총점":68.8948,
            "매매실거래년":20211005.0,
            "매매실거래가":53000.0,
            "전세실거래년":20211223.0,
            "전세실거래가":18000.0,
            "전세가율":33.96,
            "장기전세가율평균":69.69,
            "전세가율거품지수":35.73,
            "검색코드":143,
            "세대수":488.0,
            "준공년월":"1988-12-17",
            "준공년차":35.0,
            "가까운역이름":"구일",
            "가까운역거리":261.63,
            "역세권여부":"역세권",
            "30분이내주요거점역":4,
            "1시간이내주요거점역":15,
            "3km이내백화점수":1,
            "5km이내아울렛몰수":2,
            "1km이내대형먀트수":0,
            "500m이내은행수":1,
            "500m이내병원수":7,
            "5km이내대형병원수":13,
            "500m이내공원수":0,
            "3km이내혐오시설수":0,
            "초등학교학업성취도":86.28,
            "중학교학업성취도":81.1,
            "용적률":239,
            "건폐율":23,
            "Y":37.496403,
            "X":126.873725,
            "rank":34.0,
            "area_info":"14평(47.62), 18평(60.46), 18평(61.5), 24평(80.83)",
            "last_sales":"2021-10-05,53000.0,14평(47.62)"
        },
        {
            "index":74,
            "아파트명":"한마을",
            "투자타입":"일반",
            "전용면적(m2)":"80.22",
            "전용면적(평)":"24평",
            "법정동주소":"서울시 구로구 개봉동 476",
            "도로명주소":"서울시 구로구 경인로 382",
            "세대수":100,
            "입주년차":20,
            "용적률점수":"--",
            "건폐율점수":"--",
            "세대당주차수":30,
            "난방방식":30,
            "공급면적":"--",
            "전용률":"--",
            "욕실수":50,
            "현관타입":100,
            "주거총점":61.5,
            "지역구공급총점":100.0,
            "역세권":80,
            "30분내 이동가능 거점":60,
            "1시간내 이동가능 거점":100,
            "교통총점":78.0,
            "백화점":100,
            "아울렛몰":100,
            "대형마트":0,
            "은행":20,
            "병원":80,
            "종합병원":100,
            "공원":0,
            "혐오시설":0,
            "인프라총점":70.0,
            "초등학군":83.87,
            "중학군":47.6,
            "학군총점":54.854,
            "인구수":45.37,
            "인구증감":-13.51,
            "인구총점":27.706,
            "일자리":29.7,
            "소득수준":57.74,
            "일자리총점":38.112,
            "가치 총점":68.8281,
            "매매실거래년":20211204.0,
            "매매실거래가":86000.0,
            "전세실거래년":20220108.0,
            "전세실거래가":48000.0,
            "전세가율":55.81,
            "장기전세가율평균":69.69,
            "전세가율거품지수":13.88,
            "검색코드":106,
            "세대수":1983.0,
            "준공년월":"1999-04-30",
            "준공년차":24.0,
            "가까운역이름":"개봉",
            "가까운역거리":330.37,
            "역세권여부":"역세권",
            "30분이내주요거점역":3,
            "1시간이내주요거점역":14,
            "3km이내백화점수":1,
            "5km이내아울렛몰수":2,
            "1km이내대형먀트수":0,
            "500m이내은행수":2,
            "500m이내병원수":33,
            "5km이내대형병원수":9,
            "500m이내공원수":0,
            "3km이내혐오시설수":0,
            "초등학교학업성취도":83.87,
            "중학교학업성취도":78.6,
            "용적률":335,
            "건폐율":20,
            "Y":37.49533,
            "X":126.862308,
            "rank":35.0,
            "area_info":"24평(80.22), 32평(107.57), 45평(150.33), 54평(181.25)",
            "last_sales":"2021-12-04,86000.0,24평(80.22)"
        },
        {
            "index":409,
            "아파트명":"이화우성",
            "투자타입":"일반",
            "전용면적(m2)":"85.69",
            "전용면적(평)":"25평",
            "법정동주소":"서울시 구로구 구로동 1260",
            "도로명주소":"서울시 구로구 도림로22길 8",
            "세대수":50,
            "입주년차":0,
            "용적률점수":"--",
            "건폐율점수":"--",
            "세대당주차수":0,
            "난방방식":30,
            "공급면적":"--",
            "전용률":"--",
            "욕실수":50,
            "현관타입":10,
            "주거총점":26.5,
            "지역구공급총점":100.0,
            "역세권":80,
            "30분내 이동가능 거점":80,
            "1시간내 이동가능 거점":100,
            "교통총점":84.0,
            "백화점":100,
            "아울렛몰":100,
            "대형마트":80,
            "은행":70,
            "병원":80,
            "종합병원":100,
            "공원":100,
            "혐오시설":0,
            "인프라총점":90.0,
            "초등학군":82.27,
            "중학군":38.22,
            "학군총점":47.03,
            "인구수":45.37,
            "인구증감":-13.51,
            "인구총점":27.706,
            "일자리":29.7,
            "소득수준":57.74,
            "일자리총점":38.112,
            "가치 총점":68.7545,
            "매매실거래년":20211022.0,
            "매매실거래가":98000.0,
            "전세실거래년":20211222.0,
            "전세실거래가":45000.0,
            "전세가율":67.16,
            "장기전세가율평균":69.69,
            "전세가율거품지수":2.53,
            "검색코드":136,
            "세대수":497.0,
            "준공년월":"1998-07-15",
            "준공년차":25.0,
            "가까운역이름":"대림",
            "가까운역거리":371.75,
            "역세권여부":"역세권",
            "30분이내주요거점역":4,
            "1시간이내주요거점역":18,
            "3km이내백화점수":2,
            "5km이내아울렛몰수":2,
            "1km이내대형먀트수":1,
            "500m이내은행수":3,
            "500m이내병원수":36,
            "5km이내대형병원수":13,
            "500m이내공원수":2,
            "3km이내혐오시설수":0,
            "초등학교학업성취도":82.27,
            "중학교학업성취도":62.7,
            "용적률":359,
            "건폐율":26,
            "Y":37.489954,
            "X":126.893983,
            "rank":36.0,
            "area_info":"25평(85.69), 32평(105.96), 36평(121.75), 42평(139.9)",
            "last_sales":"2021-10-22,98000.0,42평(139.9)"
        },
        {
            "index":165,
            "아파트명":"서울가든",
            "투자타입":"재건축",
            "전용면적(m2)":"74.97",
            "전용면적(평)":"22평",
            "법정동주소":"서울시 구로구 고척동 141-1",
            "도로명주소":"서울시 구로구 중앙로5길 62",
            "세대수":80,
            "입주년차":"--",
            "용적률점수":60,
            "건폐율점수":100,
            "세대당주차수":"--",
            "난방방식":"--",
            "공급면적":50,
            "전용률":60,
            "욕실수":"--",
            "현관타입":"--",
            "주거총점":73.5,
            "지역구공급총점":100.0,
            "역세권":50,
            "30분내 이동가능 거점":80,
            "1시간내 이동가능 거점":100,
            "교통총점":69.0,
            "백화점":100,
            "아울렛몰":100,
            "대형마트":0,
            "은행":20,
            "병원":60,
            "종합병원":100,
            "공원":80,
            "혐오시설":0,
            "인프라총점":70.4,
            "초등학군":91.39,
            "중학군":47.6,
            "학군총점":56.358,
            "인구수":45.37,
            "인구증감":-13.51,
            "인구총점":27.706,
            "일자리":29.7,
            "소득수준":57.74,
            "일자리총점":38.112,
            "가치 총점":68.4237,
            "매매실거래년":20211103.0,
            "매매실거래가":68000.0,
            "전세실거래년":20211023.0,
            "전세실거래가":21000.0,
            "전세가율":36.21,
            "장기전세가율평균":69.69,
            "전세가율거품지수":33.48,
            "검색코드":118,
            "세대수":715.0,
            "준공년월":"1989-07-25",
            "준공년차":34.0,
            "가까운역이름":"개봉",
            "가까운역거리":925.39,
            "역세권여부":"준역세권",
            "30분이내주요거점역":4,
            "1시간이내주요거점역":15,
            "3km이내백화점수":2,
            "5km이내아울렛몰수":2,
            "1km이내대형먀트수":0,
            "500m이내은행수":2,
            "500m이내병원수":22,
            "5km이내대형병원수":11,
            "500m이내공원수":1,
            "3km이내혐오시설수":0,
            "초등학교학업성취도":91.39,
            "중학교학업성취도":78.6,
            "용적률":231,
            "건폐율":19,
            "Y":37.50274,
            "X":126.860827,
            "rank":37.0,
            "area_info":"22평(74.97), 25평(82.89), 27평(92.3), 29평(96.7), 31평(103.23)",
            "last_sales":"2021-11-03,68000.0,25평(82.89)"
        },
        {
            "index":346,
            "아파트명":"삼전솔하임(도시형)",
            "투자타입":"일반",
            "전용면적(m2)":"22.24",
            "전용면적(평)":"6평",
            "법정동주소":"서울시 구로구 구로동 586-5",
            "도로명주소":"서울시 구로구 새말로 15",
            "세대수":0,
            "입주년차":60,
            "용적률점수":"--",
            "건폐율점수":"--",
            "세대당주차수":0,
            "난방방식":30,
            "공급면적":"--",
            "전용률":"--",
            "욕실수":50,
            "현관타입":10,
            "주거총점":21.0,
            "지역구공급총점":100.0,
            "역세권":80,
            "30분내 이동가능 거점":80,
            "1시간내 이동가능 거점":100,
            "교통총점":84.0,
            "백화점":100,
            "아울렛몰":100,
            "대형마트":100,
            "은행":70,
            "병원":60,
            "종합병원":100,
            "공원":80,
            "혐오시설":0,
            "인프라총점":90.4,
            "초등학군":85.42,
            "중학군":42.24,
            "학군총점":50.876,
            "인구수":45.37,
            "인구증감":-13.51,
            "인구총점":27.706,
            "일자리":29.7,
            "소득수준":57.74,
            "일자리총점":38.112,
            "가치 총점":68.3514,
            "매매실거래년":"18000101",
            "매매실거래가":null,
            "전세실거래년":null,
            "전세실거래가":null,
            "전세가율":null,
            "장기전세가율평균":69.69,
            "전세가율거품지수":null,
            "검색코드":106111,
            "세대수":106.0,
            "준공년월":"2012-12-24",
            "준공년차":11.0,
            "가까운역이름":"구로",
            "가까운역거리":100.99,
            "역세권여부":"역세권",
            "30분이내주요거점역":4,
            "1시간이내주요거점역":18,
            "3km이내백화점수":4,
            "5km이내아울렛몰수":2,
            "1km이내대형먀트수":2,
            "500m이내은행수":3,
            "500m이내병원수":26,
            "5km이내대형병원수":14,
            "500m이내공원수":1,
            "3km이내혐오시설수":0,
            "초등학교학업성취도":85.42,
            "중학교학업성취도":69.0,
            "용적률":518,
            "건폐율":49,
            "Y":37.502207,
            "X":126.882425,
            "rank":38.0,
            "area_info":"6평(22.24), 7평(24.61), 8평(27.91)",
            "last_sales":"1800-01-01,nan,6평(22.24)"
        },
        {
            "index":351,
            "아파트명":"성락",
            "투자타입":"재건축",
            "전용면적(m2)":"58.99",
            "전용면적(평)":"17평",
            "법정동주소":"서울시 구로구 구로동 145-23",
            "도로명주소":"서울시 구로구 도림로20길 30",
            "세대수":0,
            "입주년차":"--",
            "용적률점수":60,
            "건폐율점수":80,
            "세대당주차수":"--",
            "난방방식":"--",
            "공급면적":50,
            "전용률":60,
            "욕실수":"--",
            "현관타입":"--",
            "주거총점":45.5,
            "지역구공급총점":100.0,
            "역세권":50,
            "30분내 이동가능 거점":80,
            "1시간내 이동가능 거점":100,
            "교통총점":69.0,
            "백화점":100,
            "아울렛몰":100,
            "대형마트":80,
            "은행":100,
            "병원":80,
            "종합병원":100,
            "공원":100,
            "혐오시설":0,
            "인프라총점":93.0,
            "초등학군":82.27,
            "중학군":38.22,
            "학군총점":47.03,
            "인구수":45.37,
            "인구증감":-13.51,
            "인구총점":27.706,
            "일자리":29.7,
            "소득수준":57.74,
            "일자리총점":38.112,
            "가치 총점":68.2045,
            "매매실거래년":20200216.0,
            "매매실거래가":35000.0,
            "전세실거래년":20200520.0,
            "전세실거래가":15000.0,
            "전세가율":62.5,
            "장기전세가율평균":69.69,
            "전세가율거품지수":7.19,
            "검색코드":131,
            "세대수":132.0,
            "준공년월":"1988-03-26",
            "준공년차":35.0,
            "가까운역이름":"대림",
            "가까운역거리":553.91,
            "역세권여부":"준역세권",
            "30분이내주요거점역":4,
            "1시간이내주요거점역":18,
            "3km이내백화점수":2,
            "5km이내아울렛몰수":2,
            "1km이내대형먀트수":1,
            "500m이내은행수":6,
            "500m이내병원수":39,
            "5km이내대형병원수":12,
            "500m이내공원수":2,
            "3km이내혐오시설수":0,
            "초등학교학업성취도":82.27,
            "중학교학업성취도":62.7,
            "용적률":228,
            "건폐율":23,
            "Y":37.48854,
            "X":126.89293,
            "rank":39.0,
            "area_info":"17평(58.99), 23평(76.63), 25평(84.85)",
            "last_sales":"2020-02-16,35000.0,25평(84.85)"
        },
        {
            "index":543,
            "아파트명":"신도림크라운빌(도시형)",
            "투자타입":"일반",
            "전용면적(m2)":"32.49",
            "전용면적(평)":"9평",
            "법정동주소":"서울시 구로구 신도림동 694",
            "도로명주소":"서울시 구로구 경인로61길 21",
            "세대수":0,
            "입주년차":80,
            "용적률점수":"--",
            "건폐율점수":"--",
            "세대당주차수":0,
            "난방방식":30,
            "공급면적":"--",
            "전용률":"--",
            "욕실수":50,
            "현관타입":10,
            "주거총점":25.0,
            "지역구공급총점":100.0,
            "역세권":50,
            "30분내 이동가능 거점":100,
            "1시간내 이동가능 거점":100,
            "교통총점":75.0,
            "백화점":100,
            "아울렛몰":100,
            "대형마트":100,
            "은행":70,
            "병원":80,
            "종합병원":100,
            "공원":80,
            "혐오시설":0,
            "인프라총점":92.4,
            "초등학군":85.42,
            "중학군":54.7,
            "학군총점":60.844,
            "인구수":45.37,
            "인구증감":-13.51,
            "인구총점":27.706,
            "일자리":29.7,
            "소득수준":57.74,
            "일자리총점":38.112,
            "가치 총점":68.0966,
            "매매실거래년":"18000101",
            "매매실거래가":null,
            "전세실거래년":20200720.0,
            "전세실거래가":3000.0,
            "전세가율":null,
            "장기전세가율평균":69.69,
            "전세가율거품지수":null,
            "검색코드":113817,
            "세대수":232.0,
            "준공년월":"2015-09-16",
            "준공년차":8.0,
            "가까운역이름":"구로",
            "가까운역거리":555.09,
            "역세권여부":"준역세권",
            "30분이내주요거점역":5,
            "1시간이내주요거점역":18,
            "3km이내백화점수":4,
            "5km이내아울렛몰수":2,
            "1km이내대형먀트수":2,
            "500m이내은행수":3,
            "500m이내병원수":32,
            "5km이내대형병원수":14,
            "500m이내공원수":1,
            "3km이내혐오시설수":0,
            "초등학교학업성취도":85.42,
            "중학교학업성취도":89.9,
            "용적률":342,
            "건폐율":41,
            "Y":37.507746,
            "X":126.884062,
            "rank":40.0,
            "area_info":"9평(32.49), 9평(32.4), 9평(33.03), 19평(64.23), 21평(71.18)",
            "last_sales":"1800-01-01,nan,9평(32.49)"
        },
        {
            "index":241,
            "아파트명":"구로보람쉬움",
            "투자타입":"일반",
            "전용면적(m2)":"74.05",
            "전용면적(평)":"22평",
            "법정동주소":"서울시 구로구 구로동 1271",
            "도로명주소":"서울시 구로구 디지털로 318",
            "세대수":0,
            "입주년차":20,
            "용적률점수":"--",
            "건폐율점수":"--",
            "세대당주차수":30,
            "난방방식":30,
            "공급면적":"--",
            "전용률":"--",
            "욕실수":100,
            "현관타입":100,
            "주거총점":31.5,
            "지역구공급총점":100.0,
            "역세권":80,
            "30분내 이동가능 거점":60,
            "1시간내 이동가능 거점":100,
            "교통총점":78.0,
            "백화점":100,
            "아울렛몰":100,
            "대형마트":100,
            "은행":100,
            "병원":60,
            "종합병원":100,
            "공원":0,
            "혐오시설":0,
            "인프라총점":91.0,
            "초등학군":82.27,
            "중학군":38.22,
            "학군총점":47.03,
            "인구수":45.37,
            "인구증감":-13.51,
            "인구총점":27.706,
            "일자리":29.7,
            "소득수준":57.74,
            "일자리총점":38.112,
            "가치 총점":67.9545,
            "매매실거래년":20210728.0,
            "매매실거래가":78000.0,
            "전세실거래년":20201112.0,
            "전세실거래가":33600.0,
            "전세가율":72.26,
            "장기전세가율평균":69.69,
            "전세가율거품지수":-2.57,
            "검색코드":8319,
            "세대수":100.0,
            "준공년월":"2003-04-21",
            "준공년차":20.0,
            "가까운역이름":"구로디지털단지",
            "가까운역거리":394.15,
            "역세권여부":"역세권",
            "30분이내주요거점역":3,
            "1시간이내주요거점역":18,
            "3km이내백화점수":2,
            "5km이내아울렛몰수":2,
            "1km이내대형먀트수":3,
            "500m이내은행수":12,
            "500m이내병원수":29,
            "5km이내대형병원수":13,
            "500m이내공원수":0,
            "3km이내혐오시설수":0,
            "초등학교학업성취도":82.27,
            "중학교학업성취도":62.7,
            "용적률":349,
            "건폐율":24,
            "Y":37.486787,
            "X":126.897366,
            "rank":41.0,
            "area_info":"22평(74.05), 30평(99.52)",
            "last_sales":"2021-07-28,78000.0,30평(99.52)"
        },
        {
            "index":324,
            "아파트명":"보광",
            "투자타입":"재건축",
            "전용면적(m2)":"78.36",
            "전용면적(평)":"23평",
            "법정동주소":"서울시 구로구 구로동 440",
            "도로명주소":"서울시 구로구 가마산로 231",
            "세대수":30,
            "입주년차":"--",
            "용적률점수":100,
            "건폐율점수":100,
            "세대당주차수":"--",
            "난방방식":"--",
            "공급면적":50,
            "전용률":80,
            "욕실수":"--",
            "현관타입":"--",
            "주거총점":75.5,
            "지역구공급총점":100.0,
            "역세권":50,
            "30분내 이동가능 거점":40,
            "1시간내 이동가능 거점":100,
            "교통총점":57.0,
            "백화점":100,
            "아울렛몰":100,
            "대형마트":0,
            "은행":100,
            "병원":80,
            "종합병원":100,
            "공원":100,
            "혐오시설":0,
            "인프라총점":81.0,
            "초등학군":82.96,
            "중학군":41.68,
            "학군총점":49.936,
            "인구수":45.37,
            "인구증감":-13.51,
            "인구총점":27.706,
            "일자리":29.7,
            "소득수준":57.74,
            "일자리총점":38.112,
            "가치 총점":66.8404,
            "매매실거래년":20200606.0,
            "매매실거래가":68500.0,
            "전세실거래년":20210615.0,
            "전세실거래가":18000.0,
            "전세가율":40.0,
            "장기전세가율평균":69.69,
            "전세가율거품지수":29.69,
            "검색코드":127,
            "세대수":340.0,
            "준공년월":"1984-06-29",
            "준공년차":39.0,
            "가까운역이름":"구로",
            "가까운역거리":886.92,
            "역세권여부":"준역세권",
            "30분이내주요거점역":2,
            "1시간이내주요거점역":15,
            "3km이내백화점수":3,
            "5km이내아울렛몰수":2,
            "1km이내대형먀트수":0,
            "500m이내은행수":5,
            "500m이내병원수":35,
            "5km이내대형병원수":15,
            "500m이내공원수":2,
            "3km이내혐오시설수":0,
            "초등학교학업성취도":82.96,
            "중학교학업성취도":69.2,
            "용적률":98,
            "건폐율":19,
            "Y":37.495578,
            "X":126.885521,
            "rank":42.0,
            "area_info":"23평(78.36), 25평(82.78), 27평(91.98), 28평(94.08), 31평(104.56), 31평(104.97)",
            "last_sales":"2020-06-06,68500.0,31평(104.97)"
        },
        {
            "index":217,
            "아파트명":"한효",
            "투자타입":"재건축",
            "전용면적(m2)":"85.26",
            "전용면적(평)":"25평",
            "법정동주소":"서울시 구로구 고척동 52-332",
            "도로명주소":"서울시 구로구 중앙로5길 24",
            "세대수":0,
            "입주년차":"--",
            "용적률점수":80,
            "건폐율점수":100,
            "세대당주차수":"--",
            "난방방식":"--",
            "공급면적":70,
            "전용률":60,
            "욕실수":"--",
            "현관타입":"--",
            "주거총점":58.5,
            "지역구공급총점":100.0,
            "역세권":50,
            "30분내 이동가능 거점":80,
            "1시간내 이동가능 거점":100,
            "교통총점":69.0,
            "백화점":100,
            "아울렛몰":100,
            "대형마트":0,
            "은행":70,
            "병원":60,
            "종합병원":100,
            "공원":80,
            "혐오시설":0,
            "인프라총점":75.4,
            "초등학군":84.71,
            "중학군":47.6,
            "학군총점":55.022,
            "인구수":45.37,
            "인구증감":-13.51,
            "인구총점":27.706,
            "일자리":29.7,
            "소득수준":57.74,
            "일자리총점":38.112,
            "가치 총점":66.7233,
            "매매실거래년":20220103.0,
            "매매실거래가":65000.0,
            "전세실거래년":20210729.0,
            "전세실거래가":26000.0,
            "전세가율":40.0,
            "장기전세가율평균":69.69,
            "전세가율거품지수":29.69,
            "검색코드":123,
            "세대수":290.0,
            "준공년월":"1985-12-16",
            "준공년차":38.0,
            "가까운역이름":"개봉",
            "가까운역거리":793.41,
            "역세권여부":"준역세권",
            "30분이내주요거점역":4,
            "1시간이내주요거점역":15,
            "3km이내백화점수":1,
            "5km이내아울렛몰수":2,
            "1km이내대형먀트수":0,
            "500m이내은행수":4,
            "500m이내병원수":21,
            "5km이내대형병원수":11,
            "500m이내공원수":1,
            "3km이내혐오시설수":0,
            "초등학교학업성취도":84.71,
            "중학교학업성취도":78.6,
            "용적률":175,
            "건폐율":17,
            "Y":37.501263,
            "X":126.861878,
            "rank":43.0,
            "area_info":"25평(85.26), 27평(89.31), 27평(89.47), 26평(89.05), 28평(93.7), 28평(95.73), 30평(99.38), 31평(105.44), 33평(111.6), 33평(111.57)",
            "last_sales":"2022-01-03,65000.0,25평(85.26)"
        },
        {
            "index":124,
            "아파트명":"고척파크푸르지오",
            "투자타입":"일반",
            "전용면적(m2)":"82.22",
            "전용면적(평)":"24평",
            "법정동주소":"서울시 구로구 고척동 339",
            "도로명주소":"서울시 구로구 중앙로 121",
            "세대수":50,
            "입주년차":60,
            "용적률점수":"--",
            "건폐율점수":"--",
            "세대당주차수":60,
            "난방방식":30,
            "공급면적":"--",
            "전용률":"--",
            "욕실수":100,
            "현관타입":100,
            "주거총점":61.5,
            "지역구공급총점":100.0,
            "역세권":50,
            "30분내 이동가능 거점":80,
            "1시간내 이동가능 거점":100,
            "교통총점":69.0,
            "백화점":100,
            "아울렛몰":100,
            "대형마트":0,
            "은행":0,
            "병원":60,
            "종합병원":100,
            "공원":100,
            "혐오시설":0,
            "인프라총점":69.0,
            "초등학군":85.91,
            "중학군":57.22,
            "학군총점":62.958,
            "인구수":45.37,
            "인구증감":-13.51,
            "인구총점":27.706,
            "일자리":29.7,
            "소득수준":57.74,
            "일자리총점":38.112,
            "가치 총점":66.5937,
            "매매실거래년":20211106.0,
            "매매실거래가":103000.0,
            "전세실거래년":20220108.0,
            "전세실거래가":40000.0,
            "전세가율":38.83,
            "장기전세가율평균":69.69,
            "전세가율거품지수":30.86,
            "검색코드":25853,
            "세대수":662.0,
            "준공년월":"2009-05-26",
            "준공년차":14.0,
            "가까운역이름":"양천구청",
            "가까운역거리":860.62,
            "역세권여부":"준역세권",
            "30분이내주요거점역":4,
            "1시간이내주요거점역":13,
            "3km이내백화점수":2,
            "5km이내아울렛몰수":2,
            "1km이내대형먀트수":0,
            "500m이내은행수":0,
            "500m이내병원수":14,
            "5km이내대형병원수":12,
            "500m이내공원수":4,
            "3km이내혐오시설수":0,
            "초등학교학업성취도":85.91,
            "중학교학업성취도":94.1,
            "용적률":159,
            "건폐율":17,
            "Y":37.507589,
            "X":126.858174,
            "rank":44.0,
            "area_info":"24평(82.22), 32평(107.5), 42평(139.42)",
            "last_sales":"2021-11-06,103000.0,24평(82.22)"
        },
        {
            "index":227,
            "아파트명":"LG신도림자이",
            "투자타입":"일반",
            "전용면적(m2)":"117.96",
            "전용면적(평)":"35평",
            "법정동주소":"서울시 구로구 구로동 42",
            "도로명주소":"서울시 구로구 새말로18길 64",
            "세대수":0,
            "입주년차":40,
            "용적률점수":"--",
            "건폐율점수":"--",
            "세대당주차수":30,
            "난방방식":30,
            "공급면적":"--",
            "전용률":"--",
            "욕실수":100,
            "현관타입":100,
            "주거총점":35.5,
            "지역구공급총점":100.0,
            "역세권":50,
            "30분내 이동가능 거점":100,
            "1시간내 이동가능 거점":100,
            "교통총점":75.0,
            "백화점":100,
            "아울렛몰":100,
            "대형마트":100,
            "은행":20,
            "병원":60,
            "종합병원":100,
            "공원":80,
            "혐오시설":0,
            "인프라총점":85.4,
            "초등학군":82.31,
            "중학군":42.24,
            "학군총점":50.254,
            "인구수":45.37,
            "인구증감":-13.51,
            "인구총점":27.706,
            "일자리":29.7,
            "소득수준":57.74,
            "일자리총점":38.112,
            "가치 총점":66.5081,
            "매매실거래년":20210501.0,
            "매매실거래가":113000.0,
            "전세실거래년":20211229.0,
            "전세실거래가":48000.0,
            "전세가율":42.48,
            "장기전세가율평균":69.69,
            "전세가율거품지수":27.21,
            "검색코드":3353,
            "세대수":299.0,
            "준공년월":"2004-02-07",
            "준공년차":19.0,
            "가까운역이름":"신도림",
            "가까운역거리":583.14,
            "역세권여부":"준역세권",
            "30분이내주요거점역":5,
            "1시간이내주요거점역":17,
            "3km이내백화점수":4,
            "5km이내아울렛몰수":2,
            "1km이내대형먀트수":2,
            "500m이내은행수":2,
            "500m이내병원수":18,
            "5km이내대형병원수":14,
            "500m이내공원수":1,
            "3km이내혐오시설수":0,
            "초등학교학업성취도":82.31,
            "중학교학업성취도":69.0,
            "용적률":782,
            "건폐율":54,
            "Y":37.503504,
            "X":126.891917,
            "rank":45.0,
            "area_info":"35평(117.96), 38평(126.74)",
            "last_sales":"2021-05-01,113000.0,35평(117.96)"
        },
        {
            "index":397,
            "아파트명":"우민늘푸른",
            "투자타입":"일반",
            "전용면적(m2)":"82.9",
            "전용면적(평)":"25평",
            "법정동주소":"서울시 구로구 구로동 1279",
            "도로명주소":"서울시 구로구 도림로20길 50",
            "세대수":0,
            "입주년차":40,
            "용적률점수":"--",
            "건폐율점수":"--",
            "세대당주차수":30,
            "난방방식":30,
            "공급면적":"--",
            "전용률":"--",
            "욕실수":100,
            "현관타입":100,
            "주거총점":35.5,
            "지역구공급총점":100.0,
            "역세권":50,
            "30분내 이동가능 거점":80,
            "1시간내 이동가능 거점":100,
            "교통총점":69.0,
            "백화점":100,
            "아울렛몰":100,
            "대형마트":80,
            "은행":100,
            "병원":80,
            "종합병원":100,
            "공원":100,
            "혐오시설":0,
            "인프라총점":93.0,
            "초등학군":82.27,
            "중학군":38.22,
            "학군총점":47.03,
            "인구수":45.37,
            "인구증감":-13.51,
            "인구총점":27.706,
            "일자리":29.7,
            "소득수준":57.74,
            "일자리총점":38.112,
            "가치 총점":66.2045,
            "매매실거래년":20200711.0,
            "매매실거래가":59900.0,
            "전세실거래년":20210129.0,
            "전세실거래가":31000.0,
            "전세가율":57.73,
            "장기전세가율평균":69.69,
            "전세가율거품지수":11.96,
            "검색코드":13211,
            "세대수":111.0,
            "준공년월":"2004-10-08",
            "준공년차":19.0,
            "가까운역이름":"대림",
            "가까운역거리":557.36,
            "역세권여부":"준역세권",
            "30분이내주요거점역":4,
            "1시간이내주요거점역":17,
            "3km이내백화점수":2,
            "5km이내아울렛몰수":2,
            "1km이내대형먀트수":1,
            "500m이내은행수":9,
            "500m이내병원수":42,
            "5km이내대형병원수":12,
            "500m이내공원수":2,
            "3km이내혐오시설수":0,
            "초등학교학업성취도":82.27,
            "중학교학업성취도":62.7,
            "용적률":248,
            "건폐율":24,
            "Y":37.488135,
            "X":126.894135,
            "rank":46.0,
            "area_info":"25평(82.9), 25평(83.81), 29평(98.48), 32평(106.19)",
            "last_sales":"2020-07-11,59900.0,29평(98.48)"
        },
        {
            "index":189,
            "아파트명":"우성현대",
            "투자타입":"재건축",
            "전용면적(m2)":"78.39",
            "전용면적(평)":"23평",
            "법정동주소":"서울시 구로구 고척동 76-55",
            "도로명주소":"서울시 구로구 중앙로1길 18-19",
            "세대수":50,
            "입주년차":"--",
            "용적률점수":80,
            "건폐율점수":80,
            "세대당주차수":"--",
            "난방방식":"--",
            "공급면적":50,
            "전용률":60,
            "욕실수":"--",
            "현관타입":"--",
            "주거총점":68.5,
            "지역구공급총점":100.0,
            "역세권":50,
            "30분내 이동가능 거점":60,
            "1시간내 이동가능 거점":100,
            "교통총점":63.0,
            "백화점":100,
            "아울렛몰":100,
            "대형마트":0,
            "은행":70,
            "병원":60,
            "종합병원":100,
            "공원":0,
            "혐오시설":0,
            "인프라총점":73.0,
            "초등학군":84.71,
            "중학군":47.6,
            "학군총점":55.022,
            "인구수":45.37,
            "인구증감":-13.51,
            "인구총점":27.706,
            "일자리":29.7,
            "소득수준":57.74,
            "일자리총점":38.112,
            "가치 총점":65.9033,
            "매매실거래년":20210808.0,
            "매매실거래가":72500.0,
            "전세실거래년":20211231.0,
            "전세실거래가":21000.0,
            "전세가율":35.0,
            "장기전세가율평균":69.69,
            "전세가율거품지수":34.69,
            "검색코드":1063,
            "세대수":440.0,
            "준공년월":"1987-11-19",
            "준공년차":36.0,
            "가까운역이름":"개봉",
            "가까운역거리":588.71,
            "역세권여부":"준역세권",
            "30분이내주요거점역":3,
            "1시간이내주요거점역":14,
            "3km이내백화점수":1,
            "5km이내아울렛몰수":2,
            "1km이내대형먀트수":0,
            "500m이내은행수":3,
            "500m이내병원수":22,
            "5km이내대형병원수":11,
            "500m이내공원수":0,
            "3km이내혐오시설수":0,
            "초등학교학업성취도":84.71,
            "중학교학업성취도":78.6,
            "용적률":217,
            "건폐율":20,
            "Y":37.498856,
            "X":126.862639,
            "rank":47.0,
            "area_info":"23평(78.39), 27평(91.76), 31평(104.45)",
            "last_sales":"2021-08-08,72500.0,27평(91.76)"
        },
        {
            "index":250,
            "아파트명":"구로주공1차",
            "투자타입":"재건축",
            "전용면적(m2)":"92.43",
            "전용면적(평)":"27평",
            "법정동주소":"서울시 구로구 구로동 685-222",
            "도로명주소":"서울시 구로구 구일로4길 65",
            "세대수":90,
            "입주년차":"--",
            "용적률점수":80,
            "건폐율점수":100,
            "세대당주차수":"--",
            "난방방식":"--",
            "공급면적":70,
            "전용률":80,
            "욕실수":"--",
            "현관타입":"--",
            "주거총점":86.5,
            "지역구공급총점":100.0,
            "역세권":50,
            "30분내 이동가능 거점":40,
            "1시간내 이동가능 거점":100,
            "교통총점":57.0,
            "백화점":100,
            "아울렛몰":100,
            "대형마트":0,
            "은행":0,
            "병원":60,
            "종합병원":100,
            "공원":0,
            "혐오시설":0,
            "인프라총점":66.0,
            "초등학군":86.28,
            "중학군":49.22,
            "학군총점":56.632,
            "인구수":45.37,
            "인구증감":-13.51,
            "인구총점":27.706,
            "일자리":29.7,
            "소득수준":57.74,
            "일자리총점":38.112,
            "가치 총점":65.5448,
            "매매실거래년":20210924.0,
            "매매실거래가":107000.0,
            "전세실거래년":20220106.0,
            "전세실거래가":27000.0,
            "전세가율":32.34,
            "장기전세가율평균":69.69,
            "전세가율거품지수":37.35,
            "검색코드":137,
            "세대수":1400.0,
            "준공년월":"1986-06-30",
            "준공년차":37.0,
            "가까운역이름":"구일",
            "가까운역거리":568.82,
            "역세권여부":"준역세권",
            "30분이내주요거점역":2,
            "1시간이내주요거점역":11,
            "3km이내백화점수":1,
            "5km이내아울렛몰수":2,
            "1km이내대형먀트수":0,
            "500m이내은행수":1,
            "500m이내병원수":12,
            "5km이내대형병원수":14,
            "500m이내공원수":0,
            "3km이내혐오시설수":0,
            "초등학교학업성취도":86.28,
            "중학교학업성취도":81.1,
            "용적률":153,
            "건폐율":11,
            "Y":37.494448,
            "X":126.876547,
            "rank":48.0,
            "area_info":"27평(92.43), 29평(96.07), 31평(105.21), 32평(106.47), 33평(110.17), 33평(110.64)",
            "last_sales":"2021-09-24,107000.0,33평(110.64)"
        },
        {
            "index":264,
            "아파트명":"구로중앙하이츠(1269)",
            "투자타입":"일반",
            "전용면적(m2)":"85.07",
            "전용면적(평)":"25평",
            "법정동주소":"서울시 구로구 구로동 1269",
            "도로명주소":"서울시 구로구 구로동로47길 24",
            "세대수":50,
            "입주년차":20,
            "용적률점수":"--",
            "건폐율점수":"--",
            "세대당주차수":30,
            "난방방식":30,
            "공급면적":"--",
            "전용률":"--",
            "욕실수":50,
            "현관타입":100,
            "주거총점":44.0,
            "지역구공급총점":100.0,
            "역세권":80,
            "30분내 이동가능 거점":60,
            "1시간내 이동가능 거점":100,
            "교통총점":78.0,
            "백화점":100,
            "아울렛몰":100,
            "대형마트":0,
            "은행":0,
            "병원":60,
            "종합병원":100,
            "공원":100,
            "혐오시설":0,
            "인프라총점":69.0,
            "초등학군":82.96,
            "중학군":49.22,
            "학군총점":55.968,
            "인구수":45.37,
            "인구증감":-13.51,
            "인구총점":27.706,
            "일자리":29.7,
            "소득수준":57.74,
            "일자리총점":38.112,
            "가치 총점":65.1952,
            "매매실거래년":20210924.0,
            "매매실거래가":76700.0,
            "전세실거래년":20211025.0,
            "전세실거래가":32500.0,
            "전세가율":42.37,
            "장기전세가율평균":69.69,
            "전세가율거품지수":27.32,
            "검색코드":10663,
            "세대수":597.0,
            "준공년월":"2001-09-20",
            "준공년차":22.0,
            "가까운역이름":"구로",
            "가까운역거리":458.6,
            "역세권여부":"역세권",
            "30분이내주요거점역":3,
            "1시간이내주요거점역":10,
            "3km이내백화점수":2,
            "5km이내아울렛몰수":2,
            "1km이내대형먀트수":0,
            "500m이내은행수":1,
            "500m이내병원수":21,
            "5km이내대형병원수":14,
            "500m이내공원수":2,
            "3km이내혐오시설수":0,
            "초등학교학업성취도":82.96,
            "중학교학업성취도":81.1,
            "용적률":341,
            "건폐율":20,
            "Y":37.49902,
            "X":126.880799,
            "rank":49.0,
            "area_info":"25평(85.07), 28평(92.79), 33평(110.4)",
            "last_sales":"2021-09-24,76700.0,25평(85.07)"
        },
        {
            "index":101,
            "아파트명":"고척LIG리가",
            "투자타입":"일반",
            "전용면적(m2)":"82.98",
            "전용면적(평)":"25평",
            "법정동주소":"서울시 구로구 고척동 340",
            "도로명주소":"서울시 구로구 중앙로12길 7",
            "세대수":50,
            "입주년차":60,
            "용적률점수":"--",
            "건폐율점수":"--",
            "세대당주차수":30,
            "난방방식":100,
            "공급면적":"--",
            "전용률":"--",
            "욕실수":100,
            "현관타입":100,
            "주거총점":64.0,
            "지역구공급총점":100.0,
            "역세권":50,
            "30분내 이동가능 거점":60,
            "1시간내 이동가능 거점":100,
            "교통총점":63.0,
            "백화점":100,
            "아울렛몰":100,
            "대형마트":0,
            "은행":0,
            "병원":60,
            "종합병원":100,
            "공원":100,
            "혐오시설":0,
            "인프라총점":69.0,
            "초등학군":85.91,
            "중학군":57.22,
            "학군총점":62.958,
            "인구수":45.37,
            "인구증감":-13.51,
            "인구총점":27.706,
            "일자리":29.7,
            "소득수준":57.74,
            "일자리총점":38.112,
            "가치 총점":64.9937,
            "매매실거래년":20210821.0,
            "매매실거래가":93000.0,
            "전세실거래년":20211120.0,
            "전세실거래가":37800.0,
            "전세가율":40.65,
            "장기전세가율평균":69.69,
            "전세가율거품지수":29.04,
            "검색코드":10312,
            "세대수":421.0,
            "준공년월":"2009-07-30",
            "준공년차":14.0,
            "가까운역이름":"양천구청",
            "가까운역거리":808.24,
            "역세권여부":"준역세권",
            "30분이내주요거점역":3,
            "1시간이내주요거점역":12,
            "3km이내백화점수":2,
            "5km이내아울렛몰수":2,
            "1km이내대형먀트수":0,
            "500m이내은행수":1,
            "500m이내병원수":21,
            "5km이내대형병원수":11,
            "500m이내공원수":2,
            "3km이내혐오시설수":0,
            "초등학교학업성취도":85.91,
            "중학교학업성취도":94.1,
            "용적률":0,
            "건폐율":0,
            "Y":37.505867,
            "X":126.861797,
            "rank":50.0,
            "area_info":"25평(82.98), 32평(106.24), 32평(106.55), 32평(107.71), 32평(107.4)",
            "last_sales":"2021-08-21,93000.0,25평(82.98)"
        },
        {
            "index":429,
            "아파트명":"현대(상선)",
            "투자타입":"재건축",
            "전용면적(m2)":"78.37",
            "전용면적(평)":"23평",
            "법정동주소":"서울시 구로구 구로동 685-147",
            "도로명주소":"서울시 구로구 구일로10길 53",
            "세대수":0,
            "입주년차":"--",
            "용적률점수":60,
            "건폐율점수":80,
            "세대당주차수":"--",
            "난방방식":"--",
            "공급면적":50,
            "전용률":80,
            "욕실수":"--",
            "현관타입":"--",
            "주거총점":46.5,
            "지역구공급총점":100.0,
            "역세권":80,
            "30분내 이동가능 거점":60,
            "1시간내 이동가능 거점":100,
            "교통총점":78.0,
            "백화점":100,
            "아울렛몰":100,
            "대형마트":0,
            "은행":0,
            "병원":60,
            "종합병원":100,
            "공원":0,
            "혐오시설":0,
            "인프라총점":66.0,
            "초등학군":86.28,
            "중학군":49.22,
            "학군총점":56.632,
            "인구수":45.37,
            "인구증감":-13.51,
            "인구총점":27.706,
            "일자리":29.7,
            "소득수준":57.74,
            "일자리총점":38.112,
            "가치 총점":64.8948,
            "매매실거래년":20211004.0,
            "매매실거래가":82000.0,
            "전세실거래년":20211225.0,
            "전세실거래가":38000.0,
            "전세가율":55.07,
            "장기전세가율평균":69.69,
            "전세가율거품지수":14.62,
            "검색코드":145,
            "세대수":290.0,
            "준공년월":"1987-10-29",
            "준공년차":36.0,
            "가까운역이름":"구일",
            "가까운역거리":388.24,
            "역세권여부":"역세권",
            "30분이내주요거점역":3,
            "1시간이내주요거점역":14,
            "3km이내백화점수":1,
            "5km이내아울렛몰수":2,
            "1km이내대형먀트수":0,
            "500m이내은행수":1,
            "500m이내병원수":13,
            "5km이내대형병원수":13,
            "500m이내공원수":0,
            "3km이내혐오시설수":0,
            "초등학교학업성취도":86.28,
            "중학교학업성취도":81.1,
            "용적률":228,
            "건폐율":20,
            "Y":37.496074,
            "X":126.875109,
            "rank":51.0,
            "area_info":"23평(78.37), 28평(94.15)",
            "last_sales":"2021-10-04,82000.0,28평(94.15)"
        },
        {
            "index":372,
            "아파트명":"신도림쌍용플래티넘노블",
            "투자타입":"일반",
            "전용면적(m2)":"125.06",
            "전용면적(평)":"37평",
            "법정동주소":"서울시 구로구 구로동 46",
            "도로명주소":"서울시 구로구 공원로 40",
            "세대수":0,
            "입주년차":40,
            "용적률점수":"--",
            "건폐율점수":"--",
            "세대당주차수":30,
            "난방방식":30,
            "공급면적":"--",
            "전용률":"--",
            "욕실수":100,
            "현관타입":50,
            "주거총점":30.5,
            "지역구공급총점":100.0,
            "역세권":50,
            "30분내 이동가능 거점":100,
            "1시간내 이동가능 거점":100,
            "교통총점":75.0,
            "백화점":100,
            "아울렛몰":100,
            "대형마트":80,
            "은행":20,
            "병원":60,
            "종합병원":100,
            "공원":100,
            "혐오시설":0,
            "인프라총점":83.0,
            "초등학군":84.91,
            "중학군":42.24,
            "학군총점":50.774,
            "인구수":45.37,
            "인구증감":-13.51,
            "인구총점":27.706,
            "일자리":29.7,
            "소득수준":57.74,
            "일자리총점":38.112,
            "가치 총점":64.8661,
            "매매실거래년":20201205.0,
            "매매실거래가":87000.0,
            "전세실거래년":20210817.0,
            "전세실거래가":42000.0,
            "전세가율":62.04,
            "장기전세가율평균":69.69,
            "전세가율거품지수":7.65,
            "검색코드":14514,
            "세대수":155.0,
            "준공년월":"2006-11-30",
            "준공년차":17.0,
            "가까운역이름":"구로",
            "가까운역거리":850.25,
            "역세권여부":"준역세권",
            "30분이내주요거점역":5,
            "1시간이내주요거점역":16,
            "3km이내백화점수":3,
            "5km이내아울렛몰수":2,
            "1km이내대형먀트수":1,
            "500m이내은행수":2,
            "500m이내병원수":10,
            "5km이내대형병원수":14,
            "500m이내공원수":2,
            "3km이내혐오시설수":0,
            "초등학교학업성취도":84.91,
            "중학교학업성취도":69.0,
            "용적률":631,
            "건폐율":57,
            "Y":37.500993,
            "X":126.891253,
            "rank":52.0,
            "area_info":"37평(125.06), 38평(128.6), 44평(147.56), 44평(147.91), 44평(147.82)",
            "last_sales":"2020-12-05,87000.0,44평(147.82)"
        },
        {
            "index":63,
            "아파트명":"영화",
            "투자타입":"일반",
            "전용면적(m2)":"85.86",
            "전용면적(평)":"25평",
            "법정동주소":"서울시 구로구 개봉동 475",
            "도로명주소":"서울시 구로구 경인로40길 11",
            "세대수":30,
            "입주년차":0,
            "용적률점수":"--",
            "건폐율점수":"--",
            "세대당주차수":30,
            "난방방식":30,
            "공급면적":"--",
            "전용률":"--",
            "욕실수":50,
            "현관타입":100,
            "주거총점":33.0,
            "지역구공급총점":100.0,
            "역세권":80,
            "30분내 이동가능 거점":60,
            "1시간내 이동가능 거점":100,
            "교통총점":78.0,
            "백화점":100,
            "아울렛몰":100,
            "대형마트":0,
            "은행":70,
            "병원":80,
            "종합병원":100,
            "공원":0,
            "혐오시설":0,
            "인프라총점":75.0,
            "초등학군":83.87,
            "중학군":47.6,
            "학군총점":54.854,
            "인구수":45.37,
            "인구증감":-13.51,
            "인구총점":27.706,
            "일자리":29.7,
            "소득수준":57.74,
            "일자리총점":38.112,
            "가치 총점":64.6281,
            "매매실거래년":20211028.0,
            "매매실거래가":68000.0,
            "전세실거래년":20211222.0,
            "전세실거래가":29400.0,
            "전세가율":43.24,
            "장기전세가율평균":69.69,
            "전세가율거품지수":26.45,
            "검색코드":3192,
            "세대수":372.0,
            "준공년월":"1998-09-01",
            "준공년차":25.0,
            "가까운역이름":"개봉",
            "가까운역거리":195.74,
            "역세권여부":"역세권",
            "30분이내주요거점역":3,
            "1시간이내주요거점역":15,
            "3km이내백화점수":1,
            "5km이내아울렛몰수":2,
            "1km이내대형먀트수":0,
            "500m이내은행수":3,
            "500m이내병원수":43,
            "5km이내대형병원수":9,
            "500m이내공원수":0,
            "3km이내혐오시설수":0,
            "초등학교학업성취도":83.87,
            "중학교학업성취도":78.6,
            "용적률":365,
            "건폐율":21,
            "Y":37.496169,
            "X":126.859671,
            "rank":53.0,
            "area_info":"25평(85.86), 33평(109.16), 52평(173.12)",
            "last_sales":"2021-10-28,68000.0,25평(85.86)"
        },
        {
            "index":471,
            "아파트명":"미성",
            "투자타입":"재건축",
            "전용면적(m2)":"50.98",
            "전용면적(평)":"15평",
            "법정동주소":"서울시 구로구 신도림동 290",
            "도로명주소":"서울시 구로구 신도림로11가길 36",
            "세대수":80,
            "입주년차":"--",
            "용적률점수":60,
            "건폐율점수":80,
            "세대당주차수":"--",
            "난방방식":"--",
            "공급면적":50,
            "전용률":60,
            "욕실수":"--",
            "현관타입":"--",
            "주거총점":69.5,
            "지역구공급총점":100.0,
            "역세권":50,
            "30분내 이동가능 거점":40,
            "1시간내 이동가능 거점":100,
            "교통총점":57.0,
            "백화점":100,
            "아울렛몰":100,
            "대형마트":0,
            "은행":70,
            "병원":30,
            "종합병원":100,
            "공원":0,
            "혐오시설":0,
            "인프라총점":70.0,
            "초등학군":85.42,
            "중학군":57.74,
            "학군총점":63.276,
            "인구수":45.37,
            "인구증감":-13.51,
            "인구총점":27.706,
            "일자리":29.7,
            "소득수준":57.74,
            "일자리총점":38.112,
            "가치 총점":64.3414,
            "매매실거래년":20210901.0,
            "매매실거래가":68000.0,
            "전세실거래년":20220118.0,
            "전세실거래가":20000.0,
            "전세가율":29.41,
            "장기전세가율평균":69.69,
            "전세가율거품지수":40.28,
            "검색코드":149,
            "세대수":824.0,
            "준공년월":"1989-07-27",
            "준공년차":34.0,
            "가까운역이름":"구로",
            "가까운역거리":672.87,
            "역세권여부":"준역세권",
            "30분이내주요거점역":2,
            "1시간이내주요거점역":15,
            "3km이내백화점수":4,
            "5km이내아울렛몰수":2,
            "1km이내대형먀트수":0,
            "500m이내은행수":3,
            "500m이내병원수":8,
            "5km이내대형병원수":13,
            "500m이내공원수":0,
            "3km이내혐오시설수":0,
            "초등학교학업성취도":85.42,
            "중학교학업성취도":93.3,
            "용적률":234,
            "건폐율":20,
            "Y":37.507324,
            "X":126.87658,
            "rank":54.0,
            "area_info":"15평(50.98), 21평(70.52), 25평(84.56), 34평(112.46)",
            "last_sales":"2021-09-01,68000.0,15평(50.98)"
        },
        {
            "index":333,
            "아파트명":"비즈트위트블루(도시형)",
            "투자타입":"일반",
            "전용면적(m2)":"22.36",
            "전용면적(평)":"6평",
            "법정동주소":"서울시 구로구 구로동 107-4",
            "도로명주소":"서울시 구로구 공원로 15-12",
            "세대수":0,
            "입주년차":60,
            "용적률점수":"--",
            "건폐율점수":"--",
            "세대당주차수":0,
            "난방방식":30,
            "공급면적":"--",
            "전용률":"--",
            "욕실수":50,
            "현관타입":100,
            "주거총점":30.0,
            "지역구공급총점":100.0,
            "역세권":50,
            "30분내 이동가능 거점":80,
            "1시간내 이동가능 거점":100,
            "교통총점":69.0,
            "백화점":100,
            "아울렛몰":100,
            "대형마트":80,
            "은행":70,
            "병원":60,
            "종합병원":100,
            "공원":100,
            "혐오시설":0,
            "인프라총점":88.0,
            "초등학군":84.91,
            "중학군":42.24,
            "학군총점":50.774,
            "인구수":45.37,
            "인구증감":-13.51,
            "인구총점":27.706,
            "일자리":29.7,
            "소득수준":57.74,
            "일자리총점":38.112,
            "가치 총점":64.1661,
            "매매실거래년":20220112.0,
            "매매실거래가":12000.0,
            "전세실거래년":20190711.0,
            "전세실거래가":11000.0,
            "전세가율":93.22,
            "장기전세가율평균":69.69,
            "전세가율거품지수":-23.53,
            "검색코드":103483,
            "세대수":105.0,
            "준공년월":"2012-11-30",
            "준공년차":11.0,
            "가까운역이름":"대림",
            "가까운역거리":753.48,
            "역세권여부":"준역세권",
            "30분이내주요거점역":4,
            "1시간이내주요거점역":18,
            "3km이내백화점수":3,
            "5km이내아울렛몰수":2,
            "1km이내대형먀트수":1,
            "500m이내은행수":3,
            "500m이내병원수":24,
            "5km이내대형병원수":15,
            "500m이내공원수":2,
            "3km이내혐오시설수":0,
            "초등학교학업성취도":84.91,
            "중학교학업성취도":69.0,
            "용적률":862,
            "건폐율":58,
            "Y":37.498631,
            "X":126.891107,
            "rank":55.0,
            "area_info":"6평(22.36), 7평(23.78)",
            "last_sales":"2022-01-12,12000.0,7평(23.78)"
        },
        {
            "index":256,
            "아파트명":"구로주공2차",
            "투자타입":"재건축",
            "전용면적(m2)":"46.69",
            "전용면적(평)":"14평",
            "법정동주소":"서울시 구로구 구로동 685-223",
            "도로명주소":"서울시 구로구 구일로4길 22",
            "세대수":80,
            "입주년차":"--",
            "용적률점수":80,
            "건폐율점수":100,
            "세대당주차수":"--",
            "난방방식":"--",
            "공급면적":50,
            "전용률":40,
            "욕실수":"--",
            "현관타입":"--",
            "주거총점":80.5,
            "지역구공급총점":100.0,
            "역세권":50,
            "30분내 이동가능 거점":40,
            "1시간내 이동가능 거점":100,
            "교통총점":57.0,
            "백화점":100,
            "아울렛몰":100,
            "대형마트":0,
            "은행":0,
            "병원":30,
            "종합병원":100,
            "공원":80,
            "혐오시설":0,
            "인프라총점":65.4,
            "초등학군":86.28,
            "중학군":49.22,
            "학군총점":56.632,
            "인구수":45.37,
            "인구증감":-13.51,
            "인구총점":27.706,
            "일자리":29.7,
            "소득수준":57.74,
            "일자리총점":38.112,
            "가치 총점":64.1648,
            "매매실거래년":20210924.0,
            "매매실거래가":83500.0,
            "전세실거래년":20211113.0,
            "전세실거래가":13650.0,
            "전세가율":22.3,
            "장기전세가율평균":69.69,
            "전세가율거품지수":47.39,
            "검색코드":138,
            "세대수":726.0,
            "준공년월":"1987-07-23",
            "준공년차":36.0,
            "가까운역이름":"구일",
            "가까운역거리":808.4,
            "역세권여부":"준역세권",
            "30분이내주요거점역":2,
            "1시간이내주요거점역":14,
            "3km이내백화점수":1,
            "5km이내아울렛몰수":2,
            "1km이내대형먀트수":0,
            "500m이내은행수":1,
            "500m이내병원수":6,
            "5km이내대형병원수":14,
            "500m이내공원수":1,
            "3km이내혐오시설수":0,
            "초등학교학업성취도":86.28,
            "중학교학업성취도":81.1,
            "용적률":156,
            "건폐율":13,
            "Y":37.491416,
            "X":126.877011,
            "rank":56.0,
            "area_info":"14평(46.69), 15평(52.36), 17평(57.89), 18평(59.53), 18평(60.32), 21평(70.0), 22평(75.45), 26평(88.81)",
            "last_sales":"2021-09-24,83500.0,21평(70.0)"
        },
        {
            "index":304,
            "아파트명":"대림역대성스카이렉스",
            "투자타입":"일반",
            "전용면적(m2)":"86.45",
            "전용면적(평)":"26평",
            "법정동주소":"서울시 구로구 구로동 107-1",
            "도로명주소":"서울시 구로구 공원로 27",
            "세대수":0,
            "입주년차":40,
            "용적률점수":"--",
            "건폐율점수":"--",
            "세대당주차수":60,
            "난방방식":30,
            "공급면적":"--",
            "전용률":"--",
            "욕실수":100,
            "현관타입":100,
            "주거총점":40.0,
            "지역구공급총점":100.0,
            "역세권":50,
            "30분내 이동가능 거점":60,
            "1시간내 이동가능 거점":100,
            "교통총점":63.0,
            "백화점":100,
            "아울렛몰":100,
            "대형마트":80,
            "은행":70,
            "병원":60,
            "종합병원":100,
            "공원":100,
            "혐오시설":0,
            "인프라총점":88.0,
            "초등학군":84.91,
            "중학군":42.24,
            "학군총점":50.774,
            "인구수":45.37,
            "인구증감":-13.51,
            "인구총점":27.706,
            "일자리":29.7,
            "소득수준":57.74,
            "일자리총점":38.112,
            "가치 총점":64.0661,
            "매매실거래년":20211213.0,
            "매매실거래가":63700.0,
            "전세실거래년":20211016.0,
            "전세실거래가":50000.0,
            "전세가율":78.49,
            "장기전세가율평균":69.69,
            "전세가율거품지수":-8.8,
            "검색코드":14385,
            "세대수":160.0,
            "준공년월":"2006-04-25",
            "준공년차":17.0,
            "가까운역이름":"대림",
            "가까운역거리":833.74,
            "역세권여부":"준역세권",
            "30분이내주요거점역":3,
            "1시간이내주요거점역":17,
            "3km이내백화점수":3,
            "5km이내아울렛몰수":2,
            "1km이내대형먀트수":1,
            "500m이내은행수":3,
            "500m이내병원수":24,
            "5km이내대형병원수":15,
            "500m이내공원수":2,
            "3km이내혐오시설수":0,
            "초등학교학업성취도":84.91,
            "중학교학업성취도":69.0,
            "용적률":746,
            "건폐율":58,
            "Y":37.499441,
            "X":126.891027,
            "rank":57.0,
            "area_info":"26평(86.45), 30평(100.15), 40평(134.91)",
            "last_sales":"2021-12-13,63700.0,26평(86.45)"
        },
        {
            "index":425,
            "아파트명":"현대(74-30)",
            "투자타입":"재건축",
            "전용면적(m2)":"76.52",
            "전용면적(평)":"23평",
            "법정동주소":"서울시 구로구 구로동 74-30",
            "도로명주소":"서울시 구로구 구로중앙로18길 68",
            "세대수":30,
            "입주년차":"--",
            "용적률점수":20,
            "건폐율점수":0,
            "세대당주차수":"--",
            "난방방식":"--",
            "공급면적":50,
            "전용률":60,
            "욕실수":"--",
            "현관타입":"--",
            "주거총점":22.5,
            "지역구공급총점":100.0,
            "역세권":80,
            "30분내 이동가능 거점":80,
            "1시간내 이동가능 거점":100,
            "교통총점":84.0,
            "백화점":100,
            "아울렛몰":100,
            "대형마트":0,
            "은행":70,
            "병원":60,
            "종합병원":100,
            "공원":80,
            "혐오시설":0,
            "인프라총점":75.4,
            "초등학군":82.02,
            "중학군":42.24,
            "학군총점":50.196,
            "인구수":45.37,
            "인구증감":-13.51,
            "인구총점":27.706,
            "일자리":29.7,
            "소득수준":57.74,
            "일자리총점":38.112,
            "가치 총점":64.0494,
            "매매실거래년":20211226.0,
            "매매실거래가":62700.0,
            "전세실거래년":20220112.0,
            "전세실거래가":30000.0,
            "전세가율":47.85,
            "장기전세가율평균":69.69,
            "전세가율거품지수":21.84,
            "검색코드":129,
            "세대수":397.0,
            "준공년월":"1988-06-17",
            "준공년차":35.0,
            "가까운역이름":"대림",
            "가까운역거리":441.39,
            "역세권여부":"역세권",
            "30분이내주요거점역":4,
            "1시간이내주요거점역":18,
            "3km이내백화점수":4,
            "5km이내아울렛몰수":2,
            "1km이내대형먀트수":0,
            "500m이내은행수":3,
            "500m이내병원수":22,
            "5km이내대형병원수":15,
            "500m이내공원수":1,
            "3km이내혐오시설수":0,
            "초등학교학업성취도":82.02,
            "중학교학업성취도":69.0,
            "용적률":278,
            "건폐율":0,
            "Y":37.496233,
            "X":126.892952,
            "rank":58.0,
            "area_info":"23평(76.52), 25평(83.08), 29평(97.97), 33평(111.49)",
            "last_sales":"2021-12-26,62700.0,23평(76.52)"
        },
        {
            "index":83,
            "아파트명":"현대",
            "투자타입":"일반",
            "전용면적(m2)":"82.67",
            "전용면적(평)":"25평",
            "법정동주소":"서울시 구로구 개봉동 481",
            "도로명주소":"서울시 구로구 개봉로20길 6",
            "세대수":100,
            "입주년차":20,
            "용적률점수":"--",
            "건폐율점수":"--",
            "세대당주차수":30,
            "난방방식":30,
            "공급면적":"--",
            "전용률":"--",
            "욕실수":50,
            "현관타입":100,
            "주거총점":61.5,
            "지역구공급총점":100.0,
            "역세권":80,
            "30분내 이동가능 거점":80,
            "1시간내 이동가능 거점":100,
            "교통총점":84.0,
            "백화점":0,
            "아울렛몰":100,
            "대형마트":0,
            "은행":70,
            "병원":80,
            "종합병원":100,
            "공원":80,
            "혐오시설":0,
            "인프라총점":47.4,
            "초등학군":75.45,
            "중학군":46.46,
            "학군총점":52.258,
            "인구수":45.37,
            "인구증감":-13.51,
            "인구총점":27.706,
            "일자리":29.7,
            "소득수준":57.74,
            "일자리총점":38.112,
            "가치 총점":63.7587,
            "매매실거래년":20211201.0,
            "매매실거래가":120000.0,
            "전세실거래년":20220118.0,
            "전세실거래가":35000.0,
            "전세가율":44.59,
            "장기전세가율평균":69.69,
            "전세가율거품지수":25.1,
            "검색코드":3349,
            "세대수":2412.0,
            "준공년월":"2001-08-22",
            "준공년차":22.0,
            "가까운역이름":"개봉",
            "가까운역거리":239.74,
            "역세권여부":"역세권",
            "30분이내주요거점역":4,
            "1시간이내주요거점역":15,
            "3km이내백화점수":0,
            "5km이내아울렛몰수":2,
            "1km이내대형먀트수":0,
            "500m이내은행수":4,
            "500m이내병원수":48,
            "5km이내대형병원수":9,
            "500m이내공원수":1,
            "3km이내혐오시설수":0,
            "초등학교학업성취도":75.45,
            "중학교학업성취도":76.3,
            "용적률":320,
            "건폐율":18,
            "Y":37.492453,
            "X":126.85836,
            "rank":59.0,
            "area_info":"25평(82.67), 33평(109.78), 33평(109.78), 33평(109.75), 44평(146.14)",
            "last_sales":"2021-12-01,120000.0,44평(146.14)"
        },
        {
            "index":121,
            "아파트명":"고척월드메르디앙",
            "투자타입":"일반",
            "전용면적(m2)":"111.65",
            "전용면적(평)":"33평",
            "법정동주소":"서울시 구로구 고척동 343",
            "도로명주소":"서울시 구로구 중앙로8길 11",
            "세대수":0,
            "입주년차":60,
            "용적률점수":"--",
            "건폐율점수":"--",
            "세대당주차수":30,
            "난방방식":30,
            "공급면적":"--",
            "전용률":"--",
            "욕실수":100,
            "현관타입":100,
            "주거총점":39.5,
            "지역구공급총점":100.0,
            "역세권":50,
            "30분내 이동가능 거점":80,
            "1시간내 이동가능 거점":100,
            "교통총점":69.0,
            "백화점":100,
            "아울렛몰":100,
            "대형마트":0,
            "은행":70,
            "병원":60,
            "종합병원":100,
            "공원":100,
            "혐오시설":0,
            "인프라총점":76.0,
            "초등학군":84.71,
            "중학군":47.6,
            "학군총점":55.022,
            "인구수":45.37,
            "인구증감":-13.51,
            "인구총점":27.706,
            "일자리":29.7,
            "소득수준":57.74,
            "일자리총점":38.112,
            "가치 총점":63.1033,
            "매매실거래년":20211014.0,
            "매매실거래가":93000.0,
            "전세실거래년":20220103.0,
            "전세실거래가":47250.0,
            "전세가율":50.81,
            "장기전세가율평균":69.69,
            "전세가율거품지수":18.88,
            "검색코드":102987,
            "세대수":180.0,
            "준공년월":"2011-07-27",
            "준공년차":12.0,
            "가까운역이름":"구일",
            "가까운역거리":996.76,
            "역세권여부":"준역세권",
            "30분이내주요거점역":4,
            "1시간이내주요거점역":14,
            "3km이내백화점수":2,
            "5km이내아울렛몰수":2,
            "1km이내대형먀트수":0,
            "500m이내은행수":3,
            "500m이내병원수":21,
            "5km이내대형병원수":11,
            "500m이내공원수":2,
            "3km이내혐오시설수":0,
            "초등학교학업성취도":84.71,
            "중학교학업성취도":78.6,
            "용적률":245,
            "건폐율":22,
            "Y":37.50311,
            "X":126.862823,
            "rank":60.0,
            "area_info":"33평(111.65), 33평(111.69), 33평(111.82)",
            "last_sales":"2021-10-14,93000.0,33평(111.65)"
        },
        {
            "index":431,
            "아파트명":"현대연예인",
            "투자타입":"재건축",
            "전용면적(m2)":"56.14",
            "전용면적(평)":"16평",
            "법정동주소":"서울시 구로구 구로동 685-70",
            "도로명주소":"서울시 구로구 구일로4길 46",
            "세대수":80,
            "입주년차":"--",
            "용적률점수":60,
            "건폐율점수":100,
            "세대당주차수":"--",
            "난방방식":"--",
            "공급면적":50,
            "전용률":60,
            "욕실수":"--",
            "현관타입":"--",
            "주거총점":73.5,
            "지역구공급총점":100.0,
            "역세권":50,
            "30분내 이동가능 거점":40,
            "1시간내 이동가능 거점":100,
            "교통총점":57.0,
            "백화점":100,
            "아울렛몰":100,
            "대형마트":0,
            "은행":0,
            "병원":30,
            "종합병원":100,
            "공원":80,
            "혐오시설":0,
            "인프라총점":65.4,
            "초등학군":86.28,
            "중학군":49.22,
            "학군총점":56.632,
            "인구수":45.37,
            "인구증감":-13.51,
            "인구총점":27.706,
            "일자리":29.7,
            "소득수준":57.74,
            "일자리총점":38.112,
            "가치 총점":62.7648,
            "매매실거래년":20211104.0,
            "매매실거래가":82000.0,
            "전세실거래년":20210119.0,
            "전세실거래가":17850.0,
            "전세가율":39.49,
            "장기전세가율평균":69.69,
            "전세가율거품지수":30.2,
            "검색코드":147,
            "세대수":735.0,
            "준공년월":"1989-08-28",
            "준공년차":34.0,
            "가까운역이름":"구일",
            "가까운역거리":722.99,
            "역세권여부":"준역세권",
            "30분이내주요거점역":2,
            "1시간이내주요거점역":13,
            "3km이내백화점수":1,
            "5km이내아울렛몰수":2,
            "1km이내대형먀트수":0,
            "500m이내은행수":1,
            "500m이내병원수":9,
            "5km이내대형병원수":15,
            "500m이내공원수":1,
            "3km이내혐오시설수":0,
            "초등학교학업성취도":86.28,
            "중학교학업성취도":81.1,
            "용적률":234,
            "건폐율":19,
            "Y":37.492742,
            "X":126.87724,
            "rank":61.0,
            "area_info":"16평(56.14), 21평(69.61), 27평(89.93), 28평(93.1), 31평(102.76)",
            "last_sales":"2021-11-04,82000.0,31평(102.76)"
        },
        {
            "index":312,
            "아파트명":"덕영드림",
            "투자타입":"일반",
            "전용면적(m2)":"81.14",
            "전용면적(평)":"24평",
            "법정동주소":"서울시 구로구 구로동 1282",
            "도로명주소":"서울시 구로구 구로중앙로34길 17",
            "세대수":0,
            "입주년차":40,
            "용적률점수":"--",
            "건폐율점수":"--",
            "세대당주차수":0,
            "난방방식":30,
            "공급면적":"--",
            "전용률":"--",
            "욕실수":50,
            "현관타입":10,
            "주거총점":17.0,
            "지역구공급총점":100.0,
            "역세권":80,
            "30분내 이동가능 거점":60,
            "1시간내 이동가능 거점":100,
            "교통총점":78.0,
            "백화점":100,
            "아울렛몰":100,
            "대형마트":80,
            "은행":0,
            "병원":60,
            "종합병원":100,
            "공원":100,
            "혐오시설":0,
            "인프라총점":81.0,
            "초등학군":82.96,
            "중학군":42.24,
            "학군총점":50.384,
            "인구수":45.37,
            "인구증감":-13.51,
            "인구총점":27.706,
            "일자리":29.7,
            "소득수준":57.74,
            "일자리총점":38.112,
            "가치 총점":62.5576,
            "매매실거래년":20201024.0,
            "매매실거래가":60000.0,
            "전세실거래년":20211120.0,
            "전세실거래가":31500.0,
            "전세가율":59.77,
            "장기전세가율평균":69.69,
            "전세가율거품지수":9.92,
            "검색코드":3352,
            "세대수":125.0,
            "준공년월":"2006-12-28",
            "준공년차":17.0,
            "가까운역이름":"구로",
            "가까운역거리":296.56,
            "역세권여부":"역세권",
            "30분이내주요거점역":3,
            "1시간이내주요거점역":17,
            "3km이내백화점수":4,
            "5km이내아울렛몰수":2,
            "1km이내대형먀트수":1,
            "500m이내은행수":1,
            "500m이내병원수":19,
            "5km이내대형병원수":14,
            "500m이내공원수":2,
            "3km이내혐오시설수":0,
            "초등학교학업성취도":82.96,
            "중학교학업성취도":69.0,
            "용적률":314,
            "건폐율":29,
            "Y":37.500879,
            "X":126.883938,
            "rank":62.0,
            "area_info":"24평(81.14), 26평(88.44), 30평(101.41), 30평(101.33), 34평(114.44)",
            "last_sales":"2020-10-24,60000.0,30평(101.41)"
        },
        {
            "index":192,
            "아파트명":"조양휴캐슬(도시형)",
            "투자타입":"일반",
            "전용면적(m2)":"62.37",
            "전용면적(평)":"18평",
            "법정동주소":"서울시 구로구 고척동 345",
            "도로명주소":"서울시 구로구 중앙로6길 26",
            "세대수":0,
            "입주년차":60,
            "용적률점수":"--",
            "건폐율점수":"--",
            "세대당주차수":30,
            "난방방식":30,
            "공급면적":"--",
            "전용률":"--",
            "욕실수":100,
            "현관타입":100,
            "주거총점":39.5,
            "지역구공급총점":100.0,
            "역세권":50,
            "30분내 이동가능 거점":80,
            "1시간내 이동가능 거점":100,
            "교통총점":69.0,
            "백화점":100,
            "아울렛몰":100,
            "대형마트":0,
            "은행":70,
            "병원":60,
            "종합병원":100,
            "공원":0,
            "혐오시설":0,
            "인프라총점":73.0,
            "초등학군":84.71,
            "중학군":47.6,
            "학군총점":55.022,
            "인구수":45.37,
            "인구증감":-13.51,
            "인구총점":27.706,
            "일자리":29.7,
            "소득수준":57.74,
            "일자리총점":38.112,
            "가치 총점":62.2033,
            "매매실거래년":"18000101",
            "매매실거래가":null,
            "전세실거래년":null,
            "전세실거래가":null,
            "전세가율":null,
            "장기전세가율평균":69.69,
            "전세가율거품지수":null,
            "검색코드":106029,
            "세대수":130.0,
            "준공년월":"2012-07-26",
            "준공년차":11.0,
            "가까운역이름":"구일",
            "가까운역거리":636.85,
            "역세권여부":"준역세권",
            "30분이내주요거점역":4,
            "1시간이내주요거점역":15,
            "3km이내백화점수":1,
            "5km이내아울렛몰수":2,
            "1km이내대형먀트수":0,
            "500m이내은행수":4,
            "500m이내병원수":21,
            "5km이내대형병원수":11,
            "500m이내공원수":0,
            "3km이내혐오시설수":0,
            "초등학교학업성취도":84.71,
            "중학교학업성취도":78.6,
            "용적률":197,
            "건폐율":49,
            "Y":37.500249,
            "X":126.865072,
            "rank":63.0,
            "area_info":"18평(62.37), 19평(65.74), 19평(65.94), 20평(69.42)",
            "last_sales":"1800-01-01,nan,18평(62.37)"
        },
        {
            "index":150,
            "아파트명":"벽산블루밍",
            "투자타입":"일반",
            "전용면적(m2)":"110.77",
            "전용면적(평)":"33평",
            "법정동주소":"서울시 구로구 고척동 334",
            "도로명주소":"서울시 구로구 경인로 390",
            "세대수":80,
            "입주년차":20,
            "용적률점수":"--",
            "건폐율점수":"--",
            "세대당주차수":30,
            "난방방식":30,
            "공급면적":"--",
            "전용률":"--",
            "욕실수":100,
            "현관타입":100,
            "주거총점":59.5,
            "지역구공급총점":100.0,
            "역세권":50,
            "30분내 이동가능 거점":60,
            "1시간내 이동가능 거점":100,
            "교통총점":63.0,
            "백화점":100,
            "아울렛몰":100,
            "대형마트":0,
            "은행":0,
            "병원":60,
            "종합병원":100,
            "공원":0,
            "혐오시설":0,
            "인프라총점":66.0,
            "초등학군":83.87,
            "중학군":47.6,
            "학군총점":54.854,
            "인구수":45.37,
            "인구증감":-13.51,
            "인구총점":27.706,
            "일자리":29.7,
            "소득수준":57.74,
            "일자리총점":38.112,
            "가치 총점":61.9781,
            "매매실거래년":20211206.0,
            "매매실거래가":109000.0,
            "전세실거래년":20220111.0,
            "전세실거래가":44000.0,
            "전세가율":40.37,
            "장기전세가율평균":69.69,
            "전세가율거품지수":29.32,
            "검색코드":3351,
            "세대수":886.0,
            "준공년월":"2003-03-20",
            "준공년차":20.0,
            "가까운역이름":"개봉",
            "가까운역거리":546.34,
            "역세권여부":"준역세권",
            "30분이내주요거점역":3,
            "1시간이내주요거점역":15,
            "3km이내백화점수":1,
            "5km이내아울렛몰수":2,
            "1km이내대형먀트수":0,
            "500m이내은행수":1,
            "500m이내병원수":11,
            "5km이내대형병원수":10,
            "500m이내공원수":0,
            "3km이내혐오시설수":0,
            "초등학교학업성취도":83.87,
            "중학교학업성취도":78.6,
            "용적률":278,
            "건폐율":15,
            "Y":37.495668,
            "X":126.864723,
            "rank":64.0,
            "area_info":"33평(110.77)",
            "last_sales":"2021-12-06,109000.0,33평(110.77)"
        },
        {
            "index":170,
            "아파트명":"센츄리",
            "투자타입":"일반",
            "전용면적(m2)":"101.11",
            "전용면적(평)":"30평",
            "법정동주소":"서울시 구로구 고척동 320",
            "도로명주소":"서울시 구로구 중앙로12길 12",
            "세대수":30,
            "입주년차":0,
            "용적률점수":"--",
            "건폐율점수":"--",
            "세대당주차수":0,
            "난방방식":100,
            "공급면적":"--",
            "전용률":"--",
            "욕실수":100,
            "현관타입":100,
            "주거총점":40.5,
            "지역구공급총점":100.0,
            "역세권":50,
            "30분내 이동가능 거점":80,
            "1시간내 이동가능 거점":100,
            "교통총점":69.0,
            "백화점":100,
            "아울렛몰":100,
            "대형마트":0,
            "은행":20,
            "병원":60,
            "종합병원":100,
            "공원":100,
            "혐오시설":0,
            "인프라총점":71.0,
            "초등학군":85.91,
            "중학군":47.6,
            "학군총점":55.262,
            "인구수":45.37,
            "인구증감":-13.51,
            "인구총점":27.706,
            "일자리":29.7,
            "소득수준":57.74,
            "일자리총점":38.112,
            "가치 총점":61.8393,
            "매매실거래년":20211027.0,
            "매매실거래가":72000.0,
            "전세실거래년":20220107.0,
            "전세실거래가":36000.0,
            "전세가율":50.0,
            "장기전세가율평균":69.69,
            "전세가율거품지수":19.69,
            "검색코드":121,
            "세대수":391.0,
            "준공년월":"1994-03-14",
            "준공년차":29.0,
            "가까운역이름":"양천구청",
            "가까운역거리":966.07,
            "역세권여부":"준역세권",
            "30분이내주요거점역":4,
            "1시간이내주요거점역":15,
            "3km이내백화점수":2,
            "5km이내아울렛몰수":2,
            "1km이내대형먀트수":0,
            "500m이내은행수":2,
            "500m이내병원수":23,
            "5km이내대형병원수":11,
            "500m이내공원수":2,
            "3km이내혐오시설수":0,
            "초등학교학업성취도":85.91,
            "중학교학업성취도":78.6,
            "용적률":274,
            "건폐율":23,
            "Y":37.504238,
            "X":126.862059,
            "rank":65.0,
            "area_info":"30평(101.11), 30평(101.29), 30평(101.32)",
            "last_sales":"2021-10-27,72000.0,30평(101.11)"
        },
        {
            "index":386,
            "아파트명":"신성미소지움",
            "투자타입":"일반",
            "전용면적(m2)":"77.12",
            "전용면적(평)":"23평",
            "법정동주소":"서울시 구로구 구로동 1274",
            "도로명주소":"서울시 구로구 시흥대로161길 50",
            "세대수":0,
            "입주년차":20,
            "용적률점수":"--",
            "건폐율점수":"--",
            "세대당주차수":30,
            "난방방식":30,
            "공급면적":"--",
            "전용률":"--",
            "욕실수":50,
            "현관타입":100,
            "주거총점":26.5,
            "지역구공급총점":100.0,
            "역세권":50,
            "30분내 이동가능 거점":60,
            "1시간내 이동가능 거점":100,
            "교통총점":63.0,
            "백화점":100,
            "아울렛몰":100,
            "대형마트":100,
            "은행":100,
            "병원":60,
            "종합병원":100,
            "공원":0,
            "혐오시설":0,
            "인프라총점":91.0,
            "초등학군":81.3,
            "중학군":38.48,
            "학군총점":47.044,
            "인구수":45.37,
            "인구증감":-13.51,
            "인구총점":27.706,
            "일자리":29.7,
            "소득수준":57.74,
            "일자리총점":38.112,
            "가치 총점":61.7066,
            "매매실거래년":20210722.0,
            "매매실거래가":75000.0,
            "전세실거래년":20210326.0,
            "전세실거래가":34000.0,
            "전세가율":57.29,
            "장기전세가율평균":69.69,
            "전세가율거품지수":12.4,
            "검색코드":9858,
            "세대수":240.0,
            "준공년월":"2003-12-04",
            "준공년차":20.0,
            "가까운역이름":"구로디지털단지",
            "가까운역거리":753.42,
            "역세권여부":"준역세권",
            "30분이내주요거점역":3,
            "1시간이내주요거점역":17,
            "3km이내백화점수":1,
            "5km이내아울렛몰수":2,
            "1km이내대형먀트수":3,
            "500m이내은행수":6,
            "500m이내병원수":18,
            "5km이내대형병원수":12,
            "500m이내공원수":0,
            "3km이내혐오시설수":0,
            "초등학교학업성취도":81.3,
            "중학교학업성취도":63.8,
            "용적률":298,
            "건폐율":22,
            "Y":37.479573,
            "X":126.896771,
            "rank":66.0,
            "area_info":"23평(77.12), 26평(88.93), 31평(102.63)",
            "last_sales":"2021-07-22,75000.0,31평(102.63)"
        },
        {
            "index":196,
            "아파트명":"청구",
            "투자타입":"일반",
            "전용면적(m2)":"84.28",
            "전용면적(평)":"25평",
            "법정동주소":"서울시 구로구 고척동 326",
            "도로명주소":"서울시 구로구 중앙로6길 5-15",
            "세대수":50,
            "입주년차":20,
            "용적률점수":"--",
            "건폐율점수":"--",
            "세대당주차수":30,
            "난방방식":100,
            "공급면적":"--",
            "전용률":"--",
            "욕실수":50,
            "현관타입":10,
            "주거총점":42.0,
            "지역구공급총점":100.0,
            "역세권":50,
            "30분내 이동가능 거점":60,
            "1시간내 이동가능 거점":100,
            "교통총점":63.0,
            "백화점":100,
            "아울렛몰":100,
            "대형마트":0,
            "은행":70,
            "병원":60,
            "종합병원":100,
            "공원":80,
            "혐오시설":0,
            "인프라총점":75.4,
            "초등학군":84.71,
            "중학군":47.6,
            "학군총점":55.022,
            "인구수":45.37,
            "인구증감":-13.51,
            "인구총점":27.706,
            "일자리":29.7,
            "소득수준":57.74,
            "일자리총점":38.112,
            "가치 총점":61.3233,
            "매매실거래년":20211029.0,
            "매매실거래가":66800.0,
            "전세실거래년":20211216.0,
            "전세실거래가":25500.0,
            "전세가율":38.17,
            "장기전세가율평균":69.69,
            "전세가율거품지수":31.52,
            "검색코드":910,
            "세대수":448.0,
            "준공년월":"1999-06-07",
            "준공년차":24.0,
            "가까운역이름":"구일",
            "가까운역거리":840.84,
            "역세권여부":"준역세권",
            "30분이내주요거점역":3,
            "1시간이내주요거점역":15,
            "3km이내백화점수":2,
            "5km이내아울렛몰수":2,
            "1km이내대형먀트수":0,
            "500m이내은행수":4,
            "500m이내병원수":19,
            "5km이내대형병원수":11,
            "500m이내공원수":1,
            "3km이내혐오시설수":0,
            "초등학교학업성취도":84.71,
            "중학교학업성취도":78.6,
            "용적률":350,
            "건폐율":25,
            "Y":37.501858,
            "X":126.863758,
            "rank":67.0,
            "area_info":"25평(84.28), 32평(107.81), 42평(140.85)",
            "last_sales":"2021-10-29,66800.0,25평(84.28)"
        },
        {
            "index":335,
            "아파트명":"비즈트위트오렌지(도시형)",
            "투자타입":"일반",
            "전용면적(m2)":"17.25",
            "전용면적(평)":"5평",
            "법정동주소":"서울시 구로구 구로동 44-8",
            "도로명주소":"서울시 구로구 공원로6가길 8",
            "세대수":0,
            "입주년차":60,
            "용적률점수":"--",
            "건폐율점수":"--",
            "세대당주차수":0,
            "난방방식":30,
            "공급면적":"--",
            "전용률":"--",
            "욕실수":50,
            "현관타입":100,
            "주거총점":30.0,
            "지역구공급총점":100.0,
            "역세권":50,
            "30분내 이동가능 거점":60,
            "1시간내 이동가능 거점":100,
            "교통총점":63.0,
            "백화점":100,
            "아울렛몰":100,
            "대형마트":100,
            "은행":20,
            "병원":60,
            "종합병원":100,
            "공원":80,
            "혐오시설":0,
            "인프라총점":85.4,
            "초등학군":84.91,
            "중학군":42.24,
            "학군총점":50.774,
            "인구수":45.37,
            "인구증감":-13.51,
            "인구총점":27.706,
            "일자리":29.7,
            "소득수준":57.74,
            "일자리총점":38.112,
            "가치 총점":61.2861,
            "매매실거래년":20211123.0,
            "매매실거래가":11800.0,
            "전세실거래년":null,
            "전세실거래가":null,
            "전세가율":null,
            "장기전세가율평균":69.69,
            "전세가율거품지수":null,
            "검색코드":105245,
            "세대수":115.0,
            "준공년월":"2013-09-16",
            "준공년차":10.0,
            "가까운역이름":"신도림",
            "가까운역거리":734.5,
            "역세권여부":"준역세권",
            "30분이내주요거점역":3,
            "1시간이내주요거점역":16,
            "3km이내백화점수":3,
            "5km이내아울렛몰수":2,
            "1km이내대형먀트수":2,
            "500m이내은행수":2,
            "500m이내병원수":16,
            "5km이내대형병원수":14,
            "500m이내공원수":1,
            "3km이내혐오시설수":0,
            "초등학교학업성취도":84.91,
            "중학교학업성취도":69.0,
            "용적률":916,
            "건폐율":59,
            "Y":37.502121,
            "X":126.891474,
            "rank":68.0,
            "area_info":"5평(17.25), 6평(21.07), 6평(22.09), 6평(22.01), 7평(23.34), 8평(28.81)",
            "last_sales":"2021-11-23,11800.0,6평(22.09)"
        },
        {
            "index":389,
            "아파트명":"영화참마음",
            "투자타입":"일반",
            "전용면적(m2)":"113.35",
            "전용면적(평)":"34평",
            "법정동주소":"서울시 구로구 구로동 1268",
            "도로명주소":"서울시 구로구 구일로8길 79",
            "세대수":0,
            "입주년차":20,
            "용적률점수":"--",
            "건폐율점수":"--",
            "세대당주차수":30,
            "난방방식":30,
            "공급면적":"--",
            "전용률":"--",
            "욕실수":100,
            "현관타입":100,
            "주거총점":31.5,
            "지역구공급총점":100.0,
            "역세권":80,
            "30분내 이동가능 거점":60,
            "1시간내 이동가능 거점":100,
            "교통총점":78.0,
            "백화점":100,
            "아울렛몰":100,
            "대형마트":0,
            "은행":0,
            "병원":30,
            "종합병원":100,
            "공원":0,
            "혐오시설":0,
            "인프라총점":63.0,
            "초등학군":86.28,
            "중학군":49.22,
            "학군총점":56.632,
            "인구수":45.37,
            "인구증감":-13.51,
            "인구총점":27.706,
            "일자리":29.7,
            "소득수준":57.74,
            "일자리총점":38.112,
            "가치 총점":60.9948,
            "매매실거래년":20211125.0,
            "매매실거래가":90000.0,
            "전세실거래년":20211211.0,
            "전세실거래가":37800.0,
            "전세가율":42.0,
            "장기전세가율평균":69.69,
            "전세가율거품지수":27.69,
            "검색코드":9639,
            "세대수":125.0,
            "준공년월":"2001-05-04",
            "준공년차":22.0,
            "가까운역이름":"구일",
            "가까운역거리":293.44,
            "역세권여부":"역세권",
            "30분이내주요거점역":3,
            "1시간이내주요거점역":16,
            "3km이내백화점수":1,
            "5km이내아울렛몰수":2,
            "1km이내대형먀트수":0,
            "500m이내은행수":0,
            "500m이내병원수":8,
            "5km이내대형병원수":13,
            "500m이내공원수":0,
            "3km이내혐오시설수":0,
            "초등학교학업성취도":86.28,
            "중학교학업성취도":81.1,
            "용적률":246,
            "건폐율":22,
            "Y":37.49716,
            "X":126.87408,
            "rank":69.0,
            "area_info":"34평(113.35), 34평(113.8)",
            "last_sales":"2021-11-25,90000.0,34평(113.35)"
        },
        {
            "index":445,
            "아파트명":"현대파크빌",
            "투자타입":"일반",
            "전용면적(m2)":"171.2",
            "전용면적(평)":"51평",
            "법정동주소":"서울시 구로구 구로동 108",
            "도로명주소":"서울시 구로구 공원로 41",
            "세대수":0,
            "입주년차":20,
            "용적률점수":"--",
            "건폐율점수":"--",
            "세대당주차수":100,
            "난방방식":30,
            "공급면적":"--",
            "전용률":"--",
            "욕실수":100,
            "현관타입":100,
            "주거총점":42.0,
            "지역구공급총점":100.0,
            "역세권":50,
            "30분내 이동가능 거점":40,
            "1시간내 이동가능 거점":100,
            "교통총점":57.0,
            "백화점":100,
            "아울렛몰":100,
            "대형마트":80,
            "은행":20,
            "병원":60,
            "종합병원":100,
            "공원":100,
            "혐오시설":0,
            "인프라총점":83.0,
            "초등학군":84.91,
            "중학군":42.24,
            "학군총점":50.774,
            "인구수":45.37,
            "인구증감":-13.51,
            "인구총점":27.706,
            "일자리":29.7,
            "소득수준":57.74,
            "일자리총점":38.112,
            "가치 총점":60.8661,
            "매매실거래년":20210119.0,
            "매매실거래가":69900.0,
            "전세실거래년":20201009.0,
            "전세실거래가":42000.0,
            "전세가율":60.09,
            "장기전세가율평균":69.69,
            "전세가율거품지수":9.6,
            "검색코드":3207,
            "세대수":104.0,
            "준공년월":"1999-12-06",
            "준공년차":24.0,
            "가까운역이름":"구로",
            "가까운역거리":759.67,
            "역세권여부":"준역세권",
            "30분이내주요거점역":2,
            "1시간이내주요거점역":17,
            "3km이내백화점수":3,
            "5km이내아울렛몰수":2,
            "1km이내대형먀트수":1,
            "500m이내은행수":2,
            "500m이내병원수":12,
            "5km이내대형병원수":14,
            "500m이내공원수":3,
            "3km이내혐오시설수":0,
            "초등학교학업성취도":84.91,
            "중학교학업성취도":69.0,
            "용적률":1063,
            "건폐율":57,
            "Y":37.500413,
            "X":126.889916,
            "rank":70.0,
            "area_info":"51평(171.2), 56평(188.26), 57평(189.64), 57평(190.08), 57평(191.72)",
            "last_sales":"2021-01-19,69900.0,51평(171.2)"
        },
        {
            "index":267,
            "아파트명":"구로지웰",
            "투자타입":"일반",
            "전용면적(m2)":"76.93",
            "전용면적(평)":"23평",
            "법정동주소":"서울시 구로구 구로동 1287",
            "도로명주소":"서울시 구로구 구로동로28길 42",
            "세대수":0,
            "입주년차":60,
            "용적률점수":"--",
            "건폐율점수":"--",
            "세대당주차수":0,
            "난방방식":30,
            "공급면적":"--",
            "전용률":"--",
            "욕실수":100,
            "현관타입":100,
            "주거총점":35.0,
            "지역구공급총점":100.0,
            "역세권":50,
            "30분내 이동가능 거점":60,
            "1시간내 이동가능 거점":100,
            "교통총점":63.0,
            "백화점":100,
            "아울렛몰":100,
            "대형마트":0,
            "은행":100,
            "병원":80,
            "종합병원":100,
            "공원":100,
            "혐오시설":0,
            "인프라총점":81.0,
            "초등학군":81.44,
            "중학군":41.68,
            "학군총점":49.632,
            "인구수":45.37,
            "인구증감":-13.51,
            "인구총점":27.706,
            "일자리":29.7,
            "소득수준":57.74,
            "일자리총점":38.112,
            "가치 총점":60.7948,
            "매매실거래년":20210409.0,
            "매매실거래가":60380.0,
            "전세실거래년":20210215.0,
            "전세실거래가":34500.0,
            "전세가율":57.14,
            "장기전세가율평균":69.69,
            "전세가율거품지수":12.55,
            "검색코드":108357,
            "세대수":148.0,
            "준공년월":"2011-09-30",
            "준공년차":12.0,
            "가까운역이름":"남구로",
            "가까운역거리":528.02,
            "역세권여부":"준역세권",
            "30분이내주요거점역":3,
            "1시간이내주요거점역":17,
            "3km이내백화점수":1,
            "5km이내아울렛몰수":2,
            "1km이내대형먀트수":0,
            "500m이내은행수":5,
            "500m이내병원수":57,
            "5km이내대형병원수":13,
            "500m이내공원수":3,
            "3km이내혐오시설수":0,
            "초등학교학업성취도":81.44,
            "중학교학업성취도":69.2,
            "용적률":223,
            "건폐율":24,
            "Y":37.490787,
            "X":126.886734,
            "rank":71.0,
            "area_info":"23평(76.93), 26평(87.91), 27평(90.15), 33평(110.36), 38평(127.92)",
            "last_sales":"2021-04-09,60380.0,23평(76.93)"
        },
        {
            "index":286,
            "아파트명":"극동",
            "투자타입":"재건축",
            "전용면적(m2)":"68.24",
            "전용면적(평)":"20평",
            "법정동주소":"서울시 구로구 구로동 314",
            "도로명주소":"서울시 구로구 구로중앙로7길 28",
            "세대수":50,
            "입주년차":"--",
            "용적률점수":0,
            "건폐율점수":40,
            "세대당주차수":"--",
            "난방방식":"--",
            "공급면적":50,
            "전용률":60,
            "욕실수":"--",
            "현관타입":"--",
            "주거총점":28.5,
            "지역구공급총점":100.0,
            "역세권":50,
            "30분내 이동가능 거점":80,
            "1시간내 이동가능 거점":100,
            "교통총점":69.0,
            "백화점":100,
            "아울렛몰":100,
            "대형마트":0,
            "은행":70,
            "병원":80,
            "종합병원":100,
            "공원":100,
            "혐오시설":0,
            "인프라총점":78.0,
            "초등학군":82.27,
            "중학군":41.68,
            "학군총점":49.798,
            "인구수":45.37,
            "인구증감":-13.51,
            "인구총점":27.706,
            "일자리":29.7,
            "소득수준":57.74,
            "일자리총점":38.112,
            "가치 총점":60.7197,
            "매매실거래년":20211201.0,
            "매매실거래가":69800.0,
            "전세실거래년":20210909.0,
            "전세실거래가":28000.0,
            "전세가율":53.54,
            "장기전세가율평균":69.69,
            "전세가율거품지수":16.15,
            "검색코드":130,
            "세대수":493.0,
            "준공년월":"1984-12-08",
            "준공년차":39.0,
            "가까운역이름":"남구로",
            "가까운역거리":571.33,
            "역세권여부":"준역세권",
            "30분이내주요거점역":4,
            "1시간이내주요거점역":18,
            "3km이내백화점수":1,
            "5km이내아울렛몰수":2,
            "1km이내대형먀트수":0,
            "500m이내은행수":4,
            "500m이내병원수":49,
            "5km이내대형병원수":13,
            "500m이내공원수":3,
            "3km이내혐오시설수":0,
            "초등학교학업성취도":82.27,
            "중학교학업성취도":69.2,
            "용적률":373,
            "건폐율":39,
            "Y":37.490902,
            "X":126.889401,
            "rank":72.0,
            "area_info":"20평(68.24), 21평(70.82), 21평(72.06), 23평(77.86), 24평(79.59), 33평(110.71), 33평(111.85), 34평(112.67), 34평(113.19)",
            "last_sales":"2021-12-01,69800.0,34평(113.19)"
        },
        {
            "index":134,
            "아파트명":"라이프플러스(도시형)",
            "투자타입":"일반",
            "전용면적(m2)":"23.87",
            "전용면적(평)":"7평",
            "법정동주소":"서울시 구로구 고척동 346",
            "도로명주소":"서울시 구로구 중앙로 85",
            "세대수":0,
            "입주년차":60,
            "용적률점수":"--",
            "건폐율점수":"--",
            "세대당주차수":0,
            "난방방식":30,
            "공급면적":"--",
            "전용률":"--",
            "욕실수":50,
            "현관타입":100,
            "주거총점":30.0,
            "지역구공급총점":100.0,
            "역세권":50,
            "30분내 이동가능 거점":80,
            "1시간내 이동가능 거점":100,
            "교통총점":69.0,
            "백화점":100,
            "아울렛몰":100,
            "대형마트":0,
            "은행":0,
            "병원":60,
            "종합병원":100,
            "공원":100,
            "혐오시설":0,
            "인프라총점":69.0,
            "초등학군":85.91,
            "중학군":57.22,
            "학군총점":62.958,
            "인구수":45.37,
            "인구증감":-13.51,
            "인구총점":27.706,
            "일자리":29.7,
            "소득수준":57.74,
            "일자리총점":38.112,
            "가치 총점":60.2937,
            "매매실거래년":20120803.0,
            "매매실거래가":12000.0,
            "전세실거래년":20210916.0,
            "전세실거래가":9000.0,
            "전세가율":75.0,
            "장기전세가율평균":69.69,
            "전세가율거품지수":-5.31,
            "검색코드":111184,
            "세대수":149.0,
            "준공년월":"2012-08-01",
            "준공년차":11.0,
            "가까운역이름":"양천구청",
            "가까운역거리":917.97,
            "역세권여부":"준역세권",
            "30분이내주요거점역":4,
            "1시간이내주요거점역":13,
            "3km이내백화점수":2,
            "5km이내아울렛몰수":2,
            "1km이내대형먀트수":0,
            "500m이내은행수":1,
            "500m이내병원수":24,
            "5km이내대형병원수":11,
            "500m이내공원수":2,
            "3km이내혐오시설수":0,
            "초등학교학업성취도":85.91,
            "중학교학업성취도":94.1,
            "용적률":249,
            "건폐율":44,
            "Y":37.505252,
            "X":126.860608,
            "rank":73.0,
            "area_info":"7평(23.87), 7평(24.76), 7평(25.63), 8평(29.14), 14평(47.75), 14평(49.51), 15평(50.26), 15평(51.23), 16평(55.63)",
            "last_sales":"2012-08-03,12000.0,7평(23.87)"
        },
        {
            "index":300,
            "아파트명":"다솜금호",
            "투자타입":"일반",
            "전용면적(m2)":"74.67",
            "전용면적(평)":"22평",
            "법정동주소":"서울시 구로구 구로동 43-4",
            "도로명주소":"서울시 구로구 새말로16길 70",
            "세대수":0,
            "입주년차":0,
            "용적률점수":"--",
            "건폐율점수":"--",
            "세대당주차수":0,
            "난방방식":30,
            "공급면적":"--",
            "전용률":"--",
            "욕실수":50,
            "현관타입":50,
            "주거총점":13.0,
            "지역구공급총점":100.0,
            "역세권":50,
            "30분내 이동가능 거점":80,
            "1시간내 이동가능 거점":100,
            "교통총점":69.0,
            "백화점":100,
            "아울렛몰":100,
            "대형마트":100,
            "은행":20,
            "병원":60,
            "종합병원":100,
            "공원":80,
            "혐오시설":0,
            "인프라총점":85.4,
            "초등학군":84.91,
            "중학군":42.24,
            "학군총점":50.774,
            "인구수":45.37,
            "인구증감":-13.51,
            "인구총점":27.706,
            "일자리":29.7,
            "소득수준":57.74,
            "일자리총점":38.112,
            "가치 총점":59.9861,
            "매매실거래년":20211009.0,
            "매매실거래가":61850.0,
            "전세실거래년":20211120.0,
            "전세실거래가":40000.0,
            "전세가율":64.67,
            "장기전세가율평균":69.69,
            "전세가율거품지수":5.02,
            "검색코드":1266,
            "세대수":285.0,
            "준공년월":"1995-11-16",
            "준공년차":28.0,
            "가까운역이름":"신도림",
            "가까운역거리":691.65,
            "역세권여부":"준역세권",
            "30분이내주요거점역":4,
            "1시간이내주요거점역":17,
            "3km이내백화점수":3,
            "5km이내아울렛몰수":2,
            "1km이내대형먀트수":2,
            "500m이내은행수":2,
            "500m이내병원수":15,
            "5km이내대형병원수":14,
            "500m이내공원수":1,
            "3km이내혐오시설수":0,
            "초등학교학업성취도":84.91,
            "중학교학업성취도":69.0,
            "용적률":661,
            "건폐율":44,
            "Y":37.502521,
            "X":126.891859,
            "rank":74.0,
            "area_info":"22평(74.67), 30평(100.41), 30평(101.18), 32평(105.81)",
            "last_sales":"2021-10-09,61850.0,22평(74.67)"
        },
        {
            "index":494,
            "아파트명":"신도림대림3차(e편한세상)",
            "투자타입":"일반",
            "전용면적(m2)":"115.88",
            "전용면적(평)":"35평",
            "법정동주소":"서울시 구로구 신도림동 691",
            "도로명주소":"서울시 구로구 신도림로 11",
            "세대수":0,
            "입주년차":20,
            "용적률점수":"--",
            "건폐율점수":"--",
            "세대당주차수":30,
            "난방방식":30,
            "공급면적":"--",
            "전용률":"--",
            "욕실수":100,
            "현관타입":100,
            "주거총점":31.5,
            "지역구공급총점":100.0,
            "역세권":50,
            "30분내 이동가능 거점":40,
            "1시간내 이동가능 거점":100,
            "교통총점":57.0,
            "백화점":100,
            "아울렛몰":100,
            "대형마트":80,
            "은행":70,
            "병원":30,
            "종합병원":100,
            "공원":0,
            "혐오시설":0,
            "인프라총점":82.0,
            "초등학군":85.42,
            "중학군":54.7,
            "학군총점":60.844,
            "인구수":45.37,
            "인구증감":-13.51,
            "인구총점":27.706,
            "일자리":29.7,
            "소득수준":57.74,
            "일자리총점":38.112,
            "가치 총점":59.9766,
            "매매실거래년":20210830.0,
            "매매실거래가":120000.0,
            "전세실거래년":20210927.0,
            "전세실거래가":70000.0,
            "전세가율":58.33,
            "장기전세가율평균":69.69,
            "전세가율거품지수":11.36,
            "검색코드":3355,
            "세대수":204.0,
            "준공년월":"2001-09-20",
            "준공년차":22.0,
            "가까운역이름":"구로",
            "가까운역거리":580.3,
            "역세권여부":"준역세권",
            "30분이내주요거점역":2,
            "1시간이내주요거점역":15,
            "3km이내백화점수":4,
            "5km이내아울렛몰수":2,
            "1km이내대형먀트수":1,
            "500m이내은행수":3,
            "500m이내병원수":9,
            "5km이내대형병원수":13,
            "500m이내공원수":0,
            "3km이내혐오시설수":0,
            "초등학교학업성취도":85.42,
            "중학교학업성취도":89.9,
            "용적률":298,
            "건폐율":19,
            "Y":37.506992,
            "X":126.877671,
            "rank":75.0,
            "area_info":"35평(115.88), 45평(148.8)",
            "last_sales":"2021-08-30,120000.0,35평(115.88)"
        },
        {
            "index":298,
            "아파트명":"뉴홍현솔레디움",
            "투자타입":"일반",
            "전용면적(m2)":"104.61",
            "전용면적(평)":"31평",
            "법정동주소":"서울시 구로구 구로동 1270",
            "도로명주소":"서울시 구로구 구로동로42길 77",
            "세대수":0,
            "입주년차":20,
            "용적률점수":"--",
            "건폐율점수":"--",
            "세대당주차수":30,
            "난방방식":30,
            "공급면적":"--",
            "전용률":"--",
            "욕실수":100,
            "현관타입":100,
            "주거총점":31.5,
            "지역구공급총점":100.0,
            "역세권":80,
            "30분내 이동가능 거점":40,
            "1시간내 이동가능 거점":100,
            "교통총점":72.0,
            "백화점":100,
            "아울렛몰":100,
            "대형마트":0,
            "은행":0,
            "병원":60,
            "종합병원":100,
            "공원":100,
            "혐오시설":0,
            "인프라총점":69.0,
            "초등학군":82.96,
            "중학군":42.24,
            "학군총점":50.384,
            "인구수":45.37,
            "인구증감":-13.51,
            "인구총점":27.706,
            "일자리":29.7,
            "소득수준":57.74,
            "일자리총점":38.112,
            "가치 총점":59.7576,
            "매매실거래년":20210717.0,
            "매매실거래가":72500.0,
            "전세실거래년":20210927.0,
            "전세실거래가":31000.0,
            "전세가율":44.29,
            "장기전세가율평균":69.69,
            "전세가율거품지수":25.4,
            "검색코드":9986,
            "세대수":109.0,
            "준공년월":"2002-12-23",
            "준공년차":21.0,
            "가까운역이름":"구로",
            "가까운역거리":473.82,
            "역세권여부":"역세권",
            "30분이내주요거점역":2,
            "1시간이내주요거점역":17,
            "3km이내백화점수":3,
            "5km이내아울렛몰수":2,
            "1km이내대형먀트수":0,
            "500m이내은행수":1,
            "500m이내병원수":14,
            "5km이내대형병원수":14,
            "500m이내공원수":2,
            "3km이내혐오시설수":0,
            "초등학교학업성취도":82.96,
            "중학교학업성취도":69.0,
            "용적률":295,
            "건폐율":23,
            "Y":37.498956,
            "X":126.883503,
            "rank":76.0,
            "area_info":"31평(104.61), 33평(110.54)",
            "last_sales":"2021-07-17,72500.0,33평(110.54)"
        },
        {
            "index":199,
            "아파트명":"청솔우성",
            "투자타입":"일반",
            "전용면적(m2)":"78.1",
            "전용면적(평)":"23평",
            "법정동주소":"서울시 구로구 고척동 329",
            "도로명주소":"서울시 구로구 중앙로 101",
            "세대수":0,
            "입주년차":20,
            "용적률점수":"--",
            "건폐율점수":"--",
            "세대당주차수":30,
            "난방방식":30,
            "공급면적":"--",
            "전용률":"--",
            "욕실수":50,
            "현관타입":100,
            "주거총점":26.5,
            "지역구공급총점":100.0,
            "역세권":50,
            "30분내 이동가능 거점":80,
            "1시간내 이동가능 거점":100,
            "교통총점":69.0,
            "백화점":100,
            "아울렛몰":100,
            "대형마트":0,
            "은행":0,
            "병원":60,
            "종합병원":100,
            "공원":100,
            "혐오시설":0,
            "인프라총점":69.0,
            "초등학군":85.91,
            "중학군":57.22,
            "학군총점":62.958,
            "인구수":45.37,
            "인구증감":-13.51,
            "인구총점":27.706,
            "일자리":29.7,
            "소득수준":57.74,
            "일자리총점":38.112,
            "가치 총점":59.5937,
            "매매실거래년":20210824.0,
            "매매실거래가":68000.0,
            "전세실거래년":20211005.0,
            "전세실거래가":35000.0,
            "전세가율":61.73,
            "장기전세가율평균":69.69,
            "전세가율거품지수":7.96,
            "검색코드":119,
            "세대수":118.0,
            "준공년월":"2000-12-26",
            "준공년차":23.0,
            "가까운역이름":"양천구청",
            "가까운역거리":865.8,
            "역세권여부":"준역세권",
            "30분이내주요거점역":4,
            "1시간이내주요거점역":15,
            "3km이내백화점수":2,
            "5km이내아울렛몰수":2,
            "1km이내대형먀트수":0,
            "500m이내은행수":1,
            "500m이내병원수":21,
            "5km이내대형병원수":11,
            "500m이내공원수":2,
            "3km이내혐오시설수":0,
            "초등학교학업성취도":85.91,
            "중학교학업성취도":94.1,
            "용적률":389,
            "건폐율":54,
            "Y":37.506226,
            "X":126.859835,
            "rank":77.0,
            "area_info":"23평(78.1), 33평(111.55)",
            "last_sales":"2021-08-24,68000.0,33평(111.55)"
        },
        {
            "index":307,
            "아파트명":"대림역포스큐(도시형)",
            "투자타입":"일반",
            "전용면적(m2)":"20.9",
            "전용면적(평)":"6평",
            "법정동주소":"서울시 구로구 구로동 106-2",
            "도로명주소":"서울시 구로구 공원로 11",
            "세대수":0,
            "입주년차":80,
            "용적률점수":"--",
            "건폐율점수":"--",
            "세대당주차수":0,
            "난방방식":30,
            "공급면적":"--",
            "전용률":"--",
            "욕실수":50,
            "현관타입":10,
            "주거총점":25.0,
            "지역구공급총점":100.0,
            "역세권":50,
            "30분내 이동가능 거점":80,
            "1시간내 이동가능 거점":100,
            "교통총점":69.0,
            "백화점":100,
            "아울렛몰":100,
            "대형마트":0,
            "은행":70,
            "병원":60,
            "종합병원":100,
            "공원":100,
            "혐오시설":0,
            "인프라총점":76.0,
            "초등학군":84.91,
            "중학군":42.24,
            "학군총점":50.774,
            "인구수":45.37,
            "인구증감":-13.51,
            "인구총점":27.706,
            "일자리":29.7,
            "소득수준":57.74,
            "일자리총점":38.112,
            "가치 총점":59.5661,
            "매매실거래년":20211227.0,
            "매매실거래가":12700.0,
            "전세실거래년":20211114.0,
            "전세실거래가":12400.0,
            "전세가율":97.64,
            "장기전세가율평균":69.69,
            "전세가율거품지수":-27.95,
            "검색코드":110561,
            "세대수":175.0,
            "준공년월":"2015-12-04",
            "준공년차":8.0,
            "가까운역이름":"대림",
            "가까운역거리":670.04,
            "역세권여부":"준역세권",
            "30분이내주요거점역":4,
            "1시간이내주요거점역":18,
            "3km이내백화점수":3,
            "5km이내아울렛몰수":2,
            "1km이내대형먀트수":0,
            "500m이내은행수":3,
            "500m이내병원수":22,
            "5km이내대형병원수":15,
            "500m이내공원수":2,
            "3km이내혐오시설수":0,
            "초등학교학업성취도":84.91,
            "중학교학업성취도":69.0,
            "용적률":917,
            "건폐율":59,
            "Y":37.49818,
            "X":126.891985,
            "rank":78.0,
            "area_info":"6평(20.9), 6평(22.9), 6평(22.66), 7평(24.11)",
            "last_sales":"2021-12-27,12700.0,6평(20.9)"
        },
        {
            "index":243,
            "아파트명":"구로순영웰라이빌2차",
            "투자타입":"일반",
            "전용면적(m2)":"88.21",
            "전용면적(평)":"26평",
            "법정동주소":"서울시 구로구 구로동 97-2",
            "도로명주소":"서울시 구로구 가마산로 280",
            "세대수":0,
            "입주년차":40,
            "용적률점수":"--",
            "건폐율점수":"--",
            "세대당주차수":30,
            "난방방식":30,
            "공급면적":"--",
            "전용률":"--",
            "욕실수":100,
            "현관타입":10,
            "주거총점":26.5,
            "지역구공급총점":100.0,
            "역세권":50,
            "30분내 이동가능 거점":80,
            "1시간내 이동가능 거점":100,
            "교통총점":69.0,
            "백화점":100,
            "아울렛몰":100,
            "대형마트":0,
            "은행":70,
            "병원":60,
            "종합병원":100,
            "공원":80,
            "혐오시설":0,
            "인프라총점":75.4,
            "초등학군":82.02,
            "중학군":41.68,
            "학군총점":49.748,
            "인구수":45.37,
            "인구증감":-13.51,
            "인구총점":27.706,
            "일자리":29.7,
            "소득수준":57.74,
            "일자리총점":38.112,
            "가치 총점":59.5322,
            "매매실거래년":20211107.0,
            "매매실거래가":61000.0,
            "전세실거래년":20211218.0,
            "전세실거래가":28350.0,
            "전세가율":51.55,
            "장기전세가율평균":69.69,
            "전세가율거품지수":18.14,
            "검색코드":22236,
            "세대수":166.0,
            "준공년월":"2005-06-15",
            "준공년차":18.0,
            "가까운역이름":"대림",
            "가까운역거리":506.83,
            "역세권여부":"준역세권",
            "30분이내주요거점역":4,
            "1시간이내주요거점역":17,
            "3km이내백화점수":3,
            "5km이내아울렛몰수":2,
            "1km이내대형먀트수":0,
            "500m이내은행수":3,
            "500m이내병원수":22,
            "5km이내대형병원수":15,
            "500m이내공원수":1,
            "3km이내혐오시설수":0,
            "초등학교학업성취도":82.02,
            "중학교학업성취도":69.2,
            "용적률":882,
            "건폐율":58,
            "Y":37.496067,
            "X":126.891586,
            "rank":79.0,
            "area_info":"26평(88.21), 27평(89.66), 27평(91.16)",
            "last_sales":"2021-11-07,61000.0,27평(89.66)"
        },
        {
            "index":330,
            "아파트명":"비즈트위트레인보우(도시형)",
            "투자타입":"일반",
            "전용면적(m2)":"22.56",
            "전용면적(평)":"6평",
            "법정동주소":"서울시 구로구 구로동 44-5",
            "도로명주소":"서울시 구로구 공원로6길 25",
            "세대수":0,
            "입주년차":60,
            "용적률점수":"--",
            "건폐율점수":"--",
            "세대당주차수":0,
            "난방방식":30,
            "공급면적":"--",
            "전용률":"--",
            "욕실수":50,
            "현관타입":10,
            "주거총점":21.0,
            "지역구공급총점":100.0,
            "역세권":50,
            "30분내 이동가능 거점":60,
            "1시간내 이동가능 거점":100,
            "교통총점":63.0,
            "백화점":100,
            "아울렛몰":100,
            "대형마트":100,
            "은행":20,
            "병원":60,
            "종합병원":100,
            "공원":80,
            "혐오시설":0,
            "인프라총점":85.4,
            "초등학군":84.91,
            "중학군":42.24,
            "학군총점":50.774,
            "인구수":45.37,
            "인구증감":-13.51,
            "인구총점":27.706,
            "일자리":29.7,
            "소득수준":57.74,
            "일자리총점":38.112,
            "가치 총점":59.4861,
            "매매실거래년":20211102.0,
            "매매실거래가":13000.0,
            "전세실거래년":20191207.0,
            "전세실거래가":10600.0,
            "전세가율":81.54,
            "장기전세가율평균":69.69,
            "전세가율거품지수":-11.85,
            "검색코드":102638,
            "세대수":130.0,
            "준공년월":"2012-06-05",
            "준공년차":11.0,
            "가까운역이름":"신도림",
            "가까운역거리":714.88,
            "역세권여부":"준역세권",
            "30분이내주요거점역":3,
            "1시간이내주요거점역":16,
            "3km이내백화점수":3,
            "5km이내아울렛몰수":2,
            "1km이내대형먀트수":2,
            "500m이내은행수":2,
            "500m이내병원수":15,
            "5km이내대형병원수":14,
            "500m이내공원수":1,
            "3km이내혐오시설수":0,
            "초등학교학업성취도":84.91,
            "중학교학업성취도":69.0,
            "용적률":925,
            "건폐율":58,
            "Y":37.502303,
            "X":126.891675,
            "rank":80.0,
            "area_info":"6평(22.56), 7평(23.17), 7평(23.68)",
            "last_sales":"2021-11-02,13000.0,6평(22.56)"
        },
        {
            "index":322,
            "아파트명":"로제리움2차(도시형)",
            "투자타입":"일반",
            "전용면적(m2)":"22.35",
            "전용면적(평)":"6평",
            "법정동주소":"서울시 구로구 구로동 97",
            "도로명주소":"서울시 구로구 가마산로26길 5",
            "세대수":0,
            "입주년차":80,
            "용적률점수":"--",
            "건폐율점수":"--",
            "세대당주차수":0,
            "난방방식":30,
            "공급면적":"--",
            "전용률":"--",
            "욕실수":50,
            "현관타입":10,
            "주거총점":25.0,
            "지역구공급총점":100.0,
            "역세권":50,
            "30분내 이동가능 거점":80,
            "1시간내 이동가능 거점":100,
            "교통총점":69.0,
            "백화점":100,
            "아울렛몰":100,
            "대형마트":0,
            "은행":70,
            "병원":60,
            "종합병원":100,
            "공원":100,
            "혐오시설":0,
            "인프라총점":76.0,
            "초등학군":82.02,
            "중학군":42.24,
            "학군총점":50.196,
            "인구수":45.37,
            "인구증감":-13.51,
            "인구총점":27.706,
            "일자리":29.7,
            "소득수준":57.74,
            "일자리총점":38.112,
            "가치 총점":59.4794,
            "매매실거래년":20211208.0,
            "매매실거래가":11450.0,
            "전세실거래년":20210507.0,
            "전세실거래가":13000.0,
            "전세가율":118.18,
            "장기전세가율평균":69.69,
            "전세가율거품지수":-48.49,
            "검색코드":104022,
            "세대수":141.0,
            "준공년월":"2014-01-03",
            "준공년차":9.0,
            "가까운역이름":"대림",
            "가까운역거리":554.3,
            "역세권여부":"준역세권",
            "30분이내주요거점역":4,
            "1시간이내주요거점역":18,
            "3km이내백화점수":3,
            "5km이내아울렛몰수":2,
            "1km이내대형먀트수":0,
            "500m이내은행수":3,
            "500m이내병원수":22,
            "5km이내대형병원수":15,
            "500m이내공원수":2,
            "3km이내혐오시설수":0,
            "초등학교학업성취도":82.02,
            "중학교학업성취도":69.0,
            "용적률":931,
            "건폐율":55,
            "Y":37.496161,
            "X":126.890974,
            "rank":81.0,
            "area_info":"6평(22.35), 7평(23.73)",
            "last_sales":"2021-12-08,11450.0,7평(23.73)"
        },
        {
            "index":72,
            "아파트명":"청실",
            "투자타입":"재건축",
            "전용면적(m2)":"83.53",
            "전용면적(평)":"25평",
            "법정동주소":"서울시 구로구 개봉동 175-8",
            "도로명주소":"서울시 구로구 경인로40길 25",
            "세대수":0,
            "입주년차":"--",
            "용적률점수":60,
            "건폐율점수":100,
            "세대당주차수":"--",
            "난방방식":"--",
            "공급면적":70,
            "전용률":60,
            "욕실수":"--",
            "현관타입":"--",
            "주거총점":50.5,
            "지역구공급총점":100.0,
            "역세권":80,
            "30분내 이동가능 거점":60,
            "1시간내 이동가능 거점":100,
            "교통총점":78.0,
            "백화점":0,
            "아울렛몰":100,
            "대형마트":0,
            "은행":70,
            "병원":80,
            "종합병원":100,
            "공원":0,
            "혐오시설":0,
            "인프라총점":45.0,
            "초등학군":83.87,
            "중학군":46.46,
            "학군총점":53.942,
            "인구수":45.37,
            "인구증감":-13.51,
            "인구총점":27.706,
            "일자리":29.7,
            "소득수준":57.74,
            "일자리총점":38.112,
            "가치 총점":58.9913,
            "매매실거래년":20210823.0,
            "매매실거래가":64000.0,
            "전세실거래년":20211207.0,
            "전세실거래가":23000.0,
            "전세가율":39.66,
            "장기전세가율평균":69.69,
            "전세가율거품지수":30.03,
            "검색코드":3195,
            "세대수":156.0,
            "준공년월":"1987-11-23",
            "준공년차":36.0,
            "가까운역이름":"개봉",
            "가까운역거리":127.35,
            "역세권여부":"역세권",
            "30분이내주요거점역":3,
            "1시간이내주요거점역":15,
            "3km이내백화점수":0,
            "5km이내아울렛몰수":2,
            "1km이내대형먀트수":0,
            "500m이내은행수":3,
            "500m이내병원수":44,
            "5km이내대형병원수":9,
            "500m이내공원수":0,
            "3km이내혐오시설수":0,
            "초등학교학업성취도":83.87,
            "중학교학업성취도":76.3,
            "용적률":234,
            "건폐율":17,
            "Y":37.49542,
            "X":126.85968,
            "rank":82.0,
            "area_info":"25평(83.53), 29평(98.42)",
            "last_sales":"2021-08-23,64000.0,29평(98.42)"
        },
        {
            "index":358,
            "아파트명":"순영웰라이빌1차",
            "투자타입":"일반",
            "전용면적(m2)":"87.26",
            "전용면적(평)":"26평",
            "법정동주소":"서울시 구로구 구로동 106-10",
            "도로명주소":"서울시 구로구 가마산로27길 24",
            "세대수":0,
            "입주년차":20,
            "용적률점수":"--",
            "건폐율점수":"--",
            "세대당주차수":60,
            "난방방식":30,
            "공급면적":"--",
            "전용률":"--",
            "욕실수":50,
            "현관타입":10,
            "주거총점":22.0,
            "지역구공급총점":100.0,
            "역세권":50,
            "30분내 이동가능 거점":80,
            "1시간내 이동가능 거점":100,
            "교통총점":69.0,
            "백화점":100,
            "아울렛몰":100,
            "대형마트":0,
            "은행":70,
            "병원":60,
            "종합병원":100,
            "공원":100,
            "혐오시설":0,
            "인프라총점":76.0,
            "초등학군":84.91,
            "중학군":42.24,
            "학군총점":50.774,
            "인구수":45.37,
            "인구증감":-13.51,
            "인구총점":27.706,
            "일자리":29.7,
            "소득수준":57.74,
            "일자리총점":38.112,
            "가치 총점":58.9661,
            "매매실거래년":20210810.0,
            "매매실거래가":59950.0,
            "전세실거래년":20220117.0,
            "전세실거래가":28350.0,
            "전세가율":47.29,
            "장기전세가율평균":69.69,
            "전세가율거품지수":22.4,
            "검색코드":22237,
            "세대수":102.0,
            "준공년월":"2003-11-08",
            "준공년차":20.0,
            "가까운역이름":"대림",
            "가까운역거리":670.44,
            "역세권여부":"준역세권",
            "30분이내주요거점역":4,
            "1시간이내주요거점역":18,
            "3km이내백화점수":3,
            "5km이내아울렛몰수":2,
            "1km이내대형먀트수":0,
            "500m이내은행수":3,
            "500m이내병원수":25,
            "5km이내대형병원수":15,
            "500m이내공원수":2,
            "3km이내혐오시설수":0,
            "초등학교학업성취도":84.91,
            "중학교학업성취도":69.0,
            "용적률":668,
            "건폐율":59,
            "Y":37.497996,
            "X":126.891603,
            "rank":83.0,
            "area_info":"26평(87.26)",
            "last_sales":"2021-08-10,59950.0,26평(87.26)"
        },
        {
            "index":161,
            "아파트명":"삼환로즈빌",
            "투자타입":"일반",
            "전용면적(m2)":"83.24",
            "전용면적(평)":"25평",
            "법정동주소":"서울시 구로구 고척동 336",
            "도로명주소":"서울시 구로구 경인로 343",
            "세대수":50,
            "입주년차":40,
            "용적률점수":"--",
            "건폐율점수":"--",
            "세대당주차수":30,
            "난방방식":30,
            "공급면적":"--",
            "전용률":"--",
            "욕실수":100,
            "현관타입":100,
            "주거총점":53.0,
            "지역구공급총점":100.0,
            "역세권":80,
            "30분내 이동가능 거점":60,
            "1시간내 이동가능 거점":100,
            "교통총점":78.0,
            "백화점":0,
            "아울렛몰":100,
            "대형마트":0,
            "은행":20,
            "병원":80,
            "종합병원":100,
            "공원":80,
            "혐오시설":0,
            "인프라총점":42.4,
            "초등학군":91.39,
            "중학군":46.46,
            "학군총점":55.446,
            "인구수":45.37,
            "인구증감":-13.51,
            "인구총점":27.706,
            "일자리":29.7,
            "소득수준":57.74,
            "일자리총점":38.112,
            "가치 총점":58.9369,
            "매매실거래년":20211121.0,
            "매매실거래가":108000.0,
            "전세실거래년":20211204.0,
            "전세실거래가":35700.0,
            "전세가율":43.8,
            "장기전세가율평균":69.69,
            "전세가율거품지수":25.89,
            "검색코드":10309,
            "세대수":600.0,
            "준공년월":"2004-12-10",
            "준공년차":19.0,
            "가까운역이름":"개봉",
            "가까운역거리":406.84,
            "역세권여부":"역세권",
            "30분이내주요거점역":3,
            "1시간이내주요거점역":15,
            "3km이내백화점수":0,
            "5km이내아울렛몰수":2,
            "1km이내대형먀트수":0,
            "500m이내은행수":2,
            "500m이내병원수":32,
            "5km이내대형병원수":10,
            "500m이내공원수":1,
            "3km이내혐오시설수":0,
            "초등학교학업성취도":91.39,
            "중학교학업성취도":76.3,
            "용적률":318,
            "건폐율":21,
            "Y":37.498074,
            "X":126.857256,
            "rank":84.0,
            "area_info":"25평(83.24), 32평(107.41), 33평(109.66), 39평(129.54)",
            "last_sales":"2021-11-21,108000.0,32평(107.41)"
        },
        {
            "index":732,
            "아파트명":"천왕이펜하우스3단지",
            "투자타입":"일반",
            "전용면적(m2)":"114.43",
            "전용면적(평)":"34평",
            "법정동주소":"서울시 구로구 천왕동 278",
            "도로명주소":"서울시 구로구 천왕로 56",
            "세대수":90,
            "입주년차":60,
            "용적률점수":"--",
            "건폐율점수":"--",
            "세대당주차수":30,
            "난방방식":30,
            "공급면적":"--",
            "전용률":"--",
            "욕실수":100,
            "현관타입":100,
            "주거총점":71.0,
            "지역구공급총점":100.0,
            "역세권":80,
            "30분내 이동가능 거점":40,
            "1시간내 이동가능 거점":100,
            "교통총점":72.0,
            "백화점":0,
            "아울렛몰":100,
            "대형마트":0,
            "은행":0,
            "병원":60,
            "종합병원":100,
            "공원":100,
            "혐오시설":0,
            "인프라총점":39.0,
            "초등학군":86.18,
            "중학군":42.66,
            "학군총점":51.364,
            "인구수":45.37,
            "인구증감":-13.51,
            "인구총점":27.706,
            "일자리":29.7,
            "소득수준":57.74,
            "일자리총점":38.112,
            "가치 총점":58.8046,
            "매매실거래년":20200822.0,
            "매매실거래가":74000.0,
            "전세실거래년":20211229.0,
            "전세실거래가":20051.0,
            "전세가율":27.1,
            "장기전세가율평균":69.69,
            "전세가율거품지수":42.59,
            "검색코드":102852,
            "세대수":1044.0,
            "준공년월":"2011-10-12",
            "준공년차":12.0,
            "가까운역이름":"천왕",
            "가까운역거리":444.6,
            "역세권여부":"역세권",
            "30분이내주요거점역":2,
            "1시간이내주요거점역":10,
            "3km이내백화점수":0,
            "5km이내아울렛몰수":2,
            "1km이내대형먀트수":0,
            "500m이내은행수":0,
            "500m이내병원수":12,
            "5km이내대형병원수":6,
            "500m이내공원수":7,
            "3km이내혐오시설수":0,
            "초등학교학업성취도":86.18,
            "중학교학업성취도":68.9,
            "용적률":197,
            "건폐율":19,
            "Y":37.482778,
            "X":126.840032,
            "rank":85.0,
            "area_info":"34평(114.43)",
            "last_sales":"2020-08-22,74000.0,34평(114.43)"
        },
        {
            "index":115,
            "아파트명":"고척마젤란",
            "투자타입":"일반",
            "전용면적(m2)":"79.42",
            "전용면적(평)":"24평",
            "법정동주소":"서울시 구로구 고척동 338",
            "도로명주소":"서울시 구로구 경인로47길 128",
            "세대수":0,
            "입주년차":40,
            "용적률점수":"--",
            "건폐율점수":"--",
            "세대당주차수":30,
            "난방방식":30,
            "공급면적":"--",
            "전용률":"--",
            "욕실수":100,
            "현관타입":100,
            "주거총점":35.5,
            "지역구공급총점":100.0,
            "역세권":50,
            "30분내 이동가능 거점":60,
            "1시간내 이동가능 거점":100,
            "교통총점":63.0,
            "백화점":100,
            "아울렛몰":100,
            "대형마트":0,
            "은행":20,
            "병원":60,
            "종합병원":100,
            "공원":100,
            "혐오시설":0,
            "인프라총점":71.0,
            "초등학군":84.71,
            "중학군":47.6,
            "학군총점":55.022,
            "인구수":45.37,
            "인구증감":-13.51,
            "인구총점":27.706,
            "일자리":29.7,
            "소득수준":57.74,
            "일자리총점":38.112,
            "가치 총점":58.7033,
            "매매실거래년":20210126.0,
            "매매실거래가":76000.0,
            "전세실거래년":20200725.0,
            "전세실거래가":35700.0,
            "전세가율":62.09,
            "장기전세가율평균":69.69,
            "전세가율거품지수":7.6,
            "검색코드":27097,
            "세대수":175.0,
            "준공년월":"2008-05-01",
            "준공년차":15.0,
            "가까운역이름":"양천구청",
            "가까운역거리":920.33,
            "역세권여부":"준역세권",
            "30분이내주요거점역":3,
            "1시간이내주요거점역":14,
            "3km이내백화점수":2,
            "5km이내아울렛몰수":2,
            "1km이내대형먀트수":0,
            "500m이내은행수":2,
            "500m이내병원수":22,
            "5km이내대형병원수":11,
            "500m이내공원수":2,
            "3km이내혐오시설수":0,
            "초등학교학업성취도":84.71,
            "중학교학업성취도":78.6,
            "용적률":220,
            "건폐율":20,
            "Y":37.504257,
            "X":126.863937,
            "rank":86.0,
            "area_info":"24평(79.42), 24평(79.69), 26평(86.81), 32평(107.66), 36평(119.53), 36평(121.01)",
            "last_sales":"2021-01-26,76000.0,36평(121.01)"
        },
        {
            "index":127,
            "아파트명":"동아한신",
            "투자타입":"일반",
            "전용면적(m2)":"82.24",
            "전용면적(평)":"24평",
            "법정동주소":"서울시 구로구 고척동 327",
            "도로명주소":"서울시 구로구 중앙로6길 17",
            "세대수":30,
            "입주년차":20,
            "용적률점수":"--",
            "건폐율점수":"--",
            "세대당주차수":30,
            "난방방식":30,
            "공급면적":"--",
            "전용률":"--",
            "욕실수":50,
            "현관타입":10,
            "주거총점":28.0,
            "지역구공급총점":100.0,
            "역세권":50,
            "30분내 이동가능 거점":60,
            "1시간내 이동가능 거점":100,
            "교통총점":63.0,
            "백화점":100,
            "아울렛몰":100,
            "대형마트":0,
            "은행":70,
            "병원":60,
            "종합병원":100,
            "공원":80,
            "혐오시설":0,
            "인프라총점":75.4,
            "초등학군":84.71,
            "중학군":47.6,
            "학군총점":55.022,
            "인구수":45.37,
            "인구증감":-13.51,
            "인구총점":27.706,
            "일자리":29.7,
            "소득수준":57.74,
            "일자리총점":38.112,
            "가치 총점":58.5233,
            "매매실거래년":20210208.0,
            "매매실거래가":89900.0,
            "전세실거래년":20211230.0,
            "전세실거래가":28000.0,
            "전세가율":53.85,
            "장기전세가율평균":69.69,
            "전세가율거품지수":15.84,
            "검색코드":1067,
            "세대수":355.0,
            "준공년월":"2000-04-19",
            "준공년차":23.0,
            "가까운역이름":"구일",
            "가까운역거리":683.57,
            "역세권여부":"준역세권",
            "30분이내주요거점역":3,
            "1시간이내주요거점역":15,
            "3km이내백화점수":2,
            "5km이내아울렛몰수":2,
            "1km이내대형먀트수":0,
            "500m이내은행수":4,
            "500m이내병원수":19,
            "5km이내대형병원수":11,
            "500m이내공원수":1,
            "3km이내혐오시설수":0,
            "초등학교학업성취도":84.71,
            "중학교학업성취도":78.6,
            "용적률":293,
            "건폐율":20,
            "Y":37.501107,
            "X":126.865319,
            "rank":87.0,
            "area_info":"24평(82.24), 24평(82.16), 24평(82.07), 32평(106.83), 32평(106.92), 43평(145.06), 50평(165.83)",
            "last_sales":"2021-02-08,89900.0,43평(145.06)"
        },
        {
            "index":401,
            "아파트명":"우방",
            "투자타입":"일반",
            "전용면적(m2)":"101.78",
            "전용면적(평)":"30평",
            "법정동주소":"서울시 구로구 구로동 642-46",
            "도로명주소":"서울시 구로구 구일로 154-17",
            "세대수":0,
            "입주년차":0,
            "용적률점수":"--",
            "건폐율점수":"--",
            "세대당주차수":0,
            "난방방식":80,
            "공급면적":"--",
            "전용률":"--",
            "욕실수":100,
            "현관타입":10,
            "주거총점":19.0,
            "지역구공급총점":100.0,
            "역세권":80,
            "30분내 이동가능 거점":60,
            "1시간내 이동가능 거점":100,
            "교통총점":78.0,
            "백화점":100,
            "아울렛몰":100,
            "대형마트":0,
            "은행":0,
            "병원":30,
            "종합병원":100,
            "공원":0,
            "혐오시설":0,
            "인프라총점":63.0,
            "초등학군":86.28,
            "중학군":49.22,
            "학군총점":56.632,
            "인구수":45.37,
            "인구증감":-13.51,
            "인구총점":27.706,
            "일자리":29.7,
            "소득수준":57.74,
            "일자리총점":38.112,
            "가치 총점":58.4948,
            "매매실거래년":20200117.0,
            "매매실거래가":45000.0,
            "전세실거래년":20201113.0,
            "전세실거래가":28300.0,
            "전세가율":81.32,
            "장기전세가율평균":69.69,
            "전세가율거품지수":-11.63,
            "검색코드":3201,
            "세대수":256.0,
            "준공년월":"1993-09-22",
            "준공년차":30.0,
            "가까운역이름":"구일",
            "가까운역거리":360.51,
            "역세권여부":"역세권",
            "30분이내주요거점역":3,
            "1시간이내주요거점역":14,
            "3km이내백화점수":1,
            "5km이내아울렛몰수":2,
            "1km이내대형먀트수":0,
            "500m이내은행수":1,
            "500m이내병원수":8,
            "5km이내대형병원수":13,
            "500m이내공원수":0,
            "3km이내혐오시설수":0,
            "초등학교학업성취도":86.28,
            "중학교학업성취도":81.1,
            "용적률":293,
            "건폐율":27,
            "Y":37.49768,
            "X":126.87471,
            "rank":88.0,
            "area_info":"30평(101.78), 30평(102.26), 30평(102.26), 30평(102.08)",
            "last_sales":"2020-01-17,45000.0,30평(102.26)"
        },
        {
            "index":649,
            "아파트명":"현대",
            "투자타입":"재건축",
            "전용면적(m2)":"70.61",
            "전용면적(평)":"21평",
            "법정동주소":"서울시 구로구 오류동 156-15",
            "도로명주소":"서울시 구로구 오류로 62-15",
            "세대수":0,
            "입주년차":"--",
            "용적률점수":100,
            "건폐율점수":80,
            "세대당주차수":"--",
            "난방방식":"--",
            "공급면적":50,
            "전용률":60,
            "욕실수":"--",
            "현관타입":"--",
            "주거총점":61.5,
            "지역구공급총점":100.0,
            "역세권":80,
            "30분내 이동가능 거점":40,
            "1시간내 이동가능 거점":100,
            "교통총점":72.0,
            "백화점":0,
            "아울렛몰":100,
            "대형마트":0,
            "은행":20,
            "병원":60,
            "종합병원":100,
            "공원":100,
            "혐오시설":0,
            "인프라총점":41.0,
            "초등학군":85.9,
            "중학군":49.64,
            "학군총점":56.892,
            "인구수":45.37,
            "인구증감":-13.51,
            "인구총점":27.706,
            "일자리":29.7,
            "소득수준":57.74,
            "일자리총점":38.112,
            "가치 총점":58.3338,
            "매매실거래년":"18000101",
            "매매실거래가":null,
            "전세실거래년":null,
            "전세실거래가":null,
            "전세가율":null,
            "장기전세가율평균":69.69,
            "전세가율거품지수":null,
            "검색코드":3216,
            "세대수":240.0,
            "준공년월":"1985-12-03",
            "준공년차":38.0,
            "가까운역이름":"천왕",
            "가까운역거리":364.96,
            "역세권여부":"역세권",
            "30분이내주요거점역":2,
            "1시간이내주요거점역":13,
            "3km이내백화점수":0,
            "5km이내아울렛몰수":2,
            "1km이내대형먀트수":0,
            "500m이내은행수":2,
            "500m이내병원수":16,
            "5km이내대형병원수":8,
            "500m이내공원수":2,
            "3km이내혐오시설수":0,
            "초등학교학업성취도":85.9,
            "중학교학업성취도":82.4,
            "용적률":75,
            "건폐율":25,
            "Y":37.489205,
            "X":126.841289,
            "rank":89.0,
            "area_info":"21평(70.61), 25평(84.33), 26평(88.91), 29평(96.28), 30평(100.1)",
            "last_sales":"1800-01-01,nan,21평(70.61)"
        },
        {
            "index":416,
            "아파트명":"한국현대",
            "투자타입":"일반",
            "전용면적(m2)":"102.61",
            "전용면적(평)":"31평",
            "법정동주소":"서울시 구로구 구로동 642-39",
            "도로명주소":"서울시 구로구 구일로8길 107",
            "세대수":0,
            "입주년차":0,
            "용적률점수":"--",
            "건폐율점수":"--",
            "세대당주차수":0,
            "난방방식":30,
            "공급면적":"--",
            "전용률":"--",
            "욕실수":100,
            "현관타입":10,
            "주거총점":14.0,
            "지역구공급총점":100.0,
            "역세권":80,
            "30분내 이동가능 거점":60,
            "1시간내 이동가능 거점":100,
            "교통총점":78.0,
            "백화점":100,
            "아울렛몰":100,
            "대형마트":0,
            "은행":0,
            "병원":30,
            "종합병원":100,
            "공원":80,
            "혐오시설":0,
            "인프라총점":65.4,
            "초등학군":86.28,
            "중학군":49.22,
            "학군총점":56.632,
            "인구수":45.37,
            "인구증감":-13.51,
            "인구총점":27.706,
            "일자리":29.7,
            "소득수준":57.74,
            "일자리총점":38.112,
            "가치 총점":58.2148,
            "매매실거래년":20201201.0,
            "매매실거래가":58500.0,
            "전세실거래년":20220108.0,
            "전세실거래가":29400.0,
            "전세가율":50.26,
            "장기전세가율평균":69.69,
            "전세가율거품지수":19.43,
            "검색코드":142,
            "세대수":105.0,
            "준공년월":"1994-05-13",
            "준공년차":29.0,
            "가까운역이름":"구일",
            "가까운역거리":429.63,
            "역세권여부":"역세권",
            "30분이내주요거점역":3,
            "1시간이내주요거점역":14,
            "3km이내백화점수":1,
            "5km이내아울렛몰수":2,
            "1km이내대형먀트수":0,
            "500m이내은행수":1,
            "500m이내병원수":9,
            "5km이내대형병원수":13,
            "500m이내공원수":1,
            "3km이내혐오시설수":0,
            "초등학교학업성취도":86.28,
            "중학교학업성취도":81.1,
            "용적률":299,
            "건폐율":23,
            "Y":37.49786,
            "X":126.87546,
            "rank":90.0,
            "area_info":"31평(102.61), 31평(102.84)",
            "last_sales":"2020-12-01,58500.0,31평(102.61)"
        },
        {
            "index":54,
            "아파트명":"삼환",
            "투자타입":"일반",
            "전용면적(m2)":"85.82",
            "전용면적(평)":"25평",
            "법정동주소":"서울시 구로구 개봉동 470",
            "도로명주소":"서울시 구로구 남부순환로95길 54",
            "세대수":80,
            "입주년차":0,
            "용적률점수":"--",
            "건폐율점수":"--",
            "세대당주차수":0,
            "난방방식":30,
            "공급면적":"--",
            "전용률":"--",
            "욕실수":50,
            "현관타입":10,
            "주거총점":37.0,
            "지역구공급총점":100.0,
            "역세권":80,
            "30분내 이동가능 거점":80,
            "1시간내 이동가능 거점":100,
            "교통총점":84.0,
            "백화점":0,
            "아울렛몰":100,
            "대형마트":0,
            "은행":70,
            "병원":80,
            "종합병원":100,
            "공원":0,
            "혐오시설":0,
            "인프라총점":45.0,
            "초등학군":75.45,
            "중학군":46.46,
            "학군총점":52.258,
            "인구수":45.37,
            "인구증감":-13.51,
            "인구총점":27.706,
            "일자리":29.7,
            "소득수준":57.74,
            "일자리총점":38.112,
            "가치 총점":58.1387,
            "매매실거래년":20211030.0,
            "매매실거래가":69000.0,
            "전세실거래년":20220103.0,
            "전세실거래가":27800.0,
            "전세가율":40.29,
            "장기전세가율평균":69.69,
            "전세가율거품지수":29.4,
            "검색코드":115,
            "세대수":783.0,
            "준공년월":"1995-11-30",
            "준공년차":28.0,
            "가까운역이름":"개봉",
            "가까운역거리":327.75,
            "역세권여부":"역세권",
            "30분이내주요거점역":4,
            "1시간이내주요거점역":16,
            "3km이내백화점수":0,
            "5km이내아울렛몰수":2,
            "1km이내대형먀트수":0,
            "500m이내은행수":3,
            "500m이내병원수":49,
            "5km이내대형병원수":8,
            "500m이내공원수":0,
            "3km이내혐오시설수":0,
            "초등학교학업성취도":75.45,
            "중학교학업성취도":76.3,
            "용적률":397,
            "건폐율":0,
            "Y":37.494907,
            "X":126.854986,
            "rank":91.0,
            "area_info":"25평(85.82), 32평(107.99), 42평(140.58)",
            "last_sales":"2021-10-30,69000.0,25평(85.82)"
        },
        {
            "index":78,
            "아파트명":"한양아이클래스구로(도시형)",
            "투자타입":"일반",
            "전용면적(m2)":"57.23",
            "전용면적(평)":"17평",
            "법정동주소":"서울시 구로구 개봉동 493",
            "도로명주소":"서울시 구로구 개봉로23가길 10",
            "세대수":0,
            "입주년차":80,
            "용적률점수":"--",
            "건폐율점수":"--",
            "세대당주차수":0,
            "난방방식":30,
            "공급면적":"--",
            "전용률":"--",
            "욕실수":50,
            "현관타입":100,
            "주거총점":34.0,
            "지역구공급총점":100.0,
            "역세권":80,
            "30분내 이동가능 거점":80,
            "1시간내 이동가능 거점":100,
            "교통총점":84.0,
            "백화점":0,
            "아울렛몰":100,
            "대형마트":0,
            "은행":70,
            "병원":80,
            "종합병원":100,
            "공원":0,
            "혐오시설":0,
            "인프라총점":45.0,
            "초등학군":91.39,
            "중학군":46.46,
            "학군총점":55.446,
            "인구수":45.37,
            "인구증감":-13.51,
            "인구총점":27.706,
            "일자리":29.7,
            "소득수준":57.74,
            "일자리총점":38.112,
            "가치 총점":58.0169,
            "매매실거래년":20211109.0,
            "매매실거래가":44000.0,
            "전세실거래년":20200927.0,
            "전세실거래가":21000.0,
            "전세가율":64.62,
            "장기전세가율평균":69.69,
            "전세가율거품지수":5.07,
            "검색코드":112776,
            "세대수":149.0,
            "준공년월":"2018-02-13",
            "준공년차":5.0,
            "가까운역이름":"개봉",
            "가까운역거리":182.52,
            "역세권여부":"역세권",
            "30분이내주요거점역":4,
            "1시간이내주요거점역":14,
            "3km이내백화점수":0,
            "5km이내아울렛몰수":2,
            "1km이내대형먀트수":0,
            "500m이내은행수":3,
            "500m이내병원수":51,
            "5km이내대형병원수":9,
            "500m이내공원수":0,
            "3km이내혐오시설수":0,
            "초등학교학업성취도":91.39,
            "중학교학업성취도":76.3,
            "용적률":335,
            "건폐율":37,
            "Y":37.495467,
            "X":126.856928,
            "rank":92.0,
            "area_info":"17평(57.23), 18평(60.0), 18평(61.24), 19평(64.51), 19평(65.19)",
            "last_sales":"2021-11-09,44000.0,19평(65.19)"
        },
        {
            "index":173,
            "아파트명":"신원프라자",
            "투자타입":"일반",
            "전용면적(m2)":"85.87",
            "전용면적(평)":"25평",
            "법정동주소":"서울시 구로구 고척동 324",
            "도로명주소":"서울시 구로구 중앙로1길 18-18",
            "세대수":0,
            "입주년차":0,
            "용적률점수":"--",
            "건폐율점수":"--",
            "세대당주차수":60,
            "난방방식":30,
            "공급면적":"--",
            "전용률":"--",
            "욕실수":50,
            "현관타입":10,
            "주거총점":18.0,
            "지역구공급총점":100.0,
            "역세권":50,
            "30분내 이동가능 거점":80,
            "1시간내 이동가능 거점":100,
            "교통총점":69.0,
            "백화점":100,
            "아울렛몰":100,
            "대형마트":0,
            "은행":70,
            "병원":60,
            "종합병원":100,
            "공원":0,
            "혐오시설":0,
            "인프라총점":73.0,
            "초등학군":84.71,
            "중학군":47.6,
            "학군총점":55.022,
            "인구수":45.37,
            "인구증감":-13.51,
            "인구총점":27.706,
            "일자리":29.7,
            "소득수준":57.74,
            "일자리총점":38.112,
            "가치 총점":57.9033,
            "매매실거래년":20210807.0,
            "매매실거래가":45000.0,
            "전세실거래년":20210715.0,
            "전세실거래가":25200.0,
            "전세가율":56.0,
            "장기전세가율평균":69.69,
            "전세가율거품지수":13.69,
            "검색코드":1065,
            "세대수":123.0,
            "준공년월":"1997-04-30",
            "준공년차":26.0,
            "가까운역이름":"개봉",
            "가까운역거리":680.58,
            "역세권여부":"준역세권",
            "30분이내주요거점역":4,
            "1시간이내주요거점역":14,
            "3km이내백화점수":1,
            "5km이내아울렛몰수":2,
            "1km이내대형먀트수":0,
            "500m이내은행수":4,
            "500m이내병원수":21,
            "5km이내대형병원수":11,
            "500m이내공원수":0,
            "3km이내혐오시설수":0,
            "초등학교학업성취도":84.71,
            "중학교학업성취도":78.6,
            "용적률":359,
            "건폐율":41,
            "Y":37.499309,
            "X":126.863599,
            "rank":93.0,
            "area_info":"25평(85.87), 28평(93.6), 36평(120.66)",
            "last_sales":"2021-08-07,45000.0,25평(85.87)"
        },
        {
            "index":349,
            "아파트명":"새솔금호",
            "투자타입":"일반",
            "전용면적(m2)":"84.96",
            "전용면적(평)":"25평",
            "법정동주소":"서울시 구로구 구로동 108-2",
            "도로명주소":"서울시 구로구 공원로 35",
            "세대수":0,
            "입주년차":0,
            "용적률점수":"--",
            "건폐율점수":"--",
            "세대당주차수":0,
            "난방방식":30,
            "공급면적":"--",
            "전용률":"--",
            "욕실수":50,
            "현관타입":100,
            "주거총점":18.0,
            "지역구공급총점":100.0,
            "역세권":50,
            "30분내 이동가능 거점":40,
            "1시간내 이동가능 거점":100,
            "교통총점":57.0,
            "백화점":100,
            "아울렛몰":100,
            "대형마트":80,
            "은행":70,
            "병원":60,
            "종합병원":100,
            "공원":100,
            "혐오시설":0,
            "인프라총점":88.0,
            "초등학군":84.91,
            "중학군":42.24,
            "학군총점":50.774,
            "인구수":45.37,
            "인구증감":-13.51,
            "인구총점":27.706,
            "일자리":29.7,
            "소득수준":57.74,
            "일자리총점":38.112,
            "가치 총점":57.5661,
            "매매실거래년":20210807.0,
            "매매실거래가":59000.0,
            "전세실거래년":20210720.0,
            "전세실거래가":40000.0,
            "전세가율":67.8,
            "장기전세가율평균":69.69,
            "전세가율거품지수":1.89,
            "검색코드":1269,
            "세대수":272.0,
            "준공년월":"1996-07-01",
            "준공년차":27.0,
            "가까운역이름":"구로",
            "가까운역거리":816.33,
            "역세권여부":"준역세권",
            "30분이내주요거점역":2,
            "1시간이내주요거점역":16,
            "3km이내백화점수":3,
            "5km이내아울렛몰수":2,
            "1km이내대형먀트수":1,
            "500m이내은행수":3,
            "500m이내병원수":11,
            "5km이내대형병원수":14,
            "500m이내공원수":2,
            "3km이내혐오시설수":0,
            "초등학교학업성취도":84.91,
            "중학교학업성취도":69.0,
            "용적률":611,
            "건폐율":40,
            "Y":37.500111,
            "X":126.890452,
            "rank":94.0,
            "area_info":"25평(84.96), 36평(120.41)",
            "last_sales":"2021-08-07,59000.0,25평(84.96)"
        },
        {
            "index":283,
            "아파트명":"구일우성",
            "투자타입":"일반",
            "전용면적(m2)":"82.41",
            "전용면적(평)":"24평",
            "법정동주소":"서울시 구로구 구로동 1259",
            "도로명주소":"서울시 구로구 구일로2길 60",
            "세대수":80,
            "입주년차":0,
            "용적률점수":"--",
            "건폐율점수":"--",
            "세대당주차수":0,
            "난방방식":30,
            "공급면적":"--",
            "전용률":"--",
            "욕실수":50,
            "현관타입":10,
            "주거총점":37.0,
            "지역구공급총점":100.0,
            "역세권":50,
            "30분내 이동가능 거점":60,
            "1시간내 이동가능 거점":100,
            "교통총점":63.0,
            "백화점":100,
            "아울렛몰":100,
            "대형마트":0,
            "은행":0,
            "병원":30,
            "종합병원":100,
            "공원":80,
            "혐오시설":0,
            "인프라총점":65.4,
            "초등학군":86.28,
            "중학군":49.22,
            "학군총점":56.632,
            "인구수":45.37,
            "인구증감":-13.51,
            "인구총점":27.706,
            "일자리":29.7,
            "소득수준":57.74,
            "일자리총점":38.112,
            "가치 총점":57.5648,
            "매매실거래년":20220104.0,
            "매매실거래가":68000.0,
            "전세실거래년":20220114.0,
            "전세실거래가":25200.0,
            "전세가율":37.06,
            "장기전세가율평균":69.69,
            "전세가율거품지수":32.63,
            "검색코드":140,
            "세대수":829.0,
            "준공년월":"1998-05-16",
            "준공년차":25.0,
            "가까운역이름":"구일",
            "가까운역거리":919.98,
            "역세권여부":"준역세권",
            "30분이내주요거점역":3,
            "1시간이내주요거점역":15,
            "3km이내백화점수":1,
            "5km이내아울렛몰수":2,
            "1km이내대형먀트수":0,
            "500m이내은행수":1,
            "500m이내병원수":6,
            "5km이내대형병원수":14,
            "500m이내공원수":1,
            "3km이내혐오시설수":0,
            "초등학교학업성취도":86.28,
            "중학교학업성취도":81.1,
            "용적률":358,
            "건폐율":22,
            "Y":37.490255,
            "X":126.877243,
            "rank":95.0,
            "area_info":"24평(82.41), 32평(108.08), 42평(141.86)",
            "last_sales":"2022-01-04,68000.0,24평(82.41)"
        },
        {
            "index":180,
            "아파트명":"우성꿈동산",
            "투자타입":"일반",
            "전용면적(m2)":"84.06",
            "전용면적(평)":"25평",
            "법정동주소":"서울시 구로구 고척동 321",
            "도로명주소":"서울시 구로구 경인로47다길 34-7",
            "세대수":0,
            "입주년차":0,
            "용적률점수":"--",
            "건폐율점수":"--",
            "세대당주차수":80,
            "난방방식":30,
            "공급면적":"--",
            "전용률":"--",
            "욕실수":50,
            "현관타입":100,
            "주거총점":30.0,
            "지역구공급총점":100.0,
            "역세권":50,
            "30분내 이동가능 거점":60,
            "1시간내 이동가능 거점":100,
            "교통총점":63.0,
            "백화점":100,
            "아울렛몰":100,
            "대형마트":0,
            "은행":20,
            "병원":60,
            "종합병원":100,
            "공원":80,
            "혐오시설":0,
            "인프라총점":70.4,
            "초등학군":84.71,
            "중학군":47.6,
            "학군총점":55.022,
            "인구수":45.37,
            "인구증감":-13.51,
            "인구총점":27.706,
            "일자리":29.7,
            "소득수준":57.74,
            "일자리총점":38.112,
            "가치 총점":57.4233,
            "매매실거래년":20211030.0,
            "매매실거래가":56800.0,
            "전세실거래년":20200903.0,
            "전세실거래가":25000.0,
            "전세가율":44.01,
            "장기전세가율평균":69.69,
            "전세가율거품지수":25.68,
            "검색코드":909,
            "세대수":204.0,
            "준공년월":"1996-02-17",
            "준공년차":27.0,
            "가까운역이름":"구일",
            "가까운역거리":806.42,
            "역세권여부":"준역세권",
            "30분이내주요거점역":3,
            "1시간이내주요거점역":14,
            "3km이내백화점수":2,
            "5km이내아울렛몰수":2,
            "1km이내대형먀트수":0,
            "500m이내은행수":2,
            "500m이내병원수":15,
            "5km이내대형병원수":11,
            "500m이내공원수":1,
            "3km이내혐오시설수":0,
            "초등학교학업성취도":84.71,
            "중학교학업성취도":78.6,
            "용적률":212,
            "건폐율":24,
            "Y":37.503302,
            "X":126.866858,
            "rank":96.0,
            "area_info":"25평(84.06), 27평(91.44), 29평(97.96), 29평(98.67), 30평(100.36), 31평(103.82), 31평(104.15), 31평(104.96), 31평(105.07)",
            "last_sales":"2021-10-30,56800.0,25평(84.06)"
        },
        {
            "index":635,
            "아파트명":"오류푸르지오",
            "투자타입":"일반",
            "전용면적(m2)":"79.99",
            "전용면적(평)":"24평",
            "법정동주소":"서울시 구로구 오류동 346",
            "도로명주소":"서울시 구로구 오류로8길 11",
            "세대수":30,
            "입주년차":40,
            "용적률점수":"--",
            "건폐율점수":"--",
            "세대당주차수":30,
            "난방방식":30,
            "공급면적":"--",
            "전용률":"--",
            "욕실수":100,
            "현관타입":100,
            "주거총점":46.0,
            "지역구공급총점":100.0,
            "역세권":80,
            "30분내 이동가능 거점":40,
            "1시간내 이동가능 거점":100,
            "교통총점":72.0,
            "백화점":0,
            "아울렛몰":100,
            "대형마트":0,
            "은행":70,
            "병원":80,
            "종합병원":100,
            "공원":100,
            "혐오시설":0,
            "인프라총점":48.0,
            "초등학군":85.9,
            "중학군":49.64,
            "학군총점":56.892,
            "인구수":45.37,
            "인구증감":-13.51,
            "인구총점":27.706,
            "일자리":29.7,
            "소득수준":57.74,
            "일자리총점":38.112,
            "가치 총점":57.3338,
            "매매실거래년":20210929.0,
            "매매실거래가":85000.0,
            "전세실거래년":20220105.0,
            "전세실거래가":45000.0,
            "전세가율":59.6,
            "장기전세가율평균":69.69,
            "전세가율거품지수":10.09,
            "검색코드":9046,
            "세대수":378.0,
            "준공년월":"2004-04-16",
            "준공년차":19.0,
            "가까운역이름":"오류동",
            "가까운역거리":412.01,
            "역세권여부":"역세권",
            "30분이내주요거점역":2,
            "1시간이내주요거점역":13,
            "3km이내백화점수":0,
            "5km이내아울렛몰수":2,
            "1km이내대형먀트수":0,
            "500m이내은행수":3,
            "500m이내병원수":32,
            "5km이내대형병원수":8,
            "500m이내공원수":2,
            "3km이내혐오시설수":0,
            "초등학교학업성취도":85.9,
            "중학교학업성취도":82.4,
            "용적률":322,
            "건폐율":24,
            "Y":37.492041,
            "X":126.841901,
            "rank":97.0,
            "area_info":"24평(79.99), 32평(105.88), 32평(105.98), 41평(136.17)",
            "last_sales":"2021-09-29,85000.0,32평(105.88)"
        },
        {
            "index":405,
            "아파트명":"우성(1058)",
            "투자타입":"일반",
            "전용면적(m2)":"75.76",
            "전용면적(평)":"22평",
            "법정동주소":"서울시 구로구 구로동 1058",
            "도로명주소":"서울시 구로구 구일로8길 31",
            "세대수":0,
            "입주년차":0,
            "용적률점수":"--",
            "건폐율점수":"--",
            "세대당주차수":0,
            "난방방식":30,
            "공급면적":"--",
            "전용률":"--",
            "욕실수":50,
            "현관타입":100,
            "주거총점":18.0,
            "지역구공급총점":100.0,
            "역세권":80,
            "30분내 이동가능 거점":40,
            "1시간내 이동가능 거점":100,
            "교통총점":72.0,
            "백화점":100,
            "아울렛몰":100,
            "대형마트":0,
            "은행":0,
            "병원":60,
            "종합병원":100,
            "공원":0,
            "혐오시설":0,
            "인프라총점":66.0,
            "초등학군":86.28,
            "중학군":49.22,
            "학군총점":56.632,
            "인구수":45.37,
            "인구증감":-13.51,
            "인구총점":27.706,
            "일자리":29.7,
            "소득수준":57.74,
            "일자리총점":38.112,
            "가치 총점":57.0948,
            "매매실거래년":20211208.0,
            "매매실거래가":69800.0,
            "전세실거래년":20220108.0,
            "전세실거래가":36000.0,
            "전세가율":51.58,
            "장기전세가율평균":69.69,
            "전세가율거품지수":18.11,
            "검색코드":3202,
            "세대수":296.0,
            "준공년월":"1995-11-16",
            "준공년차":28.0,
            "가까운역이름":"구일",
            "가까운역거리":240.78,
            "역세권여부":"역세권",
            "30분이내주요거점역":2,
            "1시간이내주요거점역":17,
            "3km이내백화점수":1,
            "5km이내아울렛몰수":2,
            "1km이내대형먀트수":0,
            "500m이내은행수":1,
            "500m이내병원수":13,
            "5km이내대형병원수":13,
            "500m이내공원수":0,
            "3km이내혐오시설수":0,
            "초등학교학업성취도":86.28,
            "중학교학업성취도":81.1,
            "용적률":294,
            "건폐율":26,
            "Y":37.495039,
            "X":126.872456,
            "rank":98.0,
            "area_info":"22평(75.76), 30평(101.47)",
            "last_sales":"2021-12-08,69800.0,22평(75.76)"
        },
        {
            "index":354,
            "아파트명":"성호(메이플라워멤버스빌)",
            "투자타입":"일반",
            "전용면적(m2)":"43.63",
            "전용면적(평)":"13평",
            "법정동주소":"서울시 구로구 구로동 104-9",
            "도로명주소":"서울시 구로구 가마산로 283",
            "세대수":0,
            "입주년차":20,
            "용적률점수":"--",
            "건폐율점수":"--",
            "세대당주차수":0,
            "난방방식":30,
            "공급면적":"--",
            "전용률":"--",
            "욕실수":50,
            "현관타입":10,
            "주거총점":13.0,
            "지역구공급총점":100.0,
            "역세권":50,
            "30분내 이동가능 거점":80,
            "1시간내 이동가능 거점":100,
            "교통총점":69.0,
            "백화점":100,
            "아울렛몰":100,
            "대형마트":0,
            "은행":70,
            "병원":60,
            "종합병원":100,
            "공원":100,
            "혐오시설":0,
            "인프라총점":76.0,
            "초등학군":82.02,
            "중학군":42.24,
            "학군총점":50.196,
            "인구수":45.37,
            "인구증감":-13.51,
            "인구총점":27.706,
            "일자리":29.7,
            "소득수준":57.74,
            "일자리총점":38.112,
            "가치 총점":57.0794,
            "매매실거래년":20211229.0,
            "매매실거래가":20500.0,
            "전세실거래년":20210807.0,
            "전세실거래가":13000.0,
            "전세가율":86.67,
            "장기전세가율평균":69.69,
            "전세가율거품지수":-16.98,
            "검색코드":22007,
            "세대수":206.0,
            "준공년월":"2002-05-06",
            "준공년차":21.0,
            "가까운역이름":"대림",
            "가까운역거리":583.99,
            "역세권여부":"준역세권",
            "30분이내주요거점역":4,
            "1시간이내주요거점역":18,
            "3km이내백화점수":3,
            "5km이내아울렛몰수":2,
            "1km이내대형먀트수":0,
            "500m이내은행수":3,
            "500m이내병원수":23,
            "5km이내대형병원수":15,
            "500m이내공원수":2,
            "3km이내혐오시설수":0,
            "초등학교학업성취도":82.02,
            "중학교학업성취도":69.0,
            "용적률":929,
            "건폐율":59,
            "Y":37.49684,
            "X":126.891326,
            "rank":99.0,
            "area_info":"13평(43.63), 13평(43.64), 15평(50.82), 17평(56.89)",
            "last_sales":"2021-12-29,20500.0,17평(56.89)"
        },
        {
            "index":422,
            "아파트명":"한일유앤아이",
            "투자타입":"일반",
            "전용면적(m2)":"94.41",
            "전용면적(평)":"28평",
            "법정동주소":"서울시 구로구 구로동 1281",
            "도로명주소":"서울시 구로구 가마산로 87",
            "세대수":50,
            "입주년차":40,
            "용적률점수":"--",
            "건폐율점수":"--",
            "세대당주차수":30,
            "난방방식":30,
            "공급면적":"--",
            "전용률":"--",
            "욕실수":100,
            "현관타입":100,
            "주거총점":53.0,
            "지역구공급총점":100.0,
            "역세권":50,
            "30분내 이동가능 거점":20,
            "1시간내 이동가능 거점":100,
            "교통총점":51.0,
            "백화점":100,
            "아울렛몰":100,
            "대형마트":0,
            "은행":70,
            "병원":0,
            "종합병원":100,
            "공원":0,
            "혐오시설":0,
            "인프라총점":67.0,
            "초등학군":81.44,
            "중학군":49.22,
            "학군총점":55.664,
            "인구수":45.37,
            "인구증감":-13.51,
            "인구총점":27.706,
            "일자리":29.7,
            "소득수준":57.74,
            "일자리총점":38.112,
            "가치 총점":56.8996,
            "매매실거래년":20211002.0,
            "매매실거래가":86000.0,
            "전세실거래년":20210529.0,
            "전세실거래가":31500.0,
            "전세가율":49.61,
            "장기전세가율평균":69.69,
            "전세가율거품지수":20.08,
            "검색코드":17418,
            "세대수":454.0,
            "준공년월":"2006-06-27",
            "준공년차":17.0,
            "가까운역이름":"가산디지털단지",
            "가까운역거리":803.93,
            "역세권여부":"준역세권",
            "30분이내주요거점역":1,
            "1시간이내주요거점역":14,
            "3km이내백화점수":1,
            "5km이내아울렛몰수":2,
            "1km이내대형먀트수":0,
            "500m이내은행수":4,
            "500m이내병원수":0,
            "5km이내대형병원수":13,
            "500m이내공원수":0,
            "3km이내혐오시설수":0,
            "초등학교학업성취도":81.44,
            "중학교학업성취도":81.1,
            "용적률":247,
            "건폐율":19,
            "Y":37.486298,
            "X":126.876047,
            "rank":100.0,
            "area_info":"28평(94.41), 32평(106.0), 42평(140.77)",
            "last_sales":"2021-10-02,86000.0,32평(106.0)"
        },
        {
            "index":52,
            "아파트명":"삼호",
            "투자타입":"일반",
            "전용면적(m2)":"79.05",
            "전용면적(평)":"23평",
            "법정동주소":"서울시 구로구 개봉동 471",
            "도로명주소":"서울시 구로구 남부순환로95길 16",
            "세대수":30,
            "입주년차":0,
            "용적률점수":"--",
            "건폐율점수":"--",
            "세대당주차수":0,
            "난방방식":30,
            "공급면적":"--",
            "전용률":"--",
            "욕실수":50,
            "현관타입":100,
            "주거총점":28.5,
            "지역구공급총점":100.0,
            "역세권":80,
            "30분내 이동가능 거점":80,
            "1시간내 이동가능 거점":100,
            "교통총점":84.0,
            "백화점":0,
            "아울렛몰":100,
            "대형마트":0,
            "은행":70,
            "병원":80,
            "종합병원":100,
            "공원":0,
            "혐오시설":0,
            "인프라총점":45.0,
            "초등학군":75.45,
            "중학군":46.46,
            "학군총점":52.258,
            "인구수":45.37,
            "인구증감":-13.51,
            "인구총점":27.706,
            "일자리":29.7,
            "소득수준":57.74,
            "일자리총점":38.112,
            "가치 총점":56.4387,
            "매매실거래년":20211001.0,
            "매매실거래가":80000.0,
            "전세실거래년":20211101.0,
            "전세실거래가":35000.0,
            "전세가율":54.01,
            "장기전세가율평균":69.69,
            "전세가율거품지수":15.68,
            "검색코드":114,
            "세대수":369.0,
            "준공년월":"1996-12-04",
            "준공년차":27.0,
            "가까운역이름":"개봉",
            "가까운역거리":141.38,
            "역세권여부":"역세권",
            "30분이내주요거점역":4,
            "1시간이내주요거점역":17,
            "3km이내백화점수":0,
            "5km이내아울렛몰수":2,
            "1km이내대형먀트수":0,
            "500m이내은행수":4,
            "500m이내병원수":56,
            "5km이내대형병원수":9,
            "500m이내공원수":0,
            "3km이내혐오시설수":0,
            "초등학교학업성취도":75.45,
            "중학교학업성취도":76.3,
            "용적률":398,
            "건폐율":30,
            "Y":37.494396,
            "X":126.857097,
            "rank":101.0,
            "area_info":"23평(79.05), 31평(105.5)",
            "last_sales":"2021-10-01,80000.0,31평(105.5)"
        },
        {
            "index":280,
            "아파트명":"구로현대로얄",
            "투자타입":"재건축",
            "전용면적(m2)":"72.21",
            "전용면적(평)":"21평",
            "법정동주소":"서울시 구로구 구로동 701-76",
            "도로명주소":"서울시 구로구 가마산로 97",
            "세대수":0,
            "입주년차":"--",
            "용적률점수":60,
            "건폐율점수":80,
            "세대당주차수":"--",
            "난방방식":"--",
            "공급면적":50,
            "전용률":60,
            "욕실수":"--",
            "현관타입":"--",
            "주거총점":45.5,
            "지역구공급총점":100.0,
            "역세권":50,
            "30분내 이동가능 거점":20,
            "1시간내 이동가능 거점":100,
            "교통총점":51.0,
            "백화점":100,
            "아울렛몰":100,
            "대형마트":0,
            "은행":70,
            "병원":0,
            "종합병원":100,
            "공원":80,
            "혐오시설":0,
            "인프라총점":69.4,
            "초등학군":81.44,
            "중학군":49.22,
            "학군총점":55.664,
            "인구수":45.37,
            "인구증감":-13.51,
            "인구총점":27.706,
            "일자리":29.7,
            "소득수준":57.74,
            "일자리총점":38.112,
            "가치 총점":56.1196,
            "매매실거래년":20210524.0,
            "매매실거래가":39000.0,
            "전세실거래년":20210810.0,
            "전세실거래가":18900.0,
            "전세가율":48.46,
            "장기전세가율평균":69.69,
            "전세가율거품지수":21.23,
            "검색코드":144,
            "세대수":139.0,
            "준공년월":"1987-06-17",
            "준공년차":36.0,
            "가까운역이름":"가산디지털단지",
            "가까운역거리":749.09,
            "역세권여부":"준역세권",
            "30분이내주요거점역":1,
            "1시간이내주요거점역":14,
            "3km이내백화점수":1,
            "5km이내아울렛몰수":2,
            "1km이내대형먀트수":0,
            "500m이내은행수":4,
            "500m이내병원수":0,
            "5km이내대형병원수":13,
            "500m이내공원수":1,
            "3km이내혐오시설수":0,
            "초등학교학업성취도":81.44,
            "중학교학업성취도":81.1,
            "용적률":228,
            "건폐율":23,
            "Y":37.486334,
            "X":126.877042,
            "rank":102.0,
            "area_info":"21평(72.21), 27평(91.93), 32평(106.6)",
            "last_sales":"2021-05-24,39000.0,21평(72.21)"
        },
        {
            "index":7,
            "아파트명":"개봉푸르지오",
            "투자타입":"일반",
            "전용면적(m2)":"84.67",
            "전용면적(평)":"25평",
            "법정동주소":"서울시 구로구 개봉동 492",
            "도로명주소":"서울시 구로구 남부순환로 775",
            "세대수":90,
            "입주년차":80,
            "용적률점수":"--",
            "건폐율점수":"--",
            "세대당주차수":30,
            "난방방식":30,
            "공급면적":"--",
            "전용률":"--",
            "욕실수":100,
            "현관타입":100,
            "주거총점":75.0,
            "지역구공급총점":100.0,
            "역세권":50,
            "30분내 이동가능 거점":60,
            "1시간내 이동가능 거점":100,
            "교통총점":63.0,
            "백화점":0,
            "아울렛몰":100,
            "대형마트":0,
            "은행":0,
            "병원":60,
            "종합병원":100,
            "공원":100,
            "혐오시설":0,
            "인프라총점":39.0,
            "초등학군":83.47,
            "중학군":40.5,
            "학군총점":49.094,
            "인구수":45.37,
            "인구증감":-13.51,
            "인구총점":27.706,
            "일자리":29.7,
            "소득수준":57.74,
            "일자리총점":38.112,
            "가치 총점":56.1141,
            "매매실거래년":20210903.0,
            "매매실거래가":129000.0,
            "전세실거래년":20201022.0,
            "전세실거래가":19653.0,
            "전세가율":23.12,
            "장기전세가율평균":69.69,
            "전세가율거품지수":46.57,
            "검색코드":104934,
            "세대수":978.0,
            "준공년월":"2014-05-01",
            "준공년차":9.0,
            "가까운역이름":"오류동",
            "가까운역거리":735.38,
            "역세권여부":"준역세권",
            "30분이내주요거점역":3,
            "1시간이내주요거점역":13,
            "3km이내백화점수":0,
            "5km이내아울렛몰수":2,
            "1km이내대형먀트수":0,
            "500m이내은행수":1,
            "500m이내병원수":25,
            "5km이내대형병원수":7,
            "500m이내공원수":2,
            "3km이내혐오시설수":0,
            "초등학교학업성취도":83.47,
            "중학교학업성취도":66.9,
            "용적률":299,
            "건폐율":20,
            "Y":37.500804,
            "X":126.847986,
            "rank":103.0,
            "area_info":"25평(84.67), 25평(85.67), 25평(85.35), 30평(99.9), 30평(100.21), 30평(101.67), 33평(110.98), 33평(110.42), 33평(110.44), 45평(150.03), 45평(151.7)",
            "last_sales":"2021-09-03,129000.0,45평(150.03)"
        },
        {
            "index":40,
            "아파트명":"동도센트리움",
            "투자타입":"일반",
            "전용면적(m2)":"92.29",
            "전용면적(평)":"27평",
            "법정동주소":"서울시 구로구 개봉동 70-12",
            "도로명주소":"서울시 구로구 고척로22길 84",
            "세대수":0,
            "입주년차":20,
            "용적률점수":"--",
            "건폐율점수":"--",
            "세대당주차수":60,
            "난방방식":30,
            "공급면적":"--",
            "전용률":"--",
            "욕실수":100,
            "현관타입":50,
            "주거총점":31.0,
            "지역구공급총점":100.0,
            "역세권":80,
            "30분내 이동가능 거점":80,
            "1시간내 이동가능 거점":100,
            "교통총점":84.0,
            "백화점":0,
            "아울렛몰":100,
            "대형마트":0,
            "은행":0,
            "병원":80,
            "종합병원":100,
            "공원":100,
            "혐오시설":0,
            "인프라총점":41.0,
            "초등학군":85.35,
            "중학군":46.46,
            "학군총점":54.238,
            "인구수":45.37,
            "인구증감":-13.51,
            "인구총점":27.706,
            "일자리":29.7,
            "소득수준":57.74,
            "일자리총점":38.112,
            "가치 총점":56.0357,
            "매매실거래년":20201219.0,
            "매매실거래가":59900.0,
            "전세실거래년":20210503.0,
            "전세실거래가":40000.0,
            "전세가율":84.21,
            "장기전세가율평균":69.69,
            "전세가율거품지수":-14.52,
            "검색코드":10391,
            "세대수":136.0,
            "준공년월":"2002-10-17",
            "준공년차":21.0,
            "가까운역이름":"오류동",
            "가까운역거리":415.75,
            "역세권여부":"역세권",
            "30분이내주요거점역":4,
            "1시간이내주요거점역":15,
            "3km이내백화점수":0,
            "5km이내아울렛몰수":2,
            "1km이내대형먀트수":0,
            "500m이내은행수":0,
            "500m이내병원수":33,
            "5km이내대형병원수":8,
            "500m이내공원수":3,
            "3km이내혐오시설수":0,
            "초등학교학업성취도":85.35,
            "중학교학업성취도":76.3,
            "용적률":606,
            "건폐율":38,
            "Y":37.498046,
            "X":126.846954,
            "rank":104.0,
            "area_info":"27평(92.29), 29평(97.67), 40평(134.4), 41평(136.74), 42평(140.5), 42평(141.05)",
            "last_sales":"2020-12-19,59900.0,41평(136.74)"
        },
        {
            "index":726,
            "아파트명":"천왕이펜하우스2단지",
            "투자타입":"일반",
            "전용면적(m2)":"111.75",
            "전용면적(평)":"33평",
            "법정동주소":"서울시 구로구 천왕동 279-2",
            "도로명주소":"서울시 구로구 천왕로 92",
            "세대수":50,
            "입주년차":60,
            "용적률점수":"--",
            "건폐율점수":"--",
            "세대당주차수":30,
            "난방방식":30,
            "공급면적":"--",
            "전용률":"--",
            "욕실수":100,
            "현관타입":100,
            "주거총점":57.0,
            "지역구공급총점":100.0,
            "역세권":80,
            "30분내 이동가능 거점":40,
            "1시간내 이동가능 거점":100,
            "교통총점":72.0,
            "백화점":0,
            "아울렛몰":100,
            "대형마트":0,
            "은행":0,
            "병원":60,
            "종합병원":100,
            "공원":100,
            "혐오시설":0,
            "인프라총점":39.0,
            "초등학군":86.18,
            "중학군":42.66,
            "학군총점":51.364,
            "인구수":45.37,
            "인구증감":-13.51,
            "인구총점":27.706,
            "일자리":29.7,
            "소득수준":57.74,
            "일자리총점":38.112,
            "가치 총점":56.0046,
            "매매실거래년":20210911.0,
            "매매실거래가":114000.0,
            "전세실거래년":null,
            "전세실거래가":null,
            "전세가율":null,
            "장기전세가율평균":69.69,
            "전세가율거품지수":null,
            "검색코드":102851,
            "세대수":526.0,
            "준공년월":"2011-06-03",
            "준공년차":12.0,
            "가까운역이름":"천왕",
            "가까운역거리":213.02,
            "역세권여부":"역세권",
            "30분이내주요거점역":2,
            "1시간이내주요거점역":14,
            "3km이내백화점수":0,
            "5km이내아울렛몰수":2,
            "1km이내대형먀트수":0,
            "500m이내은행수":1,
            "500m이내병원수":12,
            "5km이내대형병원수":7,
            "500m이내공원수":6,
            "3km이내혐오시설수":0,
            "초등학교학업성취도":86.18,
            "중학교학업성취도":68.9,
            "용적률":193,
            "건폐율":20,
            "Y":37.484836,
            "X":126.839536,
            "rank":105.0,
            "area_info":"33평(111.75), 33평(111.75), 43평(143.54), 43평(143.54), 43평(143.54), 43평(143.54)",
            "last_sales":"2021-09-11,114000.0,43평(143.54)"
        },
        {
            "index":676,
            "아파트명":"천왕연지타운1단지",
            "투자타입":"일반",
            "전용면적(m2)":"84.67",
            "전용면적(평)":"25평",
            "법정동주소":"서울시 구로구 천왕동 280",
            "도로명주소":"서울시 구로구 오류로 30",
            "세대수":50,
            "입주년차":60,
            "용적률점수":"--",
            "건폐율점수":"--",
            "세대당주차수":30,
            "난방방식":30,
            "공급면적":"--",
            "전용률":"--",
            "욕실수":100,
            "현관타입":100,
            "주거총점":57.0,
            "지역구공급총점":100.0,
            "역세권":80,
            "30분내 이동가능 거점":40,
            "1시간내 이동가능 거점":100,
            "교통총점":72.0,
            "백화점":0,
            "아울렛몰":100,
            "대형마트":0,
            "은행":0,
            "병원":30,
            "종합병원":100,
            "공원":100,
            "혐오시설":0,
            "인프라총점":36.0,
            "초등학군":86.18,
            "중학군":49.64,
            "학군총점":56.948,
            "인구수":45.37,
            "인구증감":-13.51,
            "인구총점":27.706,
            "일자리":29.7,
            "소득수준":57.74,
            "일자리총점":38.112,
            "가치 총점":55.9422,
            "매매실거래년":20210811.0,
            "매매실거래가":79800.0,
            "전세실거래년":20220114.0,
            "전세실거래가":52000.0,
            "전세가율":65.16,
            "장기전세가율평균":69.69,
            "전세가율거품지수":4.53,
            "검색코드":107065,
            "세대수":571.0,
            "준공년월":"2013-12-13",
            "준공년차":10.0,
            "가까운역이름":"천왕",
            "가까운역거리":130.4,
            "역세권여부":"역세권",
            "30분이내주요거점역":2,
            "1시간이내주요거점역":15,
            "3km이내백화점수":0,
            "5km이내아울렛몰수":2,
            "1km이내대형먀트수":0,
            "500m이내은행수":1,
            "500m이내병원수":9,
            "5km이내대형병원수":8,
            "500m이내공원수":3,
            "3km이내혐오시설수":0,
            "초등학교학업성취도":86.18,
            "중학교학업성취도":82.4,
            "용적률":170,
            "건폐율":22,
            "Y":37.486564,
            "X":126.840188,
            "rank":106.0,
            "area_info":"25평(84.67), 36평(119.35), 36평(119.35), 36평(119.35), 36평(119.4), 36평(119.35), 36평(119.35), 36평(119.51), 36평(119.05), 36평(119.05), 36평(119.35), 36평(120.32)",
            "last_sales":"2021-08-11,79800.0,25평(84.67)"
        },
        {
            "index":143,
            "아파트명":"벽산베스트블루밍",
            "투자타입":"일반",
            "전용면적(m2)":"80.1",
            "전용면적(평)":"24평",
            "법정동주소":"서울시 구로구 고척동 342",
            "도로명주소":"서울시 구로구 고척로60길 30",
            "세대수":30,
            "입주년차":60,
            "용적률점수":"--",
            "건폐율점수":"--",
            "세대당주차수":30,
            "난방방식":30,
            "공급면적":"--",
            "전용률":"--",
            "욕실수":100,
            "현관타입":100,
            "주거총점":50.0,
            "지역구공급총점":100.0,
            "역세권":0,
            "30분내 이동가능 거점":80,
            "1시간내 이동가능 거점":100,
            "교통총점":44.0,
            "백화점":100,
            "아울렛몰":100,
            "대형마트":0,
            "은행":0,
            "병원":60,
            "종합병원":100,
            "공원":100,
            "혐오시설":0,
            "인프라총점":69.0,
            "초등학군":85.91,
            "중학군":57.22,
            "학군총점":62.958,
            "인구수":45.37,
            "인구증감":-13.51,
            "인구총점":27.706,
            "일자리":29.7,
            "소득수준":57.74,
            "일자리총점":38.112,
            "가치 총점":55.5437,
            "매매실거래년":20210808.0,
            "매매실거래가":82250.0,
            "전세실거래년":20211002.0,
            "전세실거래가":38800.0,
            "전세가율":47.17,
            "장기전세가율평균":69.69,
            "전세가율거품지수":22.52,
            "검색코드":100495,
            "세대수":339.0,
            "준공년월":"2010-12-01",
            "준공년차":13.0,
            "가까운역이름":"양천구청",
            "가까운역거리":1038.88,
            "역세권여부":"비역세권",
            "30분이내주요거점역":4,
            "1시간이내주요거점역":13,
            "3km이내백화점수":2,
            "5km이내아울렛몰수":2,
            "1km이내대형먀트수":0,
            "500m이내은행수":1,
            "500m이내병원수":21,
            "5km이내대형병원수":11,
            "500m이내공원수":2,
            "3km이내혐오시설수":0,
            "초등학교학업성취도":85.91,
            "중학교학업성취도":94.1,
            "용적률":233,
            "건폐율":26,
            "Y":37.504706,
            "X":126.859134,
            "rank":107.0,
            "area_info":"24평(80.1), 33평(109.21), 33평(109.43), 33평(109.81), 33평(110.88), 33평(110.67), 43평(145.34)",
            "last_sales":"2021-08-08,82250.0,24평(80.1)"
        },
        {
            "index":295,
            "아파트명":"금호",
            "투자타입":"일반",
            "전용면적(m2)":"79.15",
            "전용면적(평)":"23평",
            "법정동주소":"서울시 구로구 구로동 49",
            "도로명주소":"서울시 구로구 공원로 26",
            "세대수":0,
            "입주년차":0,
            "용적률점수":"--",
            "건폐율점수":"--",
            "세대당주차수":0,
            "난방방식":30,
            "공급면적":"--",
            "전용률":"--",
            "욕실수":50,
            "현관타입":10,
            "주거총점":9.0,
            "지역구공급총점":100.0,
            "역세권":50,
            "30분내 이동가능 거점":60,
            "1시간내 이동가능 거점":100,
            "교통총점":63.0,
            "백화점":100,
            "아울렛몰":100,
            "대형마트":80,
            "은행":20,
            "병원":30,
            "종합병원":100,
            "공원":100,
            "혐오시설":0,
            "인프라총점":80.0,
            "초등학군":84.91,
            "중학군":42.24,
            "학군총점":50.774,
            "인구수":45.37,
            "인구증감":-13.51,
            "인구총점":27.706,
            "일자리":29.7,
            "소득수준":57.74,
            "일자리총점":38.112,
            "가치 총점":55.4661,
            "매매실거래년":20211226.0,
            "매매실거래가":51500.0,
            "전세실거래년":20211101.0,
            "전세실거래가":27000.0,
            "전세가율":52.43,
            "장기전세가율평균":69.69,
            "전세가율거품지수":17.26,
            "검색코드":1265,
            "세대수":166.0,
            "준공년월":"1997-06-02",
            "준공년차":26.0,
            "가까운역이름":"대림",
            "가까운역거리":857.88,
            "역세권여부":"준역세권",
            "30분이내주요거점역":3,
            "1시간이내주요거점역":17,
            "3km이내백화점수":3,
            "5km이내아울렛몰수":2,
            "1km이내대형먀트수":1,
            "500m이내은행수":2,
            "500m이내병원수":9,
            "5km이내대형병원수":15,
            "500m이내공원수":2,
            "3km이내혐오시설수":0,
            "초등학교학업성취도":84.91,
            "중학교학업성취도":69.0,
            "용적률":703,
            "건폐율":61,
            "Y":37.500072,
            "X":126.892002,
            "rank":108.0,
            "area_info":"23평(79.15), 33평(111.79), 33평(112.02)",
            "last_sales":"2021-12-26,51500.0,23평(79.15)"
        },
        {
            "index":391,
            "아파트명":"우리유앤미",
            "투자타입":"일반",
            "전용면적(m2)":"68.52",
            "전용면적(평)":"20평",
            "법정동주소":"서울시 구로구 구로동 1277",
            "도로명주소":"서울시 구로구 구로동로43길 10",
            "세대수":0,
            "입주년차":40,
            "용적률점수":"--",
            "건폐율점수":"--",
            "세대당주차수":30,
            "난방방식":30,
            "공급면적":"--",
            "전용률":"--",
            "욕실수":50,
            "현관타입":100,
            "주거총점":30.5,
            "지역구공급총점":100.0,
            "역세권":50,
            "30분내 이동가능 거점":40,
            "1시간내 이동가능 거점":100,
            "교통총점":57.0,
            "백화점":100,
            "아울렛몰":100,
            "대형마트":0,
            "은행":0,
            "병원":60,
            "종합병원":100,
            "공원":100,
            "혐오시설":0,
            "인프라총점":69.0,
            "초등학군":82.96,
            "중학군":49.22,
            "학군총점":55.968,
            "인구수":45.37,
            "인구증감":-13.51,
            "인구총점":27.706,
            "일자리":29.7,
            "소득수준":57.74,
            "일자리총점":38.112,
            "가치 총점":55.1452,
            "매매실거래년":20211220.0,
            "매매실거래가":60000.0,
            "전세실거래년":20210117.0,
            "전세실거래가":32000.0,
            "전세가율":54.7,
            "장기전세가율평균":69.69,
            "전세가율거품지수":14.99,
            "검색코드":10547,
            "세대수":216.0,
            "준공년월":"2004-11-12",
            "준공년차":19.0,
            "가까운역이름":"구로",
            "가까운역거리":725.81,
            "역세권여부":"준역세권",
            "30분이내주요거점역":2,
            "1시간이내주요거점역":15,
            "3km이내백화점수":1,
            "5km이내아울렛몰수":2,
            "1km이내대형먀트수":0,
            "500m이내은행수":1,
            "500m이내병원수":21,
            "5km이내대형병원수":15,
            "500m이내공원수":2,
            "3km이내혐오시설수":0,
            "초등학교학업성취도":82.96,
            "중학교학업성취도":81.1,
            "용적률":297,
            "건폐율":18,
            "Y":37.496522,
            "X":126.881503,
            "rank":109.0,
            "area_info":"20평(68.52), 22평(75.45), 30평(99.29), 32평(106.92), 32평(107.09), 32평(107.66)",
            "last_sales":"2021-12-20,60000.0,32평(107.09)"
        },
        {
            "index":88,
            "아파트명":"현대홈타운2단지",
            "투자타입":"일반",
            "전용면적(m2)":"82.81",
            "전용면적(평)":"25평",
            "법정동주소":"서울시 구로구 개봉동 480",
            "도로명주소":"서울시 구로구 개봉로20길 158",
            "세대수":90,
            "입주년차":20,
            "용적률점수":"--",
            "건폐율점수":"--",
            "세대당주차수":30,
            "난방방식":30,
            "공급면적":"--",
            "전용률":"--",
            "욕실수":50,
            "현관타입":10,
            "주거총점":49.0,
            "지역구공급총점":100.0,
            "역세권":80,
            "30분내 이동가능 거점":40,
            "1시간내 이동가능 거점":100,
            "교통총점":72.0,
            "백화점":0,
            "아울렛몰":100,
            "대형마트":0,
            "은행":0,
            "병원":80,
            "종합병원":100,
            "공원":80,
            "혐오시설":0,
            "인프라총점":40.4,
            "초등학군":75.45,
            "중학군":47.6,
            "학군총점":53.17,
            "인구수":45.37,
            "인구증감":-13.51,
            "인구총점":27.706,
            "일자리":29.7,
            "소득수준":57.74,
            "일자리총점":38.112,
            "가치 총점":55.0955,
            "매매실거래년":20211103.0,
            "매매실거래가":74000.0,
            "전세실거래년":20220118.0,
            "전세실거래가":44000.0,
            "전세가율":59.46,
            "장기전세가율평균":69.69,
            "전세가율거품지수":10.23,
            "검색코드":3350,
            "세대수":964.0,
            "준공년월":"2001-08-22",
            "준공년차":22.0,
            "가까운역이름":"개봉",
            "가까운역거리":382.58,
            "역세권여부":"역세권",
            "30분이내주요거점역":2,
            "1시간이내주요거점역":17,
            "3km이내백화점수":0,
            "5km이내아울렛몰수":2,
            "1km이내대형먀트수":0,
            "500m이내은행수":1,
            "500m이내병원수":36,
            "5km이내대형병원수":9,
            "500m이내공원수":1,
            "3km이내혐오시설수":0,
            "초등학교학업성취도":75.45,
            "중학교학업성취도":78.6,
            "용적률":363,
            "건폐율":21,
            "Y":37.491878,
            "X":126.861342,
            "rank":110.0,
            "area_info":"25평(82.81), 31평(104.44), 41평(136.23), 49평(163.77), 55평(183.8)",
            "last_sales":"2021-11-03,74000.0,25평(82.81)"
        },
        {
            "index":656,
            "아파트명":"두암",
            "투자타입":"재건축",
            "전용면적(m2)":"60.06",
            "전용면적(평)":"18평",
            "법정동주소":"서울시 구로구 온수동 7-5",
            "도로명주소":"서울시 구로구",
            "세대수":0,
            "입주년차":"--",
            "용적률점수":100,
            "건폐율점수":80,
            "세대당주차수":"--",
            "난방방식":"--",
            "공급면적":50,
            "전용률":60,
            "욕실수":"--",
            "현관타입":"--",
            "주거총점":61.5,
            "지역구공급총점":100.0,
            "역세권":80,
            "30분내 이동가능 거점":60,
            "1시간내 이동가능 거점":100,
            "교통총점":78.0,
            "백화점":0,
            "아울렛몰":0,
            "대형마트":0,
            "은행":0,
            "병원":30,
            "종합병원":100,
            "공원":100,
            "혐오시설":0,
            "인프라총점":26.0,
            "초등학군":84.96,
            "중학군":42.0,
            "학군총점":50.592,
            "인구수":45.37,
            "인구증감":-13.51,
            "인구총점":27.706,
            "일자리":29.7,
            "소득수준":57.74,
            "일자리총점":38.112,
            "가치 총점":54.9888,
            "매매실거래년":"18000101",
            "매매실거래가":null,
            "전세실거래년":null,
            "전세실거래가":null,
            "전세가율":null,
            "장기전세가율평균":69.69,
            "전세가율거품지수":null,
            "검색코드":104743,
            "세대수":108.0,
            "준공년월":"1985-10-15",
            "준공년차":38.0,
            "가까운역이름":"온수",
            "가까운역거리":349.78,
            "역세권여부":"역세권",
            "30분이내주요거점역":3,
            "1시간이내주요거점역":14,
            "3km이내백화점수":0,
            "5km이내아울렛몰수":0,
            "1km이내대형먀트수":0,
            "500m이내은행수":1,
            "500m이내병원수":7,
            "5km이내대형병원수":7,
            "500m이내공원수":4,
            "3km이내혐오시설수":0,
            "초등학교학업성취도":84.96,
            "중학교학업성취도":69.6,
            "용적률":88,
            "건폐율":29,
            "Y":37.494827,
            "X":126.825676,
            "rank":111.0,
            "area_info":"18평(60.06), 18평(62.34), 19평(65.64), 23평(78.9)",
            "last_sales":"1800-01-01,nan,18평(60.06)"
        },
        {
            "index":436,
            "아파트명":"현대의보",
            "투자타입":"일반",
            "전용면적(m2)":"94.09",
            "전용면적(평)":"28평",
            "법정동주소":"서울시 구로구 구로동 642-33",
            "도로명주소":"서울시 구로구 구일로8길 121",
            "세대수":0,
            "입주년차":0,
            "용적률점수":"--",
            "건폐율점수":"--",
            "세대당주차수":0,
            "난방방식":30,
            "공급면적":"--",
            "전용률":"--",
            "욕실수":100,
            "현관타입":100,
            "주거총점":23.0,
            "지역구공급총점":100.0,
            "역세권":50,
            "30분내 이동가능 거점":60,
            "1시간내 이동가능 거점":100,
            "교통총점":63.0,
            "백화점":100,
            "아울렛몰":100,
            "대형마트":0,
            "은행":0,
            "병원":30,
            "종합병원":100,
            "공원":80,
            "혐오시설":0,
            "인프라총점":65.4,
            "초등학군":86.28,
            "중학군":49.22,
            "학군총점":56.632,
            "인구수":45.37,
            "인구증감":-13.51,
            "인구총점":27.706,
            "일자리":29.7,
            "소득수준":57.74,
            "일자리총점":38.112,
            "가치 총점":54.7648,
            "매매실거래년":20200622.0,
            "매매실거래가":42500.0,
            "전세실거래년":20211001.0,
            "전세실거래가":27300.0,
            "전세가율":76.26,
            "장기전세가율평균":69.69,
            "전세가율거품지수":-6.57,
            "검색코드":148,
            "세대수":116.0,
            "준공년월":"1994-10-04",
            "준공년차":29.0,
            "가까운역이름":"구일",
            "가까운역거리":500.19,
            "역세권여부":"준역세권",
            "30분이내주요거점역":3,
            "1시간이내주요거점역":15,
            "3km이내백화점수":1,
            "5km이내아울렛몰수":2,
            "1km이내대형먀트수":0,
            "500m이내은행수":1,
            "500m이내병원수":7,
            "5km이내대형병원수":13,
            "500m이내공원수":1,
            "3km이내혐오시설수":0,
            "초등학교학업성취도":86.28,
            "중학교학업성취도":81.1,
            "용적률":279,
            "건폐율":26,
            "Y":37.498354,
            "X":126.876093,
            "rank":112.0,
            "area_info":"28평(94.09), 28평(94.59), 30평(100.69), 30평(100.11), 30평(100.25), 30평(101.01), 30평(102.15), 31평(102.48), 31평(102.51)",
            "last_sales":"2020-06-22,42500.0,31평(102.51)"
        },
        {
            "index":630,
            "아파트명":"오류삼전솔하임(도시형)",
            "투자타입":"일반",
            "전용면적(m2)":"25.49",
            "전용면적(평)":"7평",
            "법정동주소":"서울시 구로구 오류동 9-231",
            "도로명주소":"서울시 구로구 경인로 187",
            "세대수":0,
            "입주년차":100,
            "용적률점수":"--",
            "건폐율점수":"--",
            "세대당주차수":0,
            "난방방식":30,
            "공급면적":"--",
            "전용률":"--",
            "욕실수":50,
            "현관타입":100,
            "주거총점":38.0,
            "지역구공급총점":100.0,
            "역세권":80,
            "30분내 이동가능 거점":40,
            "1시간내 이동가능 거점":100,
            "교통총점":72.0,
            "백화점":0,
            "아울렛몰":100,
            "대형마트":0,
            "은행":70,
            "병원":80,
            "종합병원":100,
            "공원":100,
            "혐오시설":0,
            "인프라총점":48.0,
            "초등학군":85.35,
            "중학군":40.5,
            "학군총점":49.47,
            "인구수":45.37,
            "인구증감":-13.51,
            "인구총점":27.706,
            "일자리":29.7,
            "소득수준":57.74,
            "일자리총점":38.112,
            "가치 총점":54.6205,
            "매매실거래년":20211223.0,
            "매매실거래가":27000.0,
            "전세실거래년":null,
            "전세실거래가":null,
            "전세가율":null,
            "장기전세가율평균":69.69,
            "전세가율거품지수":null,
            "검색코드":131567,
            "세대수":108.0,
            "준공년월":"2020-12-07",
            "준공년차":3.0,
            "가까운역이름":"오류동",
            "가까운역거리":334.39,
            "역세권여부":"역세권",
            "30분이내주요거점역":2,
            "1시간이내주요거점역":14,
            "3km이내백화점수":0,
            "5km이내아울렛몰수":2,
            "1km이내대형먀트수":0,
            "500m이내은행수":3,
            "500m이내병원수":41,
            "5km이내대형병원수":8,
            "500m이내공원수":2,
            "3km이내혐오시설수":0,
            "초등학교학업성취도":85.35,
            "중학교학업성취도":66.9,
            "용적률":826,
            "건폐율":59,
            "Y":37.495386,
            "X":126.841733,
            "rank":113.0,
            "area_info":"7평(25.49), 10평(34.66), 14평(48.83), 15평(50.01), 17평(58.77)",
            "last_sales":"2021-12-23,27000.0,17평(58.77)"
        },
        {
            "index":722,
            "아파트명":"천왕이펜하우스1단지",
            "투자타입":"일반",
            "전용면적(m2)":"85.98",
            "전용면적(평)":"26평",
            "법정동주소":"서울시 구로구 천왕동 282",
            "도로명주소":"서울시 구로구 천왕로 91",
            "세대수":30,
            "입주년차":60,
            "용적률점수":"--",
            "건폐율점수":"--",
            "세대당주차수":30,
            "난방방식":30,
            "공급면적":"--",
            "전용률":"--",
            "욕실수":100,
            "현관타입":100,
            "주거총점":50.0,
            "지역구공급총점":100.0,
            "역세권":80,
            "30분내 이동가능 거점":40,
            "1시간내 이동가능 거점":100,
            "교통총점":72.0,
            "백화점":0,
            "아울렛몰":100,
            "대형마트":0,
            "은행":0,
            "병원":30,
            "종합병원":100,
            "공원":100,
            "혐오시설":0,
            "인프라총점":36.0,
            "초등학군":85.9,
            "중학군":49.64,
            "학군총점":56.892,
            "인구수":45.37,
            "인구증감":-13.51,
            "인구총점":27.706,
            "일자리":29.7,
            "소득수준":57.74,
            "일자리총점":38.112,
            "가치 총점":54.5338,
            "매매실거래년":20210911.0,
            "매매실거래가":84500.0,
            "전세실거래년":20220118.0,
            "전세실거래가":14861.0,
            "전세가율":17.59,
            "장기전세가율평균":69.69,
            "전세가율거품지수":52.1,
            "검색코드":102850,
            "세대수":314.0,
            "준공년월":"2011-10-12",
            "준공년차":12.0,
            "가까운역이름":"천왕",
            "가까운역거리":132.13,
            "역세권여부":"역세권",
            "30분이내주요거점역":2,
            "1시간이내주요거점역":14,
            "3km이내백화점수":0,
            "5km이내아울렛몰수":2,
            "1km이내대형먀트수":0,
            "500m이내은행수":1,
            "500m이내병원수":8,
            "5km이내대형병원수":8,
            "500m이내공원수":3,
            "3km이내혐오시설수":0,
            "초등학교학업성취도":85.9,
            "중학교학업성취도":82.4,
            "용적률":152,
            "건폐율":22,
            "Y":37.48615,
            "X":126.837347,
            "rank":114.0,
            "area_info":"26평(85.98), 26평(85.98), 33평(110.67), 33평(110.14)",
            "last_sales":"2021-09-11,84500.0,26평(85.98)"
        },
        {
            "index":580,
            "아파트명":"길훈",
            "투자타입":"재건축",
            "전용면적(m2)":"71.21",
            "전용면적(평)":"21평",
            "법정동주소":"서울시 구로구 오류동 150-42",
            "도로명주소":"서울시 구로구 오류로8라길 20-8",
            "세대수":0,
            "입주년차":"--",
            "용적률점수":100,
            "건폐율점수":80,
            "세대당주차수":"--",
            "난방방식":"--",
            "공급면적":50,
            "전용률":60,
            "욕실수":"--",
            "현관타입":"--",
            "주거총점":61.5,
            "지역구공급총점":100.0,
            "역세권":80,
            "30분내 이동가능 거점":40,
            "1시간내 이동가능 거점":80,
            "교통총점":68.0,
            "백화점":0,
            "아울렛몰":100,
            "대형마트":0,
            "은행":0,
            "병원":60,
            "종합병원":100,
            "공원":80,
            "혐오시설":0,
            "인프라총점":38.4,
            "초등학군":85.9,
            "중학군":33.64,
            "학군총점":44.092,
            "인구수":45.37,
            "인구증감":-13.51,
            "인구총점":27.706,
            "일자리":29.7,
            "소득수준":57.74,
            "일자리총점":38.112,
            "가치 총점":54.2338,
            "매매실거래년":20211206.0,
            "매매실거래가":45000.0,
            "전세실거래년":20211218.0,
            "전세실거래가":16000.0,
            "전세가율":35.56,
            "장기전세가율평균":69.69,
            "전세가율거품지수":34.13,
            "검색코드":3213,
            "세대수":198.0,
            "준공년월":"1987-07-21",
            "준공년차":36.0,
            "가까운역이름":"오류동",
            "가까운역거리":496.96,
            "역세권여부":"역세권",
            "30분이내주요거점역":2,
            "1시간이내주요거점역":8,
            "3km이내백화점수":0,
            "5km이내아울렛몰수":2,
            "1km이내대형먀트수":0,
            "500m이내은행수":1,
            "500m이내병원수":10,
            "5km이내대형병원수":9,
            "500m이내공원수":1,
            "3km이내혐오시설수":0,
            "초등학교학업성취도":85.9,
            "중학교학업성취도":55.4,
            "용적률":123,
            "건폐율":26,
            "Y":37.490204,
            "X":126.843931,
            "rank":115.0,
            "area_info":"21평(71.21), 21평(72.42), 27평(91.04), 29평(98.02), 31평(102.95)",
            "last_sales":"2021-12-06,45000.0,21평(71.21)"
        },
        {
            "index":46,
            "아파트명":"동인",
            "투자타입":"재건축",
            "전용면적(m2)":"89.1",
            "전용면적(평)":"26평",
            "법정동주소":"서울시 구로구 개봉동 335-1",
            "도로명주소":"서울시 구로구 서해안로34가길 22",
            "세대수":0,
            "입주년차":"--",
            "용적률점수":60,
            "건폐율점수":80,
            "세대당주차수":"--",
            "난방방식":"--",
            "공급면적":70,
            "전용률":60,
            "욕실수":"--",
            "현관타입":"--",
            "주거총점":46.5,
            "지역구공급총점":100.0,
            "역세권":80,
            "30분내 이동가능 거점":40,
            "1시간내 이동가능 거점":100,
            "교통총점":72.0,
            "백화점":0,
            "아울렛몰":100,
            "대형마트":0,
            "은행":0,
            "병원":60,
            "종합병원":100,
            "공원":80,
            "혐오시설":0,
            "인프라총점":38.4,
            "초등학군":84.91,
            "중학군":46.46,
            "학군총점":54.15,
            "인구수":45.37,
            "인구증감":-13.51,
            "인구총점":27.706,
            "일자리":29.7,
            "소득수준":57.74,
            "일자리총점":38.112,
            "가치 총점":54.1425,
            "매매실거래년":20211011.0,
            "매매실거래가":42000.0,
            "전세실거래년":20220104.0,
            "전세실거래가":34000.0,
            "전세가율":80.95,
            "장기전세가율평균":69.69,
            "전세가율거품지수":-11.26,
            "검색코드":112,
            "세대수":104.0,
            "준공년월":"1989-10-25",
            "준공년차":34.0,
            "가까운역이름":"오류동",
            "가까운역거리":311.61,
            "역세권여부":"역세권",
            "30분이내주요거점역":2,
            "1시간이내주요거점역":14,
            "3km이내백화점수":0,
            "5km이내아울렛몰수":2,
            "1km이내대형먀트수":0,
            "500m이내은행수":1,
            "500m이내병원수":12,
            "5km이내대형병원수":7,
            "500m이내공원수":1,
            "3km이내혐오시설수":0,
            "초등학교학업성취도":84.91,
            "중학교학업성취도":76.3,
            "용적률":228,
            "건폐율":21,
            "Y":37.49365,
            "X":126.84872,
            "rank":116.0,
            "area_info":"26평(89.1), 28평(94.41), 31평(104.01)",
            "last_sales":"2021-10-11,42000.0,26평(89.1)"
        },
        {
            "index":4,
            "아파트명":"개봉아이파크",
            "투자타입":"일반",
            "전용면적(m2)":"80.54",
            "전용면적(평)":"24평",
            "법정동주소":"서울시 구로구 개봉동 489",
            "도로명주소":"서울시 구로구 개봉로2길 133-15",
            "세대수":50,
            "입주년차":40,
            "용적률점수":"--",
            "건폐율점수":"--",
            "세대당주차수":30,
            "난방방식":30,
            "공급면적":"--",
            "전용률":"--",
            "욕실수":100,
            "현관타입":100,
            "주거총점":53.0,
            "지역구공급총점":100.0,
            "역세권":50,
            "30분내 이동가능 거점":60,
            "1시간내 이동가능 거점":100,
            "교통총점":63.0,
            "백화점":0,
            "아울렛몰":100,
            "대형마트":0,
            "은행":100,
            "병원":80,
            "종합병원":100,
            "공원":80,
            "혐오시설":0,
            "인프라총점":50.4,
            "초등학군":75.45,
            "중학군":33.64,
            "학군총점":42.002,
            "인구수":45.37,
            "인구증감":-13.51,
            "인구총점":27.706,
            "일자리":29.7,
            "소득수준":57.74,
            "일자리총점":38.112,
            "가치 총점":54.0703,
            "매매실거래년":20211125.0,
            "매매실거래가":110000.0,
            "전세실거래년":20211218.0,
            "전세실거래가":40950.0,
            "전세가율":47.62,
            "장기전세가율평균":69.69,
            "전세가율거품지수":22.07,
            "검색코드":17538,
            "세대수":684.0,
            "준공년월":"2006-06-19",
            "준공년차":17.0,
            "가까운역이름":"개봉",
            "가까운역거리":523.67,
            "역세권여부":"준역세권",
            "30분이내주요거점역":3,
            "1시간이내주요거점역":12,
            "3km이내백화점수":0,
            "5km이내아울렛몰수":2,
            "1km이내대형먀트수":0,
            "500m이내은행수":5,
            "500m이내병원수":46,
            "5km이내대형병원수":8,
            "500m이내공원수":1,
            "3km이내혐오시설수":0,
            "초등학교학업성취도":75.45,
            "중학교학업성취도":55.4,
            "용적률":288,
            "건폐율":18,
            "Y":37.489991,
            "X":126.859935,
            "rank":117.0,
            "area_info":"24평(80.54), 34평(115.61), 45평(151.02)",
            "last_sales":"2021-11-25,110000.0,34평(115.61)"
        },
        {
            "index":407,
            "아파트명":"월드",
            "투자타입":"일반",
            "전용면적(m2)":"89.38",
            "전용면적(평)":"27평",
            "법정동주소":"서울시 구로구 구로동 1262",
            "도로명주소":"서울시 구로구 구로중앙로 229",
            "세대수":0,
            "입주년차":0,
            "용적률점수":"--",
            "건폐율점수":"--",
            "세대당주차수":30,
            "난방방식":30,
            "공급면적":"--",
            "전용률":"--",
            "욕실수":50,
            "현관타입":10,
            "주거총점":13.5,
            "지역구공급총점":100.0,
            "역세권":50,
            "30분내 이동가능 거점":40,
            "1시간내 이동가능 거점":100,
            "교통총점":57.0,
            "백화점":100,
            "아울렛몰":100,
            "대형마트":0,
            "은행":70,
            "병원":60,
            "종합병원":100,
            "공원":0,
            "혐오시설":0,
            "인프라총점":73.0,
            "초등학군":85.42,
            "중학군":57.74,
            "학군총점":63.276,
            "인구수":45.37,
            "인구증감":-13.51,
            "인구총점":27.706,
            "일자리":29.7,
            "소득수준":57.74,
            "일자리총점":38.112,
            "가치 총점":54.0414,
            "매매실거래년":20211016.0,
            "매매실거래가":73800.0,
            "전세실거래년":20200718.0,
            "전세실거래가":28000.0,
            "전세가율":40.0,
            "장기전세가율평균":69.69,
            "전세가율거품지수":29.69,
            "검색코드":8587,
            "세대수":189.0,
            "준공년월":"1998-12-24",
            "준공년차":25.0,
            "가까운역이름":"구로",
            "가까운역거리":623.82,
            "역세권여부":"준역세권",
            "30분이내주요거점역":2,
            "1시간이내주요거점역":15,
            "3km이내백화점수":3,
            "5km이내아울렛몰수":2,
            "1km이내대형먀트수":0,
            "500m이내은행수":4,
            "500m이내병원수":10,
            "5km이내대형병원수":13,
            "500m이내공원수":0,
            "3km이내혐오시설수":0,
            "초등학교학업성취도":85.42,
            "중학교학업성취도":93.3,
            "용적률":296,
            "건폐율":26,
            "Y":37.505739,
            "X":126.875767,
            "rank":118.0,
            "area_info":"27평(89.38), 32평(108.5)",
            "last_sales":"2021-10-16,73800.0,32평(108.5)"
        },
        {
            "index":688,
            "아파트명":"천왕연지타운2단지",
            "투자타입":"일반",
            "전용면적(m2)":"111.97",
            "전용면적(평)":"33평",
            "법정동주소":"서울시 구로구 천왕동 281",
            "도로명주소":"서울시 구로구 오리로 1102-10",
            "세대수":90,
            "입주년차":80,
            "용적률점수":"--",
            "건폐율점수":"--",
            "세대당주차수":60,
            "난방방식":30,
            "공급면적":"--",
            "전용률":"--",
            "욕실수":100,
            "현관타입":100,
            "주거총점":79.5,
            "지역구공급총점":100.0,
            "역세권":50,
            "30분내 이동가능 거점":40,
            "1시간내 이동가능 거점":100,
            "교통총점":57.0,
            "백화점":0,
            "아울렛몰":100,
            "대형마트":0,
            "은행":0,
            "병원":0,
            "종합병원":100,
            "공원":100,
            "혐오시설":0,
            "인프라총점":33.0,
            "초등학군":86.18,
            "중학군":42.66,
            "학군총점":51.364,
            "인구수":45.37,
            "인구증감":-13.51,
            "인구총점":27.706,
            "일자리":29.7,
            "소득수준":57.74,
            "일자리총점":38.112,
            "가치 총점":53.4546,
            "매매실거래년":20200121.0,
            "매매실거래가":80000.0,
            "전세실거래년":20181003.0,
            "전세실거래가":48000.0,
            "전세가율":null,
            "장기전세가율평균":69.69,
            "전세가율거품지수":null,
            "검색코드":107066,
            "세대수":1018.0,
            "준공년월":"2014-01-27",
            "준공년차":9.0,
            "가까운역이름":"천왕",
            "가까운역거리":655.68,
            "역세권여부":"준역세권",
            "30분이내주요거점역":2,
            "1시간이내주요거점역":10,
            "3km이내백화점수":0,
            "5km이내아울렛몰수":2,
            "1km이내대형먀트수":0,
            "500m이내은행수":0,
            "500m이내병원수":0,
            "5km이내대형병원수":7,
            "500m이내공원수":5,
            "3km이내혐오시설수":0,
            "초등학교학업성취도":86.18,
            "중학교학업성취도":68.9,
            "용적률":192,
            "건폐율":19,
            "Y":37.483212,
            "X":126.844762,
            "rank":119.0,
            "area_info":"33평(111.97), 33평(112.22), 34평(112.43), 34평(112.76), 34평(112.43), 34평(112.43), 33평(112.25), 34평(112.43), 33평(112.25), 34평(112.43), 33평(112.25), 34평(112.59), 33평(112.15), 33평(112.06), 33평(112.25), 34평(113.39), 34평(113.3), 40평(133.31), 40평(133.54), 40평(133.54), 40평(133.54), 40평(133.54), 40평(133.91), 40평(133.91), 40평(133.91), 40평(133.91), 45평(151.05), 45평(151.05), 45평(151.05), 45평(151.05), 45평(151.05), 45평(151.05), 45평(151.05), 46평(154.3)",
            "last_sales":"2020-01-21,80000.0,45평(151.05)"
        },
        {
            "index":618,
            "아파트명":"오류동역솔리스타(도시형)",
            "투자타입":"일반",
            "전용면적(m2)":"27.0",
            "전용면적(평)":"8평",
            "법정동주소":"서울시 구로구 오류동 75-2",
            "도로명주소":"서울시 구로구 경인로20나길 63",
            "세대수":0,
            "입주년차":80,
            "용적률점수":"--",
            "건폐율점수":"--",
            "세대당주차수":0,
            "난방방식":30,
            "공급면적":"--",
            "전용률":"--",
            "욕실수":50,
            "현관타입":10,
            "주거총점":25.0,
            "지역구공급총점":100.0,
            "역세권":80,
            "30분내 이동가능 거점":40,
            "1시간내 이동가능 거점":100,
            "교통총점":72.0,
            "백화점":0,
            "아울렛몰":100,
            "대형마트":0,
            "은행":70,
            "병원":80,
            "종합병원":100,
            "공원":100,
            "혐오시설":0,
            "인프라총점":48.0,
            "초등학군":85.35,
            "중학군":49.64,
            "학군총점":56.782,
            "인구수":45.37,
            "인구증감":-13.51,
            "인구총점":27.706,
            "일자리":29.7,
            "소득수준":57.74,
            "일자리총점":38.112,
            "가치 총점":53.1173,
            "매매실거래년":20211019.0,
            "매매실거래가":9000.0,
            "전세실거래년":20210831.0,
            "전세실거래가":9500.0,
            "전세가율":100.0,
            "장기전세가율평균":69.69,
            "전세가율거품지수":-30.31,
            "검색코드":112077,
            "세대수":107.0,
            "준공년월":"2016-04-01",
            "준공년차":7.0,
            "가까운역이름":"오류동",
            "가까운역거리":407.81,
            "역세권여부":"역세권",
            "30분이내주요거점역":2,
            "1시간이내주요거점역":14,
            "3km이내백화점수":0,
            "5km이내아울렛몰수":2,
            "1km이내대형먀트수":0,
            "500m이내은행수":3,
            "500m이내병원수":41,
            "5km이내대형병원수":9,
            "500m이내공원수":2,
            "3km이내혐오시설수":0,
            "초등학교학업성취도":85.35,
            "중학교학업성취도":82.4,
            "용적률":681,
            "건폐율":59,
            "Y":37.49403,
            "X":126.840785,
            "rank":120.0,
            "area_info":"8평(27.0), 8평(27.46), 8평(28.62), 8평(28.89), 9평(30.06), 10평(33.12), 10평(35.75), 13평(43.17), 14평(46.72), 15평(49.71), 15평(51.77), 17평(57.31)",
            "last_sales":"2021-10-19,9000.0,8평(28.89)"
        },
        {
            "index":564,
            "아파트명":"경남아너스빌",
            "투자타입":"일반",
            "전용면적(m2)":"84.74",
            "전용면적(평)":"25평",
            "법정동주소":"서울시 구로구 오류동 344",
            "도로명주소":"서울시 구로구 오류로 65",
            "세대수":0,
            "입주년차":20,
            "용적률점수":"--",
            "건폐율점수":"--",
            "세대당주차수":30,
            "난방방식":30,
            "공급면적":"--",
            "전용률":"--",
            "욕실수":50,
            "현관타입":100,
            "주거총점":26.5,
            "지역구공급총점":100.0,
            "역세권":80,
            "30분내 이동가능 거점":40,
            "1시간내 이동가능 거점":100,
            "교통총점":72.0,
            "백화점":0,
            "아울렛몰":100,
            "대형마트":0,
            "은행":70,
            "병원":60,
            "종합병원":100,
            "공원":80,
            "혐오시설":0,
            "인프라총점":45.4,
            "초등학군":85.9,
            "중학군":49.64,
            "학군총점":56.892,
            "인구수":45.37,
            "인구증감":-13.51,
            "인구총점":27.706,
            "일자리":29.7,
            "소득수준":57.74,
            "일자리총점":38.112,
            "가치 총점":52.6538,
            "매매실거래년":20210219.0,
            "매매실거래가":75300.0,
            "전세실거래년":20210125.0,
            "전세실거래가":47000.0,
            "전세가율":100.21,
            "장기전세가율평균":69.69,
            "전세가율거품지수":-30.52,
            "검색코드":8311,
            "세대수":296.0,
            "준공년월":"2003-10-31",
            "준공년차":20.0,
            "가까운역이름":"천왕",
            "가까운역거리":401.82,
            "역세권여부":"역세권",
            "30분이내주요거점역":2,
            "1시간이내주요거점역":11,
            "3km이내백화점수":0,
            "5km이내아울렛몰수":2,
            "1km이내대형먀트수":0,
            "500m이내은행수":3,
            "500m이내병원수":22,
            "5km이내대형병원수":9,
            "500m이내공원수":1,
            "3km이내혐오시설수":0,
            "초등학교학업성취도":85.9,
            "중학교학업성취도":82.4,
            "용적률":267,
            "건폐율":20,
            "Y":37.49017,
            "X":126.83967,
            "rank":121.0,
            "area_info":"25평(84.74), 33평(112.08), 33평(112.34), 34평(114.26)",
            "last_sales":"2021-02-19,75300.0,34평(114.26)"
        },
        {
            "index":93,
            "아파트명":"경남1차",
            "투자타입":"일반",
            "전용면적(m2)":"83.74",
            "전용면적(평)":"25평",
            "법정동주소":"서울시 구로구 고척동 325",
            "도로명주소":"서울시 구로구 경인로47길 150",
            "세대수":0,
            "입주년차":0,
            "용적률점수":"--",
            "건폐율점수":"--",
            "세대당주차수":0,
            "난방방식":30,
            "공급면적":"--",
            "전용률":"--",
            "욕실수":50,
            "현관타입":10,
            "주거총점":9.0,
            "지역구공급총점":100.0,
            "역세권":50,
            "30분내 이동가능 거점":40,
            "1시간내 이동가능 거점":100,
            "교통총점":57.0,
            "백화점":100,
            "아울렛몰":100,
            "대형마트":0,
            "은행":20,
            "병원":60,
            "종합병원":100,
            "공원":100,
            "혐오시설":0,
            "인프라총점":71.0,
            "초등학군":85.91,
            "중학군":57.22,
            "학군총점":62.958,
            "인구수":45.37,
            "인구증감":-13.51,
            "인구총점":27.706,
            "일자리":29.7,
            "소득수준":57.74,
            "일자리총점":38.112,
            "가치 총점":52.4937,
            "매매실거래년":20210601.0,
            "매매실거래가":63000.0,
            "전세실거래년":20210417.0,
            "전세실거래가":36000.0,
            "전세가율":61.54,
            "장기전세가율평균":69.69,
            "전세가율거품지수":8.15,
            "검색코드":1070,
            "세대수":163.0,
            "준공년월":"1998-01-26",
            "준공년차":25.0,
            "가까운역이름":"양천구청",
            "가까운역거리":844.36,
            "역세권여부":"준역세권",
            "30분이내주요거점역":2,
            "1시간이내주요거점역":13,
            "3km이내백화점수":2,
            "5km이내아울렛몰수":2,
            "1km이내대형먀트수":0,
            "500m이내은행수":2,
            "500m이내병원수":22,
            "5km이내대형병원수":11,
            "500m이내공원수":2,
            "3km이내혐오시설수":0,
            "초등학교학업성취도":85.91,
            "중학교학업성취도":94.1,
            "용적률":274,
            "건폐율":25,
            "Y":37.5052,
            "X":126.86277,
            "rank":122.0,
            "area_info":"25평(83.74), 25평(83.67), 28평(95.19), 32평(107.44)",
            "last_sales":"2021-06-01,63000.0,32평(107.44)"
        },
        {
            "index":778,
            "아파트명":"항동중흥S-클래스베르데카운티",
            "투자타입":"일반",
            "전용면적(m2)":"116.64",
            "전용면적(평)":"35평",
            "법정동주소":"서울시 구로구 항동 항동지구1블록",
            "도로명주소":"서울시 구로구 연동로 233",
            "세대수":50,
            "입주년차":100,
            "용적률점수":"--",
            "건폐율점수":"--",
            "세대당주차수":60,
            "난방방식":100,
            "공급면적":"--",
            "전용률":"--",
            "욕실수":100,
            "현관타입":100,
            "주거총점":76.5,
            "지역구공급총점":100.0,
            "역세권":50,
            "30분내 이동가능 거점":20,
            "1시간내 이동가능 거점":100,
            "교통총점":51.0,
            "백화점":0,
            "아울렛몰":0,
            "대형마트":80,
            "은행":0,
            "병원":30,
            "종합병원":100,
            "공원":80,
            "혐오시설":0,
            "인프라총점":37.4,
            "초등학군":100.0,
            "중학군":42.66,
            "학군총점":54.128,
            "인구수":45.37,
            "인구증감":-13.51,
            "인구총점":27.706,
            "일자리":29.7,
            "소득수준":57.74,
            "일자리총점":38.112,
            "가치 총점":52.4892,
            "매매실거래년":20211105.0,
            "매매실거래가":117000.0,
            "전세실거래년":20210613.0,
            "전세실거래가":60000.0,
            "전세가율":51.28,
            "장기전세가율평균":69.69,
            "전세가율거품지수":18.41,
            "검색코드":118711,
            "세대수":419.0,
            "준공년월":"2019-12-01",
            "준공년차":4.0,
            "가까운역이름":"역곡",
            "가까운역거리":937.89,
            "역세권여부":"준역세권",
            "30분이내주요거점역":1,
            "1시간이내주요거점역":10,
            "3km이내백화점수":0,
            "5km이내아울렛몰수":0,
            "1km이내대형먀트수":1,
            "500m이내은행수":0,
            "500m이내병원수":6,
            "5km이내대형병원수":8,
            "500m이내공원수":1,
            "3km이내혐오시설수":0,
            "초등학교학업성취도":100.0,
            "중학교학업성취도":68.9,
            "용적률":217,
            "건폐율":21,
            "Y":37.481218,
            "X":126.820887,
            "rank":123.0,
            "area_info":"35평(116.64), 35평(118.17), 45평(149.94), 59평(197.6)",
            "last_sales":"2021-11-05,117000.0,35평(116.64)"
        },
        {
            "index":454,
            "아파트명":"우신",
            "투자타입":"재건축",
            "전용면적(m2)":"60.41",
            "전용면적(평)":"18평",
            "법정동주소":"서울시 구로구 궁동 213-21",
            "도로명주소":"서울시 구로구 오리로 1265",
            "세대수":80,
            "입주년차":"--",
            "용적률점수":100,
            "건폐율점수":80,
            "세대당주차수":"--",
            "난방방식":"--",
            "공급면적":50,
            "전용률":40,
            "욕실수":"--",
            "현관타입":"--",
            "주거총점":84.5,
            "지역구공급총점":100.0,
            "역세권":50,
            "30분내 이동가능 거점":40,
            "1시간내 이동가능 거점":100,
            "교통총점":57.0,
            "백화점":0,
            "아울렛몰":0,
            "대형마트":0,
            "은행":0,
            "병원":30,
            "종합병원":100,
            "공원":100,
            "혐오시설":0,
            "인프라총점":26.0,
            "초등학군":84.96,
            "중학군":42.0,
            "학군총점":50.592,
            "인구수":45.37,
            "인구증감":-13.51,
            "인구총점":27.706,
            "일자리":29.7,
            "소득수준":57.74,
            "일자리총점":38.112,
            "가치 총점":52.2388,
            "매매실거래년":"18000101",
            "매매실거래가":null,
            "전세실거래년":null,
            "전세실거래가":null,
            "전세가율":null,
            "장기전세가율평균":69.69,
            "전세가율거품지수":null,
            "검색코드":15768,
            "세대수":762.0,
            "준공년월":"1988-11-21",
            "준공년차":35.0,
            "가까운역이름":"온수",
            "가까운역거리":606.57,
            "역세권여부":"준역세권",
            "30분이내주요거점역":2,
            "1시간이내주요거점역":11,
            "3km이내백화점수":0,
            "5km이내아울렛몰수":0,
            "1km이내대형먀트수":0,
            "500m이내은행수":1,
            "500m이내병원수":5,
            "5km이내대형병원수":9,
            "500m이내공원수":2,
            "3km이내혐오시설수":0,
            "초등학교학업성취도":84.96,
            "중학교학업성취도":69.6,
            "용적률":88,
            "건폐율":29,
            "Y":37.494739,
            "X":126.829511,
            "rank":124.0,
            "area_info":"18평(60.41), 20평(69.32), 25평(83.56)",
            "last_sales":"1800-01-01,nan,18평(60.41)"
        },
        {
            "index":613,
            "아파트명":"영풍마드레빌",
            "투자타입":"일반",
            "전용면적(m2)":"85.28",
            "전용면적(평)":"25평",
            "법정동주소":"서울시 구로구 오류동 342",
            "도로명주소":"서울시 구로구 경인로8길 64",
            "세대수":50,
            "입주년차":20,
            "용적률점수":"--",
            "건폐율점수":"--",
            "세대당주차수":30,
            "난방방식":30,
            "공급면적":"--",
            "전용률":"--",
            "욕실수":100,
            "현관타입":100,
            "주거총점":49.0,
            "지역구공급총점":100.0,
            "역세권":50,
            "30분내 이동가능 거점":40,
            "1시간내 이동가능 거점":100,
            "교통총점":57.0,
            "백화점":0,
            "아울렛몰":100,
            "대형마트":0,
            "은행":70,
            "병원":60,
            "종합병원":100,
            "공원":80,
            "혐오시설":0,
            "인프라총점":45.4,
            "초등학군":85.9,
            "중학군":49.64,
            "학군총점":56.892,
            "인구수":45.37,
            "인구증감":-13.51,
            "인구총점":27.706,
            "일자리":29.7,
            "소득수준":57.74,
            "일자리총점":38.112,
            "가치 총점":51.9038,
            "매매실거래년":20210906.0,
            "매매실거래가":85000.0,
            "전세실거래년":20211208.0,
            "전세실거래가":47000.0,
            "전세가율":65.28,
            "장기전세가율평균":69.69,
            "전세가율거품지수":4.41,
            "검색코드":3357,
            "세대수":627.0,
            "준공년월":"2002-07-29",
            "준공년차":21.0,
            "가까운역이름":"천왕",
            "가까운역거리":549.32,
            "역세권여부":"준역세권",
            "30분이내주요거점역":2,
            "1시간이내주요거점역":14,
            "3km이내백화점수":0,
            "5km이내아울렛몰수":2,
            "1km이내대형먀트수":0,
            "500m이내은행수":3,
            "500m이내병원수":17,
            "5km이내대형병원수":9,
            "500m이내공원수":1,
            "3km이내혐오시설수":0,
            "초등학교학업성취도":85.9,
            "중학교학업성취도":82.4,
            "용적률":276,
            "건폐율":20,
            "Y":37.491577,
            "X":126.838753,
            "rank":125.0,
            "area_info":"25평(85.28), 34평(113.24)",
            "last_sales":"2021-09-06,85000.0,34평(113.24)"
        },
        {
            "index":57,
            "아파트명":"상우",
            "투자타입":"일반",
            "전용면적(m2)":"87.24",
            "전용면적(평)":"26평",
            "법정동주소":"서울시 구로구 개봉동 473",
            "도로명주소":"서울시 구로구 남부순환로97길 50",
            "세대수":0,
            "입주년차":0,
            "용적률점수":"--",
            "건폐율점수":"--",
            "세대당주차수":0,
            "난방방식":30,
            "공급면적":"--",
            "전용률":"--",
            "욕실수":50,
            "현관타입":100,
            "주거총점":18.0,
            "지역구공급총점":100.0,
            "역세권":80,
            "30분내 이동가능 거점":60,
            "1시간내 이동가능 거점":100,
            "교통총점":78.0,
            "백화점":0,
            "아울렛몰":100,
            "대형마트":0,
            "은행":20,
            "병원":80,
            "종합병원":100,
            "공원":80,
            "혐오시설":0,
            "인프라총점":42.4,
            "초등학군":75.45,
            "중학군":47.6,
            "학군총점":53.17,
            "인구수":45.37,
            "인구증감":-13.51,
            "인구총점":27.706,
            "일자리":29.7,
            "소득수준":57.74,
            "일자리총점":38.112,
            "가치 총점":51.5955,
            "매매실거래년":20210810.0,
            "매매실거래가":65000.0,
            "전세실거래년":20210926.0,
            "전세실거래가":27000.0,
            "전세가율":49.09,
            "장기전세가율평균":69.69,
            "전세가율거품지수":20.6,
            "검색코드":104,
            "세대수":188.0,
            "준공년월":"1997-12-11",
            "준공년차":26.0,
            "가까운역이름":"개봉",
            "가까운역거리":197.75,
            "역세권여부":"역세권",
            "30분이내주요거점역":3,
            "1시간이내주요거점역":16,
            "3km이내백화점수":0,
            "5km이내아울렛몰수":2,
            "1km이내대형먀트수":0,
            "500m이내은행수":2,
            "500m이내병원수":41,
            "5km이내대형병원수":9,
            "500m이내공원수":1,
            "3km이내혐오시설수":0,
            "초등학교학업성취도":75.45,
            "중학교학업성취도":78.6,
            "용적률":397,
            "건폐율":41,
            "Y":37.493791,
            "X":126.86068,
            "rank":126.0,
            "area_info":"26평(87.24), 31평(103.4), 35평(116.91)",
            "last_sales":"2021-08-10,65000.0,35평(116.91)"
        },
        {
            "index":18,
            "아파트명":"개봉한진타운",
            "투자타입":"일반",
            "전용면적(m2)":"88.78",
            "전용면적(평)":"26평",
            "법정동주소":"서울시 구로구 개봉동 478",
            "도로명주소":"서울시 구로구 개봉로3길 87",
            "세대수":90,
            "입주년차":20,
            "용적률점수":"--",
            "건폐율점수":"--",
            "세대당주차수":30,
            "난방방식":30,
            "공급면적":"--",
            "전용률":"--",
            "욕실수":50,
            "현관타입":10,
            "주거총점":49.0,
            "지역구공급총점":100.0,
            "역세권":50,
            "30분내 이동가능 거점":40,
            "1시간내 이동가능 거점":100,
            "교통총점":57.0,
            "백화점":0,
            "아울렛몰":100,
            "대형마트":80,
            "은행":0,
            "병원":60,
            "종합병원":100,
            "공원":100,
            "혐오시설":0,
            "인프라총점":51.0,
            "초등학군":71.82,
            "중학군":33.64,
            "학군총점":41.276,
            "인구수":45.37,
            "인구증감":-13.51,
            "인구총점":27.706,
            "일자리":29.7,
            "소득수준":57.74,
            "일자리총점":38.112,
            "가치 총점":51.2414,
            "매매실거래년":20211128.0,
            "매매실거래가":74500.0,
            "전세실거래년":20211204.0,
            "전세실거래가":28875.0,
            "전세가율":44.91,
            "장기전세가율평균":69.69,
            "전세가율거품지수":24.78,
            "검색코드":1062,
            "세대수":1371.0,
            "준공년월":"2000-01-15",
            "준공년차":23.0,
            "가까운역이름":"광명사거리",
            "가까운역거리":693.7,
            "역세권여부":"준역세권",
            "30분이내주요거점역":2,
            "1시간이내주요거점역":12,
            "3km이내백화점수":0,
            "5km이내아울렛몰수":2,
            "1km이내대형먀트수":1,
            "500m이내은행수":1,
            "500m이내병원수":12,
            "5km이내대형병원수":7,
            "500m이내공원수":3,
            "3km이내혐오시설수":0,
            "초등학교학업성취도":71.82,
            "중학교학업성취도":55.4,
            "용적률":345,
            "건폐율":25,
            "Y":37.484955,
            "X":126.851689,
            "rank":127.0,
            "area_info":"26평(88.78), 33평(110.12), 33평(110.12), 45평(148.97), 45평(148.97)",
            "last_sales":"2021-11-28,74500.0,33평(110.12)"
        },
        {
            "index":201,
            "아파트명":"한성",
            "투자타입":"재건축",
            "전용면적(m2)":"83.52",
            "전용면적(평)":"25평",
            "법정동주소":"서울시 구로구 고척동 227-1",
            "도로명주소":"서울시 구로구 중앙로15길 132-60",
            "세대수":0,
            "입주년차":"--",
            "용적률점수":100,
            "건폐율점수":80,
            "세대당주차수":"--",
            "난방방식":"--",
            "공급면적":70,
            "전용률":60,
            "욕실수":"--",
            "현관타입":"--",
            "주거총점":62.5,
            "지역구공급총점":100.0,
            "역세권":0,
            "30분내 이동가능 거점":40,
            "1시간내 이동가능 거점":70,
            "교통총점":26.0,
            "백화점":100,
            "아울렛몰":100,
            "대형마트":0,
            "은행":0,
            "병원":30,
            "종합병원":100,
            "공원":100,
            "혐오시설":0,
            "인프라총점":66.0,
            "초등학군":84.83,
            "중학군":57.22,
            "학군총점":62.742,
            "인구수":45.37,
            "인구증감":-13.51,
            "인구총점":27.706,
            "일자리":29.7,
            "소득수준":57.74,
            "일자리총점":38.112,
            "가치 총점":50.8113,
            "매매실거래년":20201008.0,
            "매매실거래가":40000.0,
            "전세실거래년":20170224.0,
            "전세실거래가":16000.0,
            "전세가율":67.23,
            "장기전세가율평균":69.69,
            "전세가율거품지수":2.46,
            "검색코드":1064,
            "세대수":130.0,
            "준공년월":"1986-12-26",
            "준공년차":37.0,
            "가까운역이름":"양천구청",
            "가까운역거리":1150.34,
            "역세권여부":"비역세권",
            "30분이내주요거점역":2,
            "1시간이내주요거점역":7,
            "3km이내백화점수":1,
            "5km이내아울렛몰수":2,
            "1km이내대형먀트수":0,
            "500m이내은행수":0,
            "500m이내병원수":6,
            "5km이내대형병원수":9,
            "500m이내공원수":5,
            "3km이내혐오시설수":0,
            "초등학교학업성취도":84.83,
            "중학교학업성취도":94.1,
            "용적률":147,
            "건폐율":29,
            "Y":37.508501,
            "X":126.853738,
            "rank":128.0,
            "area_info":"25평(83.52), 25평(84.22), 25평(84.57), 25평(85.86), 26평(88.08), 27평(90.3), 27평(91.24), 27평(91.73), 28평(94.44), 29평(97.2), 29평(97.7)",
            "last_sales":"2020-10-08,40000.0,27평(91.24)"
        },
        {
            "index":738,
            "아파트명":"동삼파크",
            "투자타입":"재건축",
            "전용면적(m2)":"63.88",
            "전용면적(평)":"19평",
            "법정동주소":"서울시 구로구 항동 1",
            "도로명주소":"서울시 구로구 연동로 306",
            "세대수":0,
            "입주년차":"--",
            "용적률점수":100,
            "건폐율점수":60,
            "세대당주차수":"--",
            "난방방식":"--",
            "공급면적":50,
            "전용률":40,
            "욕실수":"--",
            "현관타입":"--",
            "주거총점":56.5,
            "지역구공급총점":100.0,
            "역세권":50,
            "30분내 이동가능 거점":60,
            "1시간내 이동가능 거점":100,
            "교통총점":63.0,
            "백화점":0,
            "아울렛몰":0,
            "대형마트":80,
            "은행":0,
            "병원":10,
            "종합병원":100,
            "공원":0,
            "혐오시설":0,
            "인프라총점":33.0,
            "초등학군":82.78,
            "중학군":42.0,
            "학군총점":50.156,
            "인구수":45.37,
            "인구증감":-13.51,
            "인구총점":27.706,
            "일자리":29.7,
            "소득수준":57.74,
            "일자리총점":38.112,
            "가치 총점":50.7734,
            "매매실거래년":"18000101",
            "매매실거래가":null,
            "전세실거래년":null,
            "전세실거래가":null,
            "전세가율":null,
            "장기전세가율평균":69.69,
            "전세가율거품지수":null,
            "검색코드":17104,
            "세대수":162.0,
            "준공년월":"1988-02-28",
            "준공년차":35.0,
            "가까운역이름":"온수",
            "가까운역거리":569.52,
            "역세권여부":"준역세권",
            "30분이내주요거점역":3,
            "1시간이내주요거점역":12,
            "3km이내백화점수":0,
            "5km이내아울렛몰수":0,
            "1km이내대형먀트수":1,
            "500m이내은행수":0,
            "500m이내병원수":2,
            "5km이내대형병원수":7,
            "500m이내공원수":0,
            "3km이내혐오시설수":0,
            "초등학교학업성취도":82.78,
            "중학교학업성취도":69.6,
            "용적률":95,
            "건폐율":31,
            "Y":37.48722,
            "X":126.824551,
            "rank":129.0,
            "area_info":"19평(63.88), 22평(73.76)",
            "last_sales":"1800-01-01,nan,19평(63.88)"
        },
        {
            "index":23,
            "아파트명":"거성",
            "투자타입":"재건축",
            "전용면적(m2)":"63.5",
            "전용면적(평)":"19평",
            "법정동주소":"서울시 구로구 개봉동 270-80",
            "도로명주소":"서울시 구로구 개봉로15길 91",
            "세대수":0,
            "입주년차":"--",
            "용적률점수":100,
            "건폐율점수":80,
            "세대당주차수":"--",
            "난방방식":"--",
            "공급면적":50,
            "전용률":60,
            "욕실수":"--",
            "현관타입":"--",
            "주거총점":61.5,
            "지역구공급총점":100.0,
            "역세권":50,
            "30분내 이동가능 거점":20,
            "1시간내 이동가능 거점":100,
            "교통총점":51.0,
            "백화점":0,
            "아울렛몰":100,
            "대형마트":0,
            "은행":70,
            "병원":60,
            "종합병원":100,
            "공원":100,
            "혐오시설":0,
            "인프라총점":46.0,
            "초등학군":84.91,
            "중학군":33.64,
            "학군총점":43.894,
            "인구수":45.37,
            "인구증감":-13.51,
            "인구총점":27.706,
            "일자리":29.7,
            "소득수준":57.74,
            "일자리총점":38.112,
            "가치 총점":50.5341,
            "매매실거래년":20211119.0,
            "매매실거래가":31000.0,
            "전세실거래년":20211120.0,
            "전세실거래가":10000.0,
            "전세가율":32.26,
            "장기전세가율평균":69.69,
            "전세가율거품지수":37.43,
            "검색코드":11560,
            "세대수":190.0,
            "준공년월":"1988-05-11",
            "준공년차":35.0,
            "가까운역이름":"오류동",
            "가까운역거리":746.24,
            "역세권여부":"준역세권",
            "30분이내주요거점역":1,
            "1시간이내주요거점역":11,
            "3km이내백화점수":0,
            "5km이내아울렛몰수":2,
            "1km이내대형먀트수":0,
            "500m이내은행수":3,
            "500m이내병원수":10,
            "5km이내대형병원수":7,
            "500m이내공원수":3,
            "3km이내혐오시설수":0,
            "초등학교학업성취도":84.91,
            "중학교학업성취도":55.4,
            "용적률":147,
            "건폐율":29,
            "Y":37.489315,
            "X":126.850695,
            "rank":130.0,
            "area_info":"19평(63.5), 23평(76.35), 30평(101.48)",
            "last_sales":"2021-11-19,31000.0,19평(63.5)"
        },
        {
            "index":654,
            "아파트명":"현대썬앤빌구로(도시형)",
            "투자타입":"일반",
            "전용면적(m2)":"20.86",
            "전용면적(평)":"6평",
            "법정동주소":"서울시 구로구 오류동 34-13",
            "도로명주소":"서울시 구로구 경인로19가길 40",
            "세대수":0,
            "입주년차":80,
            "용적률점수":"--",
            "건폐율점수":"--",
            "세대당주차수":0,
            "난방방식":30,
            "공급면적":"--",
            "전용률":"--",
            "욕실수":50,
            "현관타입":10,
            "주거총점":25.0,
            "지역구공급총점":100.0,
            "역세권":80,
            "30분내 이동가능 거점":40,
            "1시간내 이동가능 거점":100,
            "교통총점":72.0,
            "백화점":0,
            "아울렛몰":100,
            "대형마트":0,
            "은행":20,
            "병원":80,
            "종합병원":100,
            "공원":100,
            "혐오시설":0,
            "인프라총점":43.0,
            "초등학군":85.35,
            "중학군":40.5,
            "학군총점":49.47,
            "인구수":45.37,
            "인구증감":-13.51,
            "인구총점":27.706,
            "일자리":29.7,
            "소득수준":57.74,
            "일자리총점":38.112,
            "가치 총점":50.5205,
            "매매실거래년":20220112.0,
            "매매실거래가":8300.0,
            "전세실거래년":20210515.0,
            "전세실거래가":8000.0,
            "전세가율":96.39,
            "장기전세가율평균":69.69,
            "전세가율거품지수":-26.7,
            "검색코드":105909,
            "세대수":200.0,
            "준공년월":"2014-05-14",
            "준공년차":9.0,
            "가까운역이름":"오류동",
            "가까운역거리":285.91,
            "역세권여부":"역세권",
            "30분이내주요거점역":2,
            "1시간이내주요거점역":14,
            "3km이내백화점수":0,
            "5km이내아울렛몰수":2,
            "1km이내대형먀트수":0,
            "500m이내은행수":2,
            "500m이내병원수":32,
            "5km이내대형병원수":8,
            "500m이내공원수":2,
            "3km이내혐오시설수":0,
            "초등학교학업성취도":85.35,
            "중학교학업성취도":66.9,
            "용적률":649,
            "건폐율":59,
            "Y":37.497051,
            "X":126.844753,
            "rank":131.0,
            "area_info":"6평(20.86), 7평(25.4)",
            "last_sales":"2022-01-12,8300.0,6평(20.86)"
        },
        {
            "index":106,
            "아파트명":"고척대우",
            "투자타입":"일반",
            "전용면적(m2)":"84.66",
            "전용면적(평)":"25평",
            "법정동주소":"서울시 구로구 고척동 296",
            "도로명주소":"서울시 구로구 고척로52길 48",
            "세대수":90,
            "입주년차":20,
            "용적률점수":"--",
            "건폐율점수":"--",
            "세대당주차수":30,
            "난방방식":100,
            "공급면적":"--",
            "전용률":"--",
            "욕실수":50,
            "현관타입":10,
            "주거총점":56.0,
            "지역구공급총점":100.0,
            "역세권":50,
            "30분내 이동가능 거점":40,
            "1시간내 이동가능 거점":100,
            "교통총점":57.0,
            "백화점":0,
            "아울렛몰":100,
            "대형마트":0,
            "은행":0,
            "병원":30,
            "종합병원":100,
            "공원":100,
            "혐오시설":0,
            "인프라총점":36.0,
            "초등학군":91.39,
            "중학군":46.46,
            "학군총점":55.446,
            "인구수":45.37,
            "인구증감":-13.51,
            "인구총점":27.706,
            "일자리":29.7,
            "소득수준":57.74,
            "일자리총점":38.112,
            "가치 총점":50.2669,
            "매매실거래년":20211229.0,
            "매매실거래가":81000.0,
            "전세실거래년":20220110.0,
            "전세실거래가":27000.0,
            "전세가율":39.71,
            "장기전세가율평균":69.69,
            "전세가율거품지수":29.98,
            "검색코드":1068,
            "세대수":987.0,
            "준공년월":"1999-02-24",
            "준공년차":24.0,
            "가까운역이름":"개봉",
            "가까운역거리":959.89,
            "역세권여부":"준역세권",
            "30분이내주요거점역":2,
            "1시간이내주요거점역":13,
            "3km이내백화점수":0,
            "5km이내아울렛몰수":2,
            "1km이내대형먀트수":0,
            "500m이내은행수":1,
            "500m이내병원수":6,
            "5km이내대형병원수":11,
            "500m이내공원수":5,
            "3km이내혐오시설수":0,
            "초등학교학업성취도":91.39,
            "중학교학업성취도":76.3,
            "용적률":342,
            "건폐율":25,
            "Y":37.502964,
            "X":126.856017,
            "rank":132.0,
            "area_info":"25평(84.66), 25평(84.66), 25평(84.63), 25평(84.64), 30평(100.98), 30평(100.98), 32평(108.73), 32평(108.73), 42평(141.5)",
            "last_sales":"2021-12-29,81000.0,42평(141.5)"
        },
        {
            "index":60,
            "아파트명":"신개봉삼환",
            "투자타입":"일반",
            "전용면적(m2)":"83.99",
            "전용면적(평)":"25평",
            "법정동주소":"서울시 구로구 개봉동 170-30",
            "도로명주소":"서울시 구로구 경인로38길 13",
            "세대수":0,
            "입주년차":20,
            "용적률점수":"--",
            "건폐율점수":"--",
            "세대당주차수":0,
            "난방방식":30,
            "공급면적":"--",
            "전용률":"--",
            "욕실수":50,
            "현관타입":10,
            "주거총점":13.0,
            "지역구공급총점":100.0,
            "역세권":80,
            "30분내 이동가능 거점":60,
            "1시간내 이동가능 거점":100,
            "교통총점":78.0,
            "백화점":0,
            "아울렛몰":100,
            "대형마트":0,
            "은행":20,
            "병원":80,
            "종합병원":100,
            "공원":0,
            "혐오시설":0,
            "인프라총점":40.0,
            "초등학군":91.39,
            "중학군":46.46,
            "학군총점":55.446,
            "인구수":45.37,
            "인구증감":-13.51,
            "인구총점":27.706,
            "일자리":29.7,
            "소득수준":57.74,
            "일자리총점":38.112,
            "가치 총점":50.2169,
            "매매실거래년":20210927.0,
            "매매실거래가":69500.0,
            "전세실거래년":20211201.0,
            "전세실거래가":35000.0,
            "전세가율":53.85,
            "장기전세가율평균":69.69,
            "전세가율거품지수":15.84,
            "검색코드":3191,
            "세대수":173.0,
            "준공년월":"2001-03-30",
            "준공년차":22.0,
            "가까운역이름":"개봉",
            "가까운역거리":245.62,
            "역세권여부":"역세권",
            "30분이내주요거점역":3,
            "1시간이내주요거점역":15,
            "3km이내백화점수":0,
            "5km이내아울렛몰수":2,
            "1km이내대형먀트수":0,
            "500m이내은행수":2,
            "500m이내병원수":42,
            "5km이내대형병원수":9,
            "500m이내공원수":0,
            "3km이내혐오시설수":0,
            "초등학교학업성취도":91.39,
            "중학교학업성취도":76.3,
            "용적률":0,
            "건폐율":0,
            "Y":37.496692,
            "X":126.857809,
            "rank":133.0,
            "area_info":"25평(83.99), 31평(104.06), 32평(108.19)",
            "last_sales":"2021-09-27,69500.0,31평(104.06)"
        },
        {
            "index":608,
            "아파트명":"삼천리",
            "투자타입":"일반",
            "전용면적(m2)":"77.54",
            "전용면적(평)":"23평",
            "법정동주소":"서울시 구로구 오류동 340",
            "도로명주소":"서울시 구로구 경인로8길 75",
            "세대수":50,
            "입주년차":0,
            "용적률점수":"--",
            "건폐율점수":"--",
            "세대당주차수":30,
            "난방방식":30,
            "공급면적":"--",
            "전용률":"--",
            "욕실수":50,
            "현관타입":100,
            "주거총점":40.0,
            "지역구공급총점":100.0,
            "역세권":50,
            "30분내 이동가능 거점":40,
            "1시간내 이동가능 거점":100,
            "교통총점":57.0,
            "백화점":0,
            "아울렛몰":100,
            "대형마트":0,
            "은행":70,
            "병원":60,
            "종합병원":100,
            "공원":80,
            "혐오시설":0,
            "인프라총점":45.4,
            "초등학군":85.9,
            "중학군":49.64,
            "학군총점":56.892,
            "인구수":45.37,
            "인구증감":-13.51,
            "인구총점":27.706,
            "일자리":29.7,
            "소득수준":57.74,
            "일자리총점":38.112,
            "가치 총점":50.1038,
            "매매실거래년":20211211.0,
            "매매실거래가":65000.0,
            "전세실거래년":20211101.0,
            "전세실거래가":30000.0,
            "전세가율":46.15,
            "장기전세가율평균":69.69,
            "전세가율거품지수":23.54,
            "검색코드":155,
            "세대수":423.0,
            "준공년월":"1998-11-28",
            "준공년차":25.0,
            "가까운역이름":"오류동",
            "가까운역거리":550.85,
            "역세권여부":"준역세권",
            "30분이내주요거점역":2,
            "1시간이내주요거점역":10,
            "3km이내백화점수":0,
            "5km이내아울렛몰수":2,
            "1km이내대형먀트수":0,
            "500m이내은행수":3,
            "500m이내병원수":29,
            "5km이내대형병원수":9,
            "500m이내공원수":1,
            "3km이내혐오시설수":0,
            "초등학교학업성취도":85.9,
            "중학교학업성취도":82.4,
            "용적률":304,
            "건폐율":20,
            "Y":37.492676,
            "X":126.839573,
            "rank":134.0,
            "area_info":"23평(77.54), 31평(103.0), 49평(162.3)",
            "last_sales":"2021-12-11,65000.0,23평(77.54)"
        },
        {
            "index":660,
            "아파트명":"디아이빌(도시형)",
            "투자타입":"일반",
            "전용면적(m2)":"65.92",
            "전용면적(평)":"19평",
            "법정동주소":"서울시 구로구 온수동 9-23",
            "도로명주소":"서울시 구로구 부일로7길 16",
            "세대수":0,
            "입주년차":60,
            "용적률점수":"--",
            "건폐율점수":"--",
            "세대당주차수":0,
            "난방방식":30,
            "공급면적":"--",
            "전용률":"--",
            "욕실수":100,
            "현관타입":100,
            "주거총점":35.0,
            "지역구공급총점":100.0,
            "역세권":80,
            "30분내 이동가능 거점":60,
            "1시간내 이동가능 거점":100,
            "교통총점":78.0,
            "백화점":0,
            "아울렛몰":0,
            "대형마트":0,
            "은행":0,
            "병원":30,
            "종합병원":100,
            "공원":100,
            "혐오시설":0,
            "인프라총점":26.0,
            "초등학군":84.96,
            "중학군":42.0,
            "학군총점":50.592,
            "인구수":45.37,
            "인구증감":-13.51,
            "인구총점":27.706,
            "일자리":29.7,
            "소득수준":57.74,
            "일자리총점":38.112,
            "가치 총점":49.6888,
            "매매실거래년":"18000101",
            "매매실거래가":null,
            "전세실거래년":null,
            "전세실거래가":null,
            "전세가율":null,
            "장기전세가율평균":69.69,
            "전세가율거품지수":null,
            "검색코드":121614,
            "세대수":100.0,
            "준공년월":"2010-10-27",
            "준공년차":13.0,
            "가까운역이름":"온수",
            "가까운역거리":205.74,
            "역세권여부":"역세권",
            "30분이내주요거점역":3,
            "1시간이내주요거점역":15,
            "3km이내백화점수":0,
            "5km이내아울렛몰수":0,
            "1km이내대형먀트수":0,
            "500m이내은행수":1,
            "500m이내병원수":6,
            "5km이내대형병원수":7,
            "500m이내공원수":3,
            "3km이내혐오시설수":0,
            "초등학교학업성취도":84.96,
            "중학교학업성취도":69.6,
            "용적률":165,
            "건폐율":42,
            "Y":37.493624,
            "X":126.824961,
            "rank":135.0,
            "area_info":"19평(65.92), 19평(66.03), 20평(66.19), 20평(66.25)",
            "last_sales":"1800-01-01,nan,19평(65.92)"
        },
        {
            "index":754,
            "아파트명":"하버라인2단지",
            "투자타입":"일반",
            "전용면적(m2)":"84.01",
            "전용면적(평)":"25평",
            "법정동주소":"서울시 구로구 항동 공공주택지구내2단지",
            "도로명주소":"서울시 구로구 연동로 234",
            "세대수":50,
            "입주년차":100,
            "용적률점수":"--",
            "건폐율점수":"--",
            "세대당주차수":30,
            "난방방식":100,
            "공급면적":"--",
            "전용률":"--",
            "욕실수":100,
            "현관타입":100,
            "주거총점":72.0,
            "지역구공급총점":100.0,
            "역세권":50,
            "30분내 이동가능 거점":0,
            "1시간내 이동가능 거점":90,
            "교통총점":43.0,
            "백화점":0,
            "아울렛몰":0,
            "대형마트":80,
            "은행":0,
            "병원":30,
            "종합병원":100,
            "공원":80,
            "혐오시설":0,
            "인프라총점":37.4,
            "초등학군":100.0,
            "중학군":49.64,
            "학군총점":59.712,
            "인구수":45.37,
            "인구증감":-13.51,
            "인구총점":27.706,
            "일자리":29.7,
            "소득수준":57.74,
            "일자리총점":38.112,
            "가치 총점":49.6268,
            "매매실거래년":20211219.0,
            "매매실거래가":75500.0,
            "전세실거래년":20210909.0,
            "전세실거래가":31500.0,
            "전세가율":41.72,
            "장기전세가율평균":69.69,
            "전세가율거품지수":27.97,
            "검색코드":125299,
            "세대수":646.0,
            "준공년월":"2019-07-01",
            "준공년차":4.0,
            "가까운역이름":"역곡",
            "가까운역거리":936.81,
            "역세권여부":"준역세권",
            "30분이내주요거점역":0,
            "1시간이내주요거점역":9,
            "3km이내백화점수":0,
            "5km이내아울렛몰수":0,
            "1km이내대형먀트수":1,
            "500m이내은행수":0,
            "500m이내병원수":6,
            "5km이내대형병원수":7,
            "500m이내공원수":1,
            "3km이내혐오시설수":0,
            "초등학교학업성취도":100.0,
            "중학교학업성취도":82.4,
            "용적률":216,
            "건폐율":22,
            "Y":37.482818,
            "X":126.821694,
            "rank":136.0,
            "area_info":"25평(84.01), 31평(104.19), 31평(104.64), 31평(105.0), 35평(118.43), 35평(118.89)",
            "last_sales":"2021-12-19,75500.0,25평(84.01)"
        },
        {
            "index":450,
            "아파트명":"궁동신생",
            "투자타입":"재건축",
            "전용면적(m2)":"64.12",
            "전용면적(평)":"19평",
            "법정동주소":"서울시 구로구 궁동 197-1",
            "도로명주소":"서울시 구로구 부일로19길 34",
            "세대수":0,
            "입주년차":"--",
            "용적률점수":100,
            "건폐율점수":60,
            "세대당주차수":"--",
            "난방방식":"--",
            "공급면적":50,
            "전용률":40,
            "욕실수":"--",
            "현관타입":"--",
            "주거총점":56.5,
            "지역구공급총점":100.0,
            "역세권":50,
            "30분내 이동가능 거점":20,
            "1시간내 이동가능 거점":100,
            "교통총점":51.0,
            "백화점":0,
            "아울렛몰":80,
            "대형마트":0,
            "은행":20,
            "병원":60,
            "종합병원":100,
            "공원":0,
            "혐오시설":0,
            "인프라총점":36.0,
            "초등학군":85.9,
            "중학군":49.64,
            "학군총점":56.892,
            "인구수":45.37,
            "인구증감":-13.51,
            "인구총점":27.706,
            "일자리":29.7,
            "소득수준":57.74,
            "일자리총점":38.112,
            "가치 총점":48.4838,
            "매매실거래년":"18000101",
            "매매실거래가":null,
            "전세실거래년":null,
            "전세실거래가":null,
            "전세가율":null,
            "장기전세가율평균":69.69,
            "전세가율거품지수":null,
            "검색코드":15763,
            "세대수":184.0,
            "준공년월":"1991-11-04",
            "준공년차":32.0,
            "가까운역이름":"오류동",
            "가까운역거리":788.01,
            "역세권여부":"준역세권",
            "30분이내주요거점역":1,
            "1시간이내주요거점역":14,
            "3km이내백화점수":0,
            "5km이내아울렛몰수":1,
            "1km이내대형먀트수":0,
            "500m이내은행수":2,
            "500m이내병원수":10,
            "5km이내대형병원수":9,
            "500m이내공원수":0,
            "3km이내혐오시설수":0,
            "초등학교학업성취도":85.9,
            "중학교학업성취도":82.4,
            "용적률":91,
            "건폐율":30,
            "Y":37.494825,
            "X":126.836441,
            "rank":137.0,
            "area_info":"19평(64.12), 20평(67.2), 22평(73.36), 26평(86.7)",
            "last_sales":"1800-01-01,nan,19평(64.12)"
        },
        {
            "index":604,
            "아파트명":"라인",
            "투자타입":"일반",
            "전용면적(m2)":"80.9",
            "전용면적(평)":"24평",
            "법정동주소":"서울시 구로구 오류동 334",
            "도로명주소":"서울시 구로구 경인로 230-13",
            "세대수":0,
            "입주년차":0,
            "용적률점수":"--",
            "건폐율점수":"--",
            "세대당주차수":0,
            "난방방식":30,
            "공급면적":"--",
            "전용률":"--",
            "욕실수":50,
            "현관타입":10,
            "주거총점":9.0,
            "지역구공급총점":100.0,
            "역세권":80,
            "30분내 이동가능 거점":60,
            "1시간내 이동가능 거점":90,
            "교통총점":76.0,
            "백화점":0,
            "아울렛몰":100,
            "대형마트":0,
            "은행":0,
            "병원":60,
            "종합병원":100,
            "공원":100,
            "혐오시설":0,
            "인프라총점":39.0,
            "초등학군":85.35,
            "중학군":46.46,
            "학군총점":54.238,
            "인구수":45.37,
            "인구증감":-13.51,
            "인구총점":27.706,
            "일자리":29.7,
            "소득수준":57.74,
            "일자리총점":38.112,
            "가치 총점":48.2357,
            "매매실거래년":20211014.0,
            "매매실거래가":59600.0,
            "전세실거래년":20210714.0,
            "전세실거래가":30000.0,
            "전세가율":61.22,
            "장기전세가율평균":69.69,
            "전세가율거품지수":8.47,
            "검색코드":158,
            "세대수":218.0,
            "준공년월":"1995-12-30",
            "준공년차":28.0,
            "가까운역이름":"오류동",
            "가까운역거리":272.25,
            "역세권여부":"역세권",
            "30분이내주요거점역":3,
            "1시간이내주요거점역":9,
            "3km이내백화점수":0,
            "5km이내아울렛몰수":2,
            "1km이내대형먀트수":0,
            "500m이내은행수":1,
            "500m이내병원수":29,
            "5km이내대형병원수":8,
            "500m이내공원수":4,
            "3km이내혐오시설수":0,
            "초등학교학업성취도":85.35,
            "중학교학업성취도":76.3,
            "용적률":453,
            "건폐율":25,
            "Y":37.496667,
            "X":126.846862,
            "rank":138.0,
            "area_info":"24평(80.9), 34평(114.67), 46평(153.94), 47평(155.89)",
            "last_sales":"2021-10-14,59600.0,47평(155.89)"
        },
        {
            "index":611,
            "아파트명":"서울가든",
            "투자타입":"재건축",
            "전용면적(m2)":"68.16",
            "전용면적(평)":"20평",
            "법정동주소":"서울시 구로구 오류동 97-4",
            "도로명주소":"서울시 구로구 경인로 83",
            "세대수":30,
            "입주년차":"--",
            "용적률점수":100,
            "건폐율점수":80,
            "세대당주차수":"--",
            "난방방식":"--",
            "공급면적":50,
            "전용률":40,
            "욕실수":"--",
            "현관타입":"--",
            "주거총점":69.5,
            "지역구공급총점":100.0,
            "역세권":50,
            "30분내 이동가능 거점":20,
            "1시간내 이동가능 거점":100,
            "교통총점":51.0,
            "백화점":0,
            "아울렛몰":80,
            "대형마트":0,
            "은행":0,
            "병원":10,
            "종합병원":100,
            "공원":0,
            "혐오시설":0,
            "인프라총점":29.0,
            "초등학군":84.96,
            "중학군":42.0,
            "학군총점":50.592,
            "인구수":45.37,
            "인구증감":-13.51,
            "인구총점":27.706,
            "일자리":29.7,
            "소득수준":57.74,
            "일자리총점":38.112,
            "가치 총점":48.0388,
            "매매실거래년":"18000101",
            "매매실거래가":null,
            "전세실거래년":null,
            "전세실거래가":null,
            "전세가율":null,
            "장기전세가율평균":69.69,
            "전세가율거품지수":null,
            "검색코드":15805,
            "세대수":339.0,
            "준공년월":"1987-12-03",
            "준공년차":36.0,
            "가까운역이름":"온수",
            "가까운역거리":682.56,
            "역세권여부":"준역세권",
            "30분이내주요거점역":1,
            "1시간이내주요거점역":12,
            "3km이내백화점수":0,
            "5km이내아울렛몰수":1,
            "1km이내대형먀트수":0,
            "500m이내은행수":1,
            "500m이내병원수":4,
            "5km이내대형병원수":9,
            "500m이내공원수":0,
            "3km이내혐오시설수":0,
            "초등학교학업성취도":84.96,
            "중학교학업성취도":69.6,
            "용적률":86,
            "건폐율":28,
            "Y":37.492529,
            "X":126.831117,
            "rank":139.0,
            "area_info":"20평(68.16), 24평(82.56)",
            "last_sales":"1800-01-01,nan,20평(68.16)"
        },
        {
            "index":643,
            "아파트명":"포스시티(도시형)",
            "투자타입":"일반",
            "전용면적(m2)":"23.43",
            "전용면적(평)":"7평",
            "법정동주소":"서울시 구로구 오류동 51-31",
            "도로명주소":"서울시 구로구 경인로20길 6",
            "세대수":0,
            "입주년차":80,
            "용적률점수":"--",
            "건폐율점수":"--",
            "세대당주차수":0,
            "난방방식":30,
            "공급면적":"--",
            "전용률":"--",
            "욕실수":50,
            "현관타입":10,
            "주거총점":25.0,
            "지역구공급총점":100.0,
            "역세권":80,
            "30분내 이동가능 거점":40,
            "1시간내 이동가능 거점":40,
            "교통총점":60.0,
            "백화점":0,
            "아울렛몰":100,
            "대형마트":0,
            "은행":70,
            "병원":80,
            "종합병원":100,
            "공원":100,
            "혐오시설":0,
            "인프라총점":48.0,
            "초등학군":85.35,
            "중학군":40.5,
            "학군총점":49.47,
            "인구수":45.37,
            "인구증감":-13.51,
            "인구총점":27.706,
            "일자리":29.7,
            "소득수준":57.74,
            "일자리총점":38.112,
            "가치 총점":47.8205,
            "매매실거래년":20211230.0,
            "매매실거래가":11300.0,
            "전세실거래년":null,
            "전세실거래가":null,
            "전세가율":null,
            "장기전세가율평균":69.69,
            "전세가율거품지수":null,
            "검색코드":108909,
            "세대수":102.0,
            "준공년월":"2014-07-25",
            "준공년차":9.0,
            "가까운역이름":"오류동",
            "가까운역거리":203.37,
            "역세권여부":"역세권",
            "30분이내주요거점역":2,
            "1시간이내주요거점역":4,
            "3km이내백화점수":0,
            "5km이내아울렛몰수":2,
            "1km이내대형먀트수":0,
            "500m이내은행수":3,
            "500m이내병원수":38,
            "5km이내대형병원수":9,
            "500m이내공원수":2,
            "3km이내혐오시설수":0,
            "초등학교학업성취도":85.35,
            "중학교학업성취도":66.9,
            "용적률":792,
            "건폐율":59,
            "Y":37.49537,
            "X":126.84332,
            "rank":140.0,
            "area_info":"7평(23.43), 7평(24.46), 9평(30.38)",
            "last_sales":"2021-12-30,11300.0,9평(30.38)"
        },
        {
            "index":639,
            "아파트명":"우림필유",
            "투자타입":"일반",
            "전용면적(m2)":"76.49",
            "전용면적(평)":"23평",
            "법정동주소":"서울시 구로구 오류동 348",
            "도로명주소":"서울시 구로구 서해안로 2368",
            "세대수":0,
            "입주년차":40,
            "용적률점수":"--",
            "건폐율점수":"--",
            "세대당주차수":30,
            "난방방식":30,
            "공급면적":"--",
            "전용률":"--",
            "욕실수":100,
            "현관타입":100,
            "주거총점":35.5,
            "지역구공급총점":100.0,
            "역세권":80,
            "30분내 이동가능 거점":20,
            "1시간내 이동가능 거점":50,
            "교통총점":56.0,
            "백화점":0,
            "아울렛몰":100,
            "대형마트":0,
            "은행":20,
            "병원":80,
            "종합병원":100,
            "공원":100,
            "혐오시설":0,
            "인프라총점":43.0,
            "초등학군":85.35,
            "중학군":46.46,
            "학군총점":54.238,
            "인구수":45.37,
            "인구증감":-13.51,
            "인구총점":27.706,
            "일자리":29.7,
            "소득수준":57.74,
            "일자리총점":38.112,
            "가치 총점":47.7357,
            "매매실거래년":20210927.0,
            "매매실거래가":74700.0,
            "전세실거래년":20211219.0,
            "전세실거래가":31000.0,
            "전세가율":48.21,
            "장기전세가율평균":69.69,
            "전세가율거품지수":21.48,
            "검색코드":17524,
            "세대수":120.0,
            "준공년월":"2005-12-07",
            "준공년차":18.0,
            "가까운역이름":"오류동",
            "가까운역거리":129.69,
            "역세권여부":"역세권",
            "30분이내주요거점역":1,
            "1시간이내주요거점역":5,
            "3km이내백화점수":0,
            "5km이내아울렛몰수":2,
            "1km이내대형먀트수":0,
            "500m이내은행수":2,
            "500m이내병원수":30,
            "5km이내대형병원수":8,
            "500m이내공원수":2,
            "3km이내혐오시설수":0,
            "초등학교학업성취도":85.35,
            "중학교학업성취도":76.3,
            "용적률":250,
            "건폐율":22,
            "Y":37.494097,
            "X":126.846732,
            "rank":141.0,
            "area_info":"23평(76.49), 25평(82.66), 32평(107.14)",
            "last_sales":"2021-09-27,74700.0,32평(107.14)"
        },
        {
            "index":736,
            "아파트명":"천왕이펜하우스6단지",
            "투자타입":"일반",
            "전용면적(m2)":"110.62",
            "전용면적(평)":"33평",
            "법정동주소":"서울시 구로구 천왕동 275",
            "도로명주소":"서울시 구로구 천왕로 9",
            "세대수":50,
            "입주년차":60,
            "용적률점수":"--",
            "건폐율점수":"--",
            "세대당주차수":30,
            "난방방식":30,
            "공급면적":"--",
            "전용률":"--",
            "욕실수":100,
            "현관타입":100,
            "주거총점":57.0,
            "지역구공급총점":100.0,
            "역세권":50,
            "30분내 이동가능 거점":20,
            "1시간내 이동가능 거점":100,
            "교통총점":51.0,
            "백화점":0,
            "아울렛몰":100,
            "대형마트":0,
            "은행":0,
            "병원":30,
            "종합병원":100,
            "공원":100,
            "혐오시설":0,
            "인프라총점":36.0,
            "초등학군":84.95,
            "중학군":42.66,
            "학군총점":51.118,
            "인구수":45.37,
            "인구증감":-13.51,
            "인구총점":27.706,
            "일자리":29.7,
            "소득수준":57.74,
            "일자리총점":38.112,
            "가치 총점":47.7177,
            "매매실거래년":20210908.0,
            "매매실거래가":85000.0,
            "전세실거래년":20211117.0,
            "전세실거래가":18007.0,
            "전세가율":null,
            "장기전세가율평균":69.69,
            "전세가율거품지수":null,
            "검색코드":102854,
            "세대수":678.0,
            "준공년월":"2011-06-26",
            "준공년차":12.0,
            "가까운역이름":"천왕",
            "가까운역거리":932.64,
            "역세권여부":"준역세권",
            "30분이내주요거점역":1,
            "1시간이내주요거점역":10,
            "3km이내백화점수":0,
            "5km이내아울렛몰수":2,
            "1km이내대형먀트수":0,
            "500m이내은행수":0,
            "500m이내병원수":5,
            "5km이내대형병원수":6,
            "500m이내공원수":5,
            "3km이내혐오시설수":0,
            "초등학교학업성취도":84.95,
            "중학교학업성취도":68.9,
            "용적률":159,
            "건폐율":16,
            "Y":37.478463,
            "X":126.841082,
            "rank":142.0,
            "area_info":"33평(110.62), 33평(110.62)",
            "last_sales":"2021-09-08,85000.0,33평(110.62)"
        },
        {
            "index":66,
            "아파트명":"영화아이닉스",
            "투자타입":"일반",
            "전용면적(m2)":"83.88",
            "전용면적(평)":"25평",
            "법정동주소":"서울시 구로구 개봉동 488",
            "도로명주소":"서울시 구로구 개봉로1길 188",
            "세대수":0,
            "입주년차":40,
            "용적률점수":"--",
            "건폐율점수":"--",
            "세대당주차수":30,
            "난방방식":30,
            "공급면적":"--",
            "전용률":"--",
            "욕실수":100,
            "현관타입":100,
            "주거총점":35.5,
            "지역구공급총점":100.0,
            "역세권":50,
            "30분내 이동가능 거점":40,
            "1시간내 이동가능 거점":100,
            "교통총점":57.0,
            "백화점":0,
            "아울렛몰":100,
            "대형마트":80,
            "은행":0,
            "병원":10,
            "종합병원":100,
            "공원":100,
            "혐오시설":0,
            "인프라총점":46.0,
            "초등학군":71.82,
            "중학군":33.64,
            "학군총점":41.276,
            "인구수":45.37,
            "인구증감":-13.51,
            "인구총점":27.706,
            "일자리":29.7,
            "소득수준":57.74,
            "일자리총점":38.112,
            "가치 총점":47.0414,
            "매매실거래년":20210829.0,
            "매매실거래가":65000.0,
            "전세실거래년":20210510.0,
            "전세실거래가":39000.0,
            "전세가율":63.41,
            "장기전세가율평균":69.69,
            "전세가율거품지수":6.28,
            "검색코드":13245,
            "세대수":212.0,
            "준공년월":"2005-09-30",
            "준공년차":18.0,
            "가까운역이름":"광명사거리",
            "가까운역거리":641.9,
            "역세권여부":"준역세권",
            "30분이내주요거점역":2,
            "1시간이내주요거점역":12,
            "3km이내백화점수":0,
            "5km이내아울렛몰수":2,
            "1km이내대형먀트수":1,
            "500m이내은행수":1,
            "500m이내병원수":2,
            "5km이내대형병원수":5,
            "500m이내공원수":2,
            "3km이내혐오시설수":0,
            "초등학교학업성취도":71.82,
            "중학교학업성취도":55.4,
            "용적률":305,
            "건폐율":16,
            "Y":37.483022,
            "X":126.849367,
            "rank":143.0,
            "area_info":"25평(83.88), 32평(108.19), 43평(145.07)",
            "last_sales":"2021-08-29,65000.0,32평(108.19)"
        },
        {
            "index":733,
            "아파트명":"천왕이펜하우스4단지",
            "투자타입":"일반",
            "전용면적(m2)":"112.05",
            "전용면적(평)":"33평",
            "법정동주소":"서울시 구로구 천왕동 273",
            "도로명주소":"서울시 구로구 천왕로 29",
            "세대수":50,
            "입주년차":60,
            "용적률점수":"--",
            "건폐율점수":"--",
            "세대당주차수":30,
            "난방방식":30,
            "공급면적":"--",
            "전용률":"--",
            "욕실수":100,
            "현관타입":100,
            "주거총점":57.0,
            "지역구공급총점":100.0,
            "역세권":50,
            "30분내 이동가능 거점":20,
            "1시간내 이동가능 거점":90,
            "교통총점":49.0,
            "백화점":0,
            "아울렛몰":100,
            "대형마트":0,
            "은행":0,
            "병원":30,
            "종합병원":100,
            "공원":100,
            "혐오시설":0,
            "인프라총점":36.0,
            "초등학군":84.95,
            "중학군":42.66,
            "학군총점":51.118,
            "인구수":45.37,
            "인구증감":-13.51,
            "인구총점":27.706,
            "일자리":29.7,
            "소득수준":57.74,
            "일자리총점":38.112,
            "가치 총점":47.0177,
            "매매실거래년":20210703.0,
            "매매실거래가":85900.0,
            "전세실거래년":20211029.0,
            "전세실거래가":18007.0,
            "전세가율":null,
            "장기전세가율평균":69.69,
            "전세가율거품지수":null,
            "검색코드":103269,
            "세대수":478.0,
            "준공년월":"2011-08-03",
            "준공년차":12.0,
            "가까운역이름":"천왕",
            "가까운역거리":717.1,
            "역세권여부":"준역세권",
            "30분이내주요거점역":1,
            "1시간이내주요거점역":9,
            "3km이내백화점수":0,
            "5km이내아울렛몰수":2,
            "1km이내대형먀트수":0,
            "500m이내은행수":0,
            "500m이내병원수":5,
            "5km이내대형병원수":6,
            "500m이내공원수":5,
            "3km이내혐오시설수":0,
            "초등학교학업성취도":84.95,
            "중학교학업성취도":68.9,
            "용적률":155,
            "건폐율":19,
            "Y":37.480188,
            "X":126.838734,
            "rank":144.0,
            "area_info":"33평(112.05), 33평(112.05)",
            "last_sales":"2021-07-03,85900.0,33평(112.05)"
        },
        {
            "index":664,
            "아파트명":"온수힐스테이트",
            "투자타입":"일반",
            "전용면적(m2)":"81.21",
            "전용면적(평)":"24평",
            "법정동주소":"서울시 구로구 온수동 155",
            "도로명주소":"서울시 구로구 부일로9길 127",
            "세대수":90,
            "입주년차":60,
            "용적률점수":"--",
            "건폐율점수":"--",
            "세대당주차수":30,
            "난방방식":30,
            "공급면적":"--",
            "전용률":"--",
            "욕실수":100,
            "현관타입":100,
            "주거총점":71.0,
            "지역구공급총점":100.0,
            "역세권":50,
            "30분내 이동가능 거점":20,
            "1시간내 이동가능 거점":100,
            "교통총점":51.0,
            "백화점":0,
            "아울렛몰":0,
            "대형마트":0,
            "은행":0,
            "병원":0,
            "종합병원":100,
            "공원":100,
            "혐오시설":0,
            "인프라총점":23.0,
            "초등학군":84.96,
            "중학군":42.0,
            "학군총점":50.592,
            "인구수":45.37,
            "인구증감":-13.51,
            "인구총점":27.706,
            "일자리":29.7,
            "소득수준":57.74,
            "일자리총점":38.112,
            "가치 총점":46.5388,
            "매매실거래년":20210926.0,
            "매매실거래가":157000.0,
            "전세실거래년":20211126.0,
            "전세실거래가":50000.0,
            "전세가율":59.17,
            "장기전세가율평균":69.69,
            "전세가율거품지수":10.52,
            "검색코드":26639,
            "세대수":999.0,
            "준공년월":"2010-02-17",
            "준공년차":13.0,
            "가까운역이름":"온수",
            "가까운역거리":583.05,
            "역세권여부":"준역세권",
            "30분이내주요거점역":1,
            "1시간이내주요거점역":12,
            "3km이내백화점수":0,
            "5km이내아울렛몰수":0,
            "1km이내대형먀트수":0,
            "500m이내은행수":0,
            "500m이내병원수":0,
            "5km이내대형병원수":7,
            "500m이내공원수":4,
            "3km이내혐오시설수":0,
            "초등학교학업성취도":84.96,
            "중학교학업성취도":69.6,
            "용적률":196,
            "건폐율":21,
            "Y":37.497141,
            "X":126.82098,
            "rank":145.0,
            "area_info":"24평(81.21), 24평(81.23), 24평(82.61), 34평(112.73), 34평(112.82), 34평(112.72), 34평(112.73), 38평(128.66), 44평(147.48), 44평(147.5), 57평(190.87), 57평(191.31)",
            "last_sales":"2021-09-26,157000.0,57평(191.31)"
        },
        {
            "index":735,
            "아파트명":"천왕이펜하우스5단지",
            "투자타입":"일반",
            "전용면적(m2)":"110.59",
            "전용면적(평)":"33평",
            "법정동주소":"서울시 구로구 천왕동 277",
            "도로명주소":"서울시 구로구 천왕로 10",
            "세대수":50,
            "입주년차":60,
            "용적률점수":"--",
            "건폐율점수":"--",
            "세대당주차수":30,
            "난방방식":30,
            "공급면적":"--",
            "전용률":"--",
            "욕실수":100,
            "현관타입":100,
            "주거총점":57.0,
            "지역구공급총점":100.0,
            "역세권":50,
            "30분내 이동가능 거점":20,
            "1시간내 이동가능 거점":90,
            "교통총점":49.0,
            "백화점":0,
            "아울렛몰":100,
            "대형마트":0,
            "은행":0,
            "병원":10,
            "종합병원":100,
            "공원":100,
            "혐오시설":0,
            "인프라총점":34.0,
            "초등학군":86.18,
            "중학군":42.66,
            "학군총점":51.364,
            "인구수":45.37,
            "인구증감":-13.51,
            "인구총점":27.706,
            "일자리":29.7,
            "소득수준":57.74,
            "일자리총점":38.112,
            "가치 총점":46.4546,
            "매매실거래년":20210908.0,
            "매매실거래가":83500.0,
            "전세실거래년":20211222.0,
            "전세실거래가":29250.0,
            "전세가율":35.03,
            "장기전세가율평균":69.69,
            "전세가율거품지수":34.66,
            "검색코드":102853,
            "세대수":522.0,
            "준공년월":"2011-07-19",
            "준공년차":12.0,
            "가까운역이름":"천왕",
            "가까운역거리":743.02,
            "역세권여부":"준역세권",
            "30분이내주요거점역":1,
            "1시간이내주요거점역":9,
            "3km이내백화점수":0,
            "5km이내아울렛몰수":2,
            "1km이내대형먀트수":0,
            "500m이내은행수":0,
            "500m이내병원수":4,
            "5km이내대형병원수":6,
            "500m이내공원수":7,
            "3km이내혐오시설수":0,
            "초등학교학업성취도":86.18,
            "중학교학업성취도":68.9,
            "용적률":199,
            "건폐율":19,
            "Y":37.48044,
            "X":126.841863,
            "rank":146.0,
            "area_info":"33평(110.59)",
            "last_sales":"2021-09-08,83500.0,33평(110.59)"
        },
        {
            "index":37,
            "아파트명":"고운",
            "투자타입":"일반",
            "전용면적(m2)":"78.97",
            "전용면적(평)":"23평",
            "법정동주소":"서울시 구로구 개봉동 484",
            "도로명주소":"서울시 구로구 경인로 271",
            "세대수":0,
            "입주년차":20,
            "용적률점수":"--",
            "건폐율점수":"--",
            "세대당주차수":30,
            "난방방식":30,
            "공급면적":"--",
            "전용률":"--",
            "욕실수":50,
            "현관타입":100,
            "주거총점":26.5,
            "지역구공급총점":100.0,
            "역세권":50,
            "30분내 이동가능 거점":40,
            "1시간내 이동가능 거점":100,
            "교통총점":57.0,
            "백화점":0,
            "아울렛몰":100,
            "대형마트":0,
            "은행":20,
            "병원":60,
            "종합병원":100,
            "공원":100,
            "혐오시설":0,
            "인프라총점":41.0,
            "초등학군":91.39,
            "중학군":46.46,
            "학군총점":55.446,
            "인구수":45.37,
            "인구증감":-13.51,
            "인구총점":27.706,
            "일자리":29.7,
            "소득수준":57.74,
            "일자리총점":38.112,
            "가치 총점":45.8669,
            "매매실거래년":20211031.0,
            "매매실거래가":59400.0,
            "전세실거래년":20210507.0,
            "전세실거래가":24000.0,
            "전세가율":40.4,
            "장기전세가율평균":69.69,
            "전세가율거품지수":29.29,
            "검색코드":10681,
            "세대수":100.0,
            "준공년월":"2002-10-11",
            "준공년차":21.0,
            "가까운역이름":"오류동",
            "가까운역거리":670.98,
            "역세권여부":"준역세권",
            "30분이내주요거점역":2,
            "1시간이내주요거점역":13,
            "3km이내백화점수":0,
            "5km이내아울렛몰수":2,
            "1km이내대형먀트수":0,
            "500m이내은행수":2,
            "500m이내병원수":27,
            "5km이내대형병원수":7,
            "500m이내공원수":3,
            "3km이내혐오시설수":0,
            "초등학교학업성취도":91.39,
            "중학교학업성취도":76.3,
            "용적률":300,
            "건폐율":21,
            "Y":37.49885,
            "X":126.85067,
            "rank":147.0,
            "area_info":"23평(78.97), 34평(112.97), 34평(113.94)",
            "last_sales":"2021-10-31,59400.0,23평(78.97)"
        },
        {
            "index":151,
            "아파트명":"삼명",
            "투자타입":"재건축",
            "전용면적(m2)":"53.88",
            "전용면적(평)":"16평",
            "법정동주소":"서울시 구로구 고척동 97-3",
            "도로명주소":"서울시 구로구 경서로1길 14",
            "세대수":0,
            "입주년차":"--",
            "용적률점수":0,
            "건폐율점수":0,
            "세대당주차수":"--",
            "난방방식":"--",
            "공급면적":50,
            "전용률":80,
            "욕실수":"--",
            "현관타입":"--",
            "주거총점":6.5,
            "지역구공급총점":100.0,
            "역세권":50,
            "30분내 이동가능 거점":60,
            "1시간내 이동가능 거점":100,
            "교통총점":63.0,
            "백화점":0,
            "아울렛몰":100,
            "대형마트":0,
            "은행":70,
            "병원":60,
            "종합병원":100,
            "공원":80,
            "혐오시설":0,
            "인프라총점":45.4,
            "초등학군":91.39,
            "중학군":46.46,
            "학군총점":55.446,
            "인구수":45.37,
            "인구증감":-13.51,
            "인구총점":27.706,
            "일자리":29.7,
            "소득수준":57.74,
            "일자리총점":38.112,
            "가치 총점":45.2869,
            "매매실거래년":20210818.0,
            "매매실거래가":40000.0,
            "전세실거래년":20211227.0,
            "전세실거래가":7870.0,
            "전세가율":19.68,
            "장기전세가율평균":69.69,
            "전세가율거품지수":50.01,
            "검색코드":117,
            "세대수":170.0,
            "준공년월":"1977-11-03",
            "준공년차":46.0,
            "가까운역이름":"개봉",
            "가까운역거리":560.86,
            "역세권여부":"준역세권",
            "30분이내주요거점역":3,
            "1시간이내주요거점역":15,
            "3km이내백화점수":0,
            "5km이내아울렛몰수":2,
            "1km이내대형먀트수":0,
            "500m이내은행수":3,
            "500m이내병원수":14,
            "5km이내대형병원수":10,
            "500m이내공원수":1,
            "3km이내혐오시설수":0,
            "초등학교학업성취도":91.39,
            "중학교학업성취도":76.3,
            "용적률":0,
            "건폐율":0,
            "Y":37.499115,
            "X":126.855861,
            "rank":148.0,
            "area_info":"16평(53.88), 16평(53.85), 16평(53.89)",
            "last_sales":"2021-08-18,40000.0,16평(53.88)"
        },
        {
            "index":642,
            "아파트명":"이좋은집",
            "투자타입":"일반",
            "전용면적(m2)":"52.19",
            "전용면적(평)":"15평",
            "법정동주소":"서울시 구로구 오류동 46-1",
            "도로명주소":"서울시 구로구 경인로20나길 30",
            "세대수":0,
            "입주년차":40,
            "용적률점수":"--",
            "건폐율점수":"--",
            "세대당주차수":0,
            "난방방식":30,
            "공급면적":"--",
            "전용률":"--",
            "욕실수":50,
            "현관타입":100,
            "주거총점":26.0,
            "지역구공급총점":100.0,
            "역세권":80,
            "30분내 이동가능 거점":20,
            "1시간내 이동가능 거점":30,
            "교통총점":52.0,
            "백화점":0,
            "아울렛몰":100,
            "대형마트":0,
            "은행":70,
            "병원":80,
            "종합병원":100,
            "공원":100,
            "혐오시설":0,
            "인프라총점":48.0,
            "초등학군":85.35,
            "중학군":40.5,
            "학군총점":49.47,
            "인구수":45.37,
            "인구증감":-13.51,
            "인구총점":27.706,
            "일자리":29.7,
            "소득수준":57.74,
            "일자리총점":38.112,
            "가치 총점":45.2205,
            "매매실거래년":20211117.0,
            "매매실거래가":20700.0,
            "전세실거래년":20211214.0,
            "전세실거래가":15000.0,
            "전세가율":72.46,
            "장기전세가율평균":69.69,
            "전세가율거품지수":-2.77,
            "검색코드":13752,
            "세대수":112.0,
            "준공년월":"2005-09-26",
            "준공년차":18.0,
            "가까운역이름":"오류동",
            "가까운역거리":312.5,
            "역세권여부":"역세권",
            "30분이내주요거점역":1,
            "1시간이내주요거점역":3,
            "3km이내백화점수":0,
            "5km이내아울렛몰수":2,
            "1km이내대형먀트수":0,
            "500m이내은행수":3,
            "500m이내병원수":42,
            "5km이내대형병원수":8,
            "500m이내공원수":2,
            "3km이내혐오시설수":0,
            "초등학교학업성취도":85.35,
            "중학교학업성취도":66.9,
            "용적률":804,
            "건폐율":59,
            "Y":37.494915,
            "X":126.841857,
            "rank":149.0,
            "area_info":"15평(52.19)",
            "last_sales":"2021-11-17,20700.0,15평(52.19)"
        },
        {
            "index":97,
            "아파트명":"경남2차(아너스빌)",
            "투자타입":"일반",
            "전용면적(m2)":"84.09",
            "전용면적(평)":"25평",
            "법정동주소":"서울시 구로구 고척동 306",
            "도로명주소":"서울시 구로구 고척로52길 21",
            "세대수":0,
            "입주년차":20,
            "용적률점수":"--",
            "건폐율점수":"--",
            "세대당주차수":0,
            "난방방식":30,
            "공급면적":"--",
            "전용률":"--",
            "욕실수":50,
            "현관타입":10,
            "주거총점":13.0,
            "지역구공급총점":100.0,
            "역세권":0,
            "30분내 이동가능 거점":60,
            "1시간내 이동가능 거점":100,
            "교통총점":38.0,
            "백화점":100,
            "아울렛몰":100,
            "대형마트":0,
            "은행":0,
            "병원":60,
            "종합병원":100,
            "공원":100,
            "혐오시설":0,
            "인프라총점":69.0,
            "초등학군":85.91,
            "중학군":47.6,
            "학군총점":55.262,
            "인구수":45.37,
            "인구증감":-13.51,
            "인구총점":27.706,
            "일자리":29.7,
            "소득수준":57.74,
            "일자리총점":38.112,
            "가치 총점":44.8893,
            "매매실거래년":20210911.0,
            "매매실거래가":63000.0,
            "전세실거래년":20210827.0,
            "전세실거래가":22000.0,
            "전세가율":34.92,
            "장기전세가율평균":69.69,
            "전세가율거품지수":34.77,
            "검색코드":1071,
            "세대수":273.0,
            "준공년월":"1999-01-30",
            "준공년차":24.0,
            "가까운역이름":"개봉",
            "가까운역거리":1083.92,
            "역세권여부":"비역세권",
            "30분이내주요거점역":3,
            "1시간이내주요거점역":14,
            "3km이내백화점수":2,
            "5km이내아울렛몰수":2,
            "1km이내대형먀트수":0,
            "500m이내은행수":1,
            "500m이내병원수":11,
            "5km이내대형병원수":11,
            "500m이내공원수":6,
            "3km이내혐오시설수":0,
            "초등학교학업성취도":85.91,
            "중학교학업성취도":78.6,
            "용적률":311,
            "건폐율":26,
            "Y":37.504136,
            "X":126.856168,
            "rank":150.0,
            "area_info":"25평(84.09), 28평(95.22), 28평(95.1), 32평(107.83)",
            "last_sales":"2021-09-11,63000.0,25평(84.09)"
        },
        {
            "index":176,
            "아파트명":"양우",
            "투자타입":"일반",
            "전용면적(m2)":"80.08",
            "전용면적(평)":"24평",
            "법정동주소":"서울시 구로구 고척동 328",
            "도로명주소":"서울시 구로구 고척로52길 9",
            "세대수":0,
            "입주년차":20,
            "용적률점수":"--",
            "건폐율점수":"--",
            "세대당주차수":30,
            "난방방식":30,
            "공급면적":"--",
            "전용률":"--",
            "욕실수":50,
            "현관타입":10,
            "주거총점":17.5,
            "지역구공급총점":100.0,
            "역세권":0,
            "30분내 이동가능 거점":40,
            "1시간내 이동가능 거점":100,
            "교통총점":32.0,
            "백화점":100,
            "아울렛몰":100,
            "대형마트":0,
            "은행":0,
            "병원":60,
            "종합병원":100,
            "공원":100,
            "혐오시설":0,
            "인프라총점":69.0,
            "초등학군":85.91,
            "중학군":57.22,
            "학군총점":62.958,
            "인구수":45.37,
            "인구증감":-13.51,
            "인구총점":27.706,
            "일자리":29.7,
            "소득수준":57.74,
            "일자리총점":38.112,
            "가치 총점":44.8437,
            "매매실거래년":20210617.0,
            "매매실거래가":65000.0,
            "전세실거래년":20210829.0,
            "전세실거래가":23000.0,
            "전세가율":44.23,
            "장기전세가율평균":69.69,
            "전세가율거품지수":25.46,
            "검색코드":3198,
            "세대수":165.0,
            "준공년월":"2000-06-27",
            "준공년차":23.0,
            "가까운역이름":"개봉",
            "가까운역거리":1144.44,
            "역세권여부":"비역세권",
            "30분이내주요거점역":2,
            "1시간이내주요거점역":12,
            "3km이내백화점수":2,
            "5km이내아울렛몰수":2,
            "1km이내대형먀트수":0,
            "500m이내은행수":0,
            "500m이내병원수":12,
            "5km이내대형병원수":11,
            "500m이내공원수":5,
            "3km이내혐오시설수":0,
            "초등학교학업성취도":85.91,
            "중학교학업성취도":94.1,
            "용적률":336,
            "건폐율":33,
            "Y":37.504753,
            "X":126.8566,
            "rank":151.0,
            "area_info":"24평(80.08), 25평(85.82), 28평(94.58), 33평(111.28)",
            "last_sales":"2021-06-17,65000.0,33평(111.28)"
        },
        {
            "index":26,
            "아파트명":"거성푸르뫼",
            "투자타입":"일반",
            "전용면적(m2)":"62.82",
            "전용면적(평)":"19평",
            "법정동주소":"서울시 구로구 개봉동 60-101",
            "도로명주소":"서울시 구로구 고척로 85",
            "세대수":0,
            "입주년차":0,
            "용적률점수":"--",
            "건폐율점수":"--",
            "세대당주차수":0,
            "난방방식":30,
            "공급면적":"--",
            "전용률":"--",
            "욕실수":50,
            "현관타입":100,
            "주거총점":18.0,
            "지역구공급총점":100.0,
            "역세권":50,
            "30분내 이동가능 거점":60,
            "1시간내 이동가능 거점":100,
            "교통총점":63.0,
            "백화점":0,
            "아울렛몰":100,
            "대형마트":0,
            "은행":0,
            "병원":60,
            "종합병원":100,
            "공원":80,
            "혐오시설":0,
            "인프라총점":38.4,
            "초등학군":85.35,
            "중학군":40.5,
            "학군총점":49.47,
            "인구수":45.37,
            "인구증감":-13.51,
            "인구총점":27.706,
            "일자리":29.7,
            "소득수준":57.74,
            "일자리총점":38.112,
            "가치 총점":44.5905,
            "매매실거래년":20210107.0,
            "매매실거래가":59000.0,
            "전세실거래년":20120708.0,
            "전세실거래가":13000.0,
            "전세가율":55.32,
            "장기전세가율평균":69.69,
            "전세가율거품지수":14.37,
            "검색코드":3190,
            "세대수":249.0,
            "준공년월":"1993-11-24",
            "준공년차":30.0,
            "가까운역이름":"오류동",
            "가까운역거리":714.2,
            "역세권여부":"준역세권",
            "30분이내주요거점역":3,
            "1시간이내주요거점역":11,
            "3km이내백화점수":0,
            "5km이내아울렛몰수":2,
            "1km이내대형먀트수":0,
            "500m이내은행수":0,
            "500m이내병원수":17,
            "5km이내대형병원수":8,
            "500m이내공원수":1,
            "3km이내혐오시설수":0,
            "초등학교학업성취도":85.35,
            "중학교학업성취도":66.9,
            "용적률":284,
            "건폐율":24,
            "Y":37.500788,
            "X":126.843564,
            "rank":152.0,
            "area_info":"19평(62.82), 22평(75.61), 22평(75.63), 32평(107.25), 50평(167.49)",
            "last_sales":"2021-01-07,59000.0,50평(167.49)"
        },
        {
            "index":576,
            "아파트명":"금강수목원",
            "투자타입":"일반",
            "전용면적(m2)":"81.54",
            "전용면적(평)":"24평",
            "법정동주소":"서울시 구로구 오류동 343",
            "도로명주소":"서울시 구로구 오리로 1197",
            "세대수":50,
            "입주년차":20,
            "용적률점수":"--",
            "건폐율점수":"--",
            "세대당주차수":30,
            "난방방식":30,
            "공급면적":"--",
            "전용률":"--",
            "욕실수":100,
            "현관타입":100,
            "주거총점":49.0,
            "지역구공급총점":100.0,
            "역세권":50,
            "30분내 이동가능 거점":20,
            "1시간내 이동가능 거점":100,
            "교통총점":51.0,
            "백화점":0,
            "아울렛몰":80,
            "대형마트":0,
            "은행":0,
            "병원":0,
            "종합병원":100,
            "공원":0,
            "혐오시설":0,
            "인프라총점":28.0,
            "초등학군":82.78,
            "중학군":49.64,
            "학군총점":56.268,
            "인구수":45.37,
            "인구증감":-13.51,
            "인구총점":27.706,
            "일자리":29.7,
            "소득수준":57.74,
            "일자리총점":38.112,
            "가치 총점":44.4902,
            "매매실거래년":20211225.0,
            "매매실거래가":96000.0,
            "전세실거래년":20211112.0,
            "전세실거래가":39000.0,
            "전세가율":50.72,
            "장기전세가율평균":69.69,
            "전세가율거품지수":18.97,
            "검색코드":9629,
            "세대수":620.0,
            "준공년월":"2003-09-13",
            "준공년차":20.0,
            "가까운역이름":"천왕",
            "가까운역거리":591.15,
            "역세권여부":"준역세권",
            "30분이내주요거점역":1,
            "1시간이내주요거점역":10,
            "3km이내백화점수":0,
            "5km이내아울렛몰수":1,
            "1km이내대형먀트수":0,
            "500m이내은행수":1,
            "500m이내병원수":0,
            "5km이내대형병원수":8,
            "500m이내공원수":0,
            "3km이내혐오시설수":0,
            "초등학교학업성취도":82.78,
            "중학교학업성취도":82.4,
            "용적률":124,
            "건폐율":31,
            "Y":37.488297,
            "X":126.832348,
            "rank":153.0,
            "area_info":"24평(81.54), 24평(81.54), 33평(109.83), 33평(109.83)",
            "last_sales":"2021-12-25,96000.0,33평(109.83)"
        },
        {
            "index":49,
            "아파트명":"두산",
            "투자타입":"일반",
            "전용면적(m2)":"83.21",
            "전용면적(평)":"25평",
            "법정동주소":"서울시 구로구 개봉동 472",
            "도로명주소":"서울시 구로구 남부순환로95길 88",
            "세대수":50,
            "입주년차":0,
            "용적률점수":"--",
            "건폐율점수":"--",
            "세대당주차수":0,
            "난방방식":80,
            "공급면적":"--",
            "전용률":"--",
            "욕실수":50,
            "현관타입":10,
            "주거총점":31.5,
            "지역구공급총점":100.0,
            "역세권":50,
            "30분내 이동가능 거점":20,
            "1시간내 이동가능 거점":100,
            "교통총점":51.0,
            "백화점":0,
            "아울렛몰":100,
            "대형마트":0,
            "은행":20,
            "병원":80,
            "종합병원":100,
            "공원":0,
            "혐오시설":0,
            "인프라총점":40.0,
            "초등학군":91.39,
            "중학군":46.46,
            "학군총점":55.446,
            "인구수":45.37,
            "인구증감":-13.51,
            "인구총점":27.706,
            "일자리":29.7,
            "소득수준":57.74,
            "일자리총점":38.112,
            "가치 총점":44.4669,
            "매매실거래년":20211008.0,
            "매매실거래가":74000.0,
            "전세실거래년":20211228.0,
            "전세실거래가":26775.0,
            "전세가율":46.16,
            "장기전세가율평균":69.69,
            "전세가율거품지수":23.53,
            "검색코드":113,
            "세대수":561.0,
            "준공년월":"1997-09-12",
            "준공년차":26.0,
            "가까운역이름":"개봉",
            "가까운역거리":513.93,
            "역세권여부":"준역세권",
            "30분이내주요거점역":1,
            "1시간이내주요거점역":15,
            "3km이내백화점수":0,
            "5km이내아울렛몰수":2,
            "1km이내대형먀트수":0,
            "500m이내은행수":2,
            "500m이내병원수":34,
            "5km이내대형병원수":8,
            "500m이내공원수":0,
            "3km이내혐오시설수":0,
            "초등학교학업성취도":91.39,
            "중학교학업성취도":76.3,
            "용적률":369,
            "건폐율":21,
            "Y":37.495176,
            "X":126.852901,
            "rank":154.0,
            "area_info":"25평(83.21), 31평(104.62), 39평(131.81)",
            "last_sales":"2021-10-08,74000.0,31평(104.62)"
        },
        {
            "index":615,
            "아파트명":"오류금호어울림",
            "투자타입":"일반",
            "전용면적(m2)":"77.05",
            "전용면적(평)":"23평",
            "법정동주소":"서울시 구로구 오류동 347",
            "도로명주소":"서울시 구로구 고척로 41",
            "세대수":0,
            "입주년차":40,
            "용적률점수":"--",
            "건폐율점수":"--",
            "세대당주차수":30,
            "난방방식":30,
            "공급면적":"--",
            "전용률":"--",
            "욕실수":50,
            "현관타입":100,
            "주거총점":30.5,
            "지역구공급총점":100.0,
            "역세권":50,
            "30분내 이동가능 거점":40,
            "1시간내 이동가능 거점":100,
            "교통총점":57.0,
            "백화점":0,
            "아울렛몰":80,
            "대형마트":0,
            "은행":20,
            "병원":60,
            "종합병원":100,
            "공원":0,
            "혐오시설":0,
            "인프라총점":36.0,
            "초등학군":85.35,
            "중학군":40.5,
            "학군총점":49.47,
            "인구수":45.37,
            "인구증감":-13.51,
            "인구총점":27.706,
            "일자리":29.7,
            "소득수준":57.74,
            "일자리총점":38.112,
            "가치 총점":44.2705,
            "매매실거래년":20210828.0,
            "매매실거래가":65800.0,
            "전세실거래년":20210828.0,
            "전세실거래가":42000.0,
            "전세가율":63.83,
            "장기전세가율평균":69.69,
            "전세가율거품지수":5.86,
            "검색코드":22110,
            "세대수":182.0,
            "준공년월":"2006-09-18",
            "준공년차":17.0,
            "가까운역이름":"오류동",
            "가까운역거리":719.06,
            "역세권여부":"준역세권",
            "30분이내주요거점역":2,
            "1시간이내주요거점역":14,
            "3km이내백화점수":0,
            "5km이내아울렛몰수":1,
            "1km이내대형먀트수":0,
            "500m이내은행수":2,
            "500m이내병원수":19,
            "5km이내대형병원수":9,
            "500m이내공원수":0,
            "3km이내혐오시설수":0,
            "초등학교학업성취도":85.35,
            "중학교학업성취도":66.9,
            "용적률":224,
            "건폐율":20,
            "Y":37.498154,
            "X":126.838618,
            "rank":155.0,
            "area_info":"23평(77.05), 24평(80.01), 31평(105.52)",
            "last_sales":"2021-08-28,65800.0,23평(77.05)"
        },
        {
            "index":593,
            "아파트명":"동부골든",
            "투자타입":"일반",
            "전용면적(m2)":"81.41",
            "전용면적(평)":"24평",
            "법정동주소":"서울시 구로구 오류동 338",
            "도로명주소":"서울시 구로구 고척로 49",
            "세대수":90,
            "입주년차":0,
            "용적률점수":"--",
            "건폐율점수":"--",
            "세대당주차수":0,
            "난방방식":30,
            "공급면적":"--",
            "전용률":"--",
            "욕실수":50,
            "현관타입":10,
            "주거총점":40.5,
            "지역구공급총점":100.0,
            "역세권":50,
            "30분내 이동가능 거점":20,
            "1시간내 이동가능 거점":100,
            "교통총점":51.0,
            "백화점":0,
            "아울렛몰":100,
            "대형마트":0,
            "은행":0,
            "병원":60,
            "종합병원":100,
            "공원":0,
            "혐오시설":0,
            "인프라총점":36.0,
            "초등학군":85.35,
            "중학군":40.5,
            "학군총점":49.47,
            "인구수":45.37,
            "인구증감":-13.51,
            "인구총점":27.706,
            "일자리":29.7,
            "소득수준":57.74,
            "일자리총점":38.112,
            "가치 총점":44.1705,
            "매매실거래년":20220110.0,
            "매매실거래가":56000.0,
            "전세실거래년":20211108.0,
            "전세실거래가":36000.0,
            "전세가율":64.29,
            "장기전세가율평균":69.69,
            "전세가율거품지수":5.4,
            "검색코드":1076,
            "세대수":1236.0,
            "준공년월":"1998-12-03",
            "준공년차":25.0,
            "가까운역이름":"오류동",
            "가까운역거리":729.34,
            "역세권여부":"준역세권",
            "30분이내주요거점역":1,
            "1시간이내주요거점역":12,
            "3km이내백화점수":0,
            "5km이내아울렛몰수":2,
            "1km이내대형먀트수":0,
            "500m이내은행수":1,
            "500m이내병원수":14,
            "5km이내대형병원수":9,
            "500m이내공원수":0,
            "3km이내혐오시설수":0,
            "초등학교학업성취도":85.35,
            "중학교학업성취도":66.9,
            "용적률":299,
            "건폐율":22,
            "Y":37.499391,
            "X":126.83982,
            "rank":156.0,
            "area_info":"24평(81.41), 29평(96.52), 31평(104.82), 39평(129.8), 42평(139.95)",
            "last_sales":"2022-01-10,56000.0,24평(81.41)"
        },
        {
            "index":31,
            "아파트명":"거성푸르뫼2차",
            "투자타입":"일반",
            "전용면적(m2)":"75.89",
            "전용면적(평)":"22평",
            "법정동주소":"서울시 구로구 개봉동 60-82",
            "도로명주소":"서울시 구로구 고척로 82",
            "세대수":0,
            "입주년차":0,
            "용적률점수":"--",
            "건폐율점수":"--",
            "세대당주차수":0,
            "난방방식":30,
            "공급면적":"--",
            "전용률":"--",
            "욕실수":50,
            "현관타입":100,
            "주거총점":18.0,
            "지역구공급총점":100.0,
            "역세권":50,
            "30분내 이동가능 거점":60,
            "1시간내 이동가능 거점":100,
            "교통총점":63.0,
            "백화점":0,
            "아울렛몰":100,
            "대형마트":0,
            "은행":0,
            "병원":60,
            "종합병원":100,
            "공원":0,
            "혐오시설":0,
            "인프라총점":36.0,
            "초등학군":85.35,
            "중학군":40.5,
            "학군총점":49.47,
            "인구수":45.37,
            "인구증감":-13.51,
            "인구총점":27.706,
            "일자리":29.7,
            "소득수준":57.74,
            "일자리총점":38.112,
            "가치 총점":43.8705,
            "매매실거래년":20210812.0,
            "매매실거래가":50000.0,
            "전세실거래년":20211229.0,
            "전세실거래가":35000.0,
            "전세가율":70.0,
            "장기전세가율평균":69.69,
            "전세가율거품지수":-0.31,
            "검색코드":108,
            "세대수":245.0,
            "준공년월":"1994-07-02",
            "준공년차":29.0,
            "가까운역이름":"오류동",
            "가까운역거리":644.42,
            "역세권여부":"준역세권",
            "30분이내주요거점역":3,
            "1시간이내주요거점역":12,
            "3km이내백화점수":0,
            "5km이내아울렛몰수":2,
            "1km이내대형먀트수":0,
            "500m이내은행수":0,
            "500m이내병원수":29,
            "5km이내대형병원수":7,
            "500m이내공원수":0,
            "3km이내혐오시설수":0,
            "초등학교학업성취도":85.35,
            "중학교학업성취도":66.9,
            "용적률":332,
            "건폐율":29,
            "Y":37.500036,
            "X":126.843101,
            "rank":157.0,
            "area_info":"22평(75.89), 32평(107.65), 50평(168.11)",
            "last_sales":"2021-08-12,50000.0,22평(75.89)"
        },
        {
            "index":589,
            "아파트명":"동부2차",
            "투자타입":"일반",
            "전용면적(m2)":"77.73",
            "전용면적(평)":"23평",
            "법정동주소":"서울시 구로구 오류동 339",
            "도로명주소":"서울시 구로구 경인로 248-13",
            "세대수":0,
            "입주년차":20,
            "용적률점수":"--",
            "건폐율점수":"--",
            "세대당주차수":30,
            "난방방식":30,
            "공급면적":"--",
            "전용률":"--",
            "욕실수":50,
            "현관타입":10,
            "주거총점":17.5,
            "지역구공급총점":100.0,
            "역세권":80,
            "30분내 이동가능 거점":20,
            "1시간내 이동가능 거점":60,
            "교통총점":58.0,
            "백화점":0,
            "아울렛몰":100,
            "대형마트":0,
            "은행":0,
            "병원":60,
            "종합병원":100,
            "공원":100,
            "혐오시설":0,
            "인프라총점":39.0,
            "초등학군":85.35,
            "중학군":46.46,
            "학군총점":54.238,
            "인구수":45.37,
            "인구증감":-13.51,
            "인구총점":27.706,
            "일자리":29.7,
            "소득수준":57.74,
            "일자리총점":38.112,
            "가치 총점":43.6357,
            "매매실거래년":20210902.0,
            "매매실거래가":59990.0,
            "전세실거래년":20211029.0,
            "전세실거래가":28000.0,
            "전세가율":46.67,
            "장기전세가율평균":69.69,
            "전세가율거품지수":23.02,
            "검색코드":156,
            "세대수":205.0,
            "준공년월":"1999-03-30",
            "준공년차":24.0,
            "가까운역이름":"오류동",
            "가까운역거리":413.77,
            "역세권여부":"역세권",
            "30분이내주요거점역":1,
            "1시간이내주요거점역":6,
            "3km이내백화점수":0,
            "5km이내아울렛몰수":2,
            "1km이내대형먀트수":0,
            "500m이내은행수":0,
            "500m이내병원수":20,
            "5km이내대형병원수":7,
            "500m이내공원수":3,
            "3km이내혐오시설수":0,
            "초등학교학업성취도":85.35,
            "중학교학업성취도":76.3,
            "용적률":387,
            "건폐율":27,
            "Y":37.497144,
            "X":126.848698,
            "rank":158.0,
            "area_info":"23평(77.73), 23평(78.0), 30평(100.45), 39평(130.2)",
            "last_sales":"2021-09-02,59990.0,23평(77.73)"
        },
        {
            "index":603,
            "아파트명":"동선",
            "투자타입":"일반",
            "전용면적(m2)":"85.12",
            "전용면적(평)":"25평",
            "법정동주소":"서울시 구로구 오류동 345",
            "도로명주소":"서울시 구로구 경인로 158",
            "세대수":0,
            "입주년차":40,
            "용적률점수":"--",
            "건폐율점수":"--",
            "세대당주차수":0,
            "난방방식":30,
            "공급면적":"--",
            "전용률":"--",
            "욕실수":100,
            "현관타입":100,
            "주거총점":31.0,
            "지역구공급총점":100.0,
            "역세권":50,
            "30분내 이동가능 거점":20,
            "1시간내 이동가능 거점":50,
            "교통총점":41.0,
            "백화점":0,
            "아울렛몰":100,
            "대형마트":0,
            "은행":70,
            "병원":80,
            "종합병원":100,
            "공원":100,
            "혐오시설":0,
            "인프라총점":48.0,
            "초등학군":85.9,
            "중학군":49.64,
            "학군총점":56.892,
            "인구수":45.37,
            "인구증감":-13.51,
            "인구총점":27.706,
            "일자리":29.7,
            "소득수준":57.74,
            "일자리총점":38.112,
            "가치 총점":43.4838,
            "매매실거래년":20211225.0,
            "매매실거래가":52000.0,
            "전세실거래년":20211211.0,
            "전세실거래가":30000.0,
            "전세가율":57.69,
            "장기전세가율평균":69.69,
            "전세가율거품지수":12.0,
            "검색코드":10513,
            "세대수":152.0,
            "준공년월":"2004-04-21",
            "준공년차":19.0,
            "가까운역이름":"오류동",
            "가까운역거리":520.69,
            "역세권여부":"준역세권",
            "30분이내주요거점역":1,
            "1시간이내주요거점역":5,
            "3km이내백화점수":0,
            "5km이내아울렛몰수":2,
            "1km이내대형먀트수":0,
            "500m이내은행수":3,
            "500m이내병원수":35,
            "5km이내대형병원수":9,
            "500m이내공원수":2,
            "3km이내혐오시설수":0,
            "초등학교학업성취도":85.9,
            "중학교학업성취도":82.4,
            "용적률":0,
            "건폐율":0,
            "Y":37.49356,
            "X":126.83959,
            "rank":159.0,
            "area_info":"25평(85.12)",
            "last_sales":"2021-12-25,52000.0,25평(85.12)"
        },
        {
            "index":0,
            "아파트명":"개봉대상",
            "투자타입":"일반",
            "전용면적(m2)":"88.27",
            "전용면적(평)":"26평",
            "법정동주소":"서울시 구로구 개봉동 477",
            "도로명주소":"서울시 구로구 개봉로1길 170",
            "세대수":0,
            "입주년차":20,
            "용적률점수":"--",
            "건폐율점수":"--",
            "세대당주차수":0,
            "난방방식":30,
            "공급면적":"--",
            "전용률":"--",
            "욕실수":50,
            "현관타입":10,
            "주거총점":13.0,
            "지역구공급총점":100.0,
            "역세권":50,
            "30분내 이동가능 거점":40,
            "1시간내 이동가능 거점":100,
            "교통총점":57.0,
            "백화점":0,
            "아울렛몰":100,
            "대형마트":80,
            "은행":0,
            "병원":10,
            "종합병원":100,
            "공원":100,
            "혐오시설":0,
            "인프라총점":46.0,
            "초등학군":71.82,
            "중학군":33.64,
            "학군총점":41.276,
            "인구수":45.37,
            "인구증감":-13.51,
            "인구총점":27.706,
            "일자리":29.7,
            "소득수준":57.74,
            "일자리총점":38.112,
            "가치 총점":42.5414,
            "매매실거래년":20210719.0,
            "매매실거래가":57800.0,
            "전세실거래년":20210903.0,
            "전세실거래가":25000.0,
            "전세가율":47.26,
            "장기전세가율평균":69.69,
            "전세가율거품지수":22.43,
            "검색코드":107,
            "세대수":208.0,
            "준공년월":"1999-06-26",
            "준공년차":24.0,
            "가까운역이름":"광명사거리",
            "가까운역거리":534.01,
            "역세권여부":"준역세권",
            "30분이내주요거점역":2,
            "1시간이내주요거점역":13,
            "3km이내백화점수":0,
            "5km이내아울렛몰수":2,
            "1km이내대형먀트수":1,
            "500m이내은행수":1,
            "500m이내병원수":2,
            "5km이내대형병원수":5,
            "500m이내공원수":2,
            "3km이내혐오시설수":0,
            "초등학교학업성취도":71.82,
            "중학교학업성취도":55.4,
            "용적률":388,
            "건폐율":22,
            "Y":37.482182,
            "X":126.850081,
            "rank":160.0,
            "area_info":"26평(88.27), 33평(109.83), 33평(111.15), 33평(111.11)",
            "last_sales":"2021-07-19,57800.0,33평(111.15)"
        },
        {
            "index":568,
            "아파트명":"금강",
            "투자타입":"일반",
            "전용면적(m2)":"70.45",
            "전용면적(평)":"21평",
            "법정동주소":"서울시 구로구 오류동 335",
            "도로명주소":"서울시 구로구 서해안로34가길 18",
            "세대수":0,
            "입주년차":0,
            "용적률점수":"--",
            "건폐율점수":"--",
            "세대당주차수":0,
            "난방방식":30,
            "공급면적":"--",
            "전용률":"--",
            "욕실수":50,
            "현관타입":10,
            "주거총점":9.0,
            "지역구공급총점":100.0,
            "역세권":80,
            "30분내 이동가능 거점":20,
            "1시간내 이동가능 거점":90,
            "교통총점":64.0,
            "백화점":0,
            "아울렛몰":100,
            "대형마트":0,
            "은행":0,
            "병원":60,
            "종합병원":100,
            "공원":100,
            "혐오시설":0,
            "인프라총점":39.0,
            "초등학군":84.91,
            "중학군":33.64,
            "학군총점":43.894,
            "인구수":45.37,
            "인구증감":-13.51,
            "인구총점":27.706,
            "일자리":29.7,
            "소득수준":57.74,
            "일자리총점":38.112,
            "가치 총점":42.4841,
            "매매실거래년":20210731.0,
            "매매실거래가":56000.0,
            "전세실거래년":null,
            "전세실거래가":null,
            "전세가율":null,
            "장기전세가율평균":69.69,
            "전세가율거품지수":null,
            "검색코드":3212,
            "세대수":247.0,
            "준공년월":"1996-01-04",
            "준공년차":27.0,
            "가까운역이름":"오류동",
            "가까운역거리":257.84,
            "역세권여부":"역세권",
            "30분이내주요거점역":1,
            "1시간이내주요거점역":9,
            "3km이내백화점수":0,
            "5km이내아울렛몰수":2,
            "1km이내대형먀트수":0,
            "500m이내은행수":1,
            "500m이내병원수":18,
            "5km이내대형병원수":8,
            "500m이내공원수":2,
            "3km이내혐오시설수":0,
            "초등학교학업성취도":84.91,
            "중학교학업성취도":55.4,
            "용적률":299,
            "건폐율":24,
            "Y":37.493188,
            "X":126.847752,
            "rank":161.0,
            "area_info":"21평(70.45), 22평(75.74), 22평(75.04), 22평(75.9), 24평(80.98), 24평(81.72), 25평(83.56), 32평(107.76)",
            "last_sales":"2021-07-31,56000.0,32평(107.76)"
        },
        {
            "index":742,
            "아파트명":"서울수목원현대홈타운스위트",
            "투자타입":"일반",
            "전용면적(m2)":"108.79",
            "전용면적(평)":"32평",
            "법정동주소":"서울시 구로구 항동 233",
            "도로명주소":"서울시 구로구 연동로13길 25",
            "세대수":0,
            "입주년차":40,
            "용적률점수":"--",
            "건폐율점수":"--",
            "세대당주차수":30,
            "난방방식":30,
            "공급면적":"--",
            "전용률":"--",
            "욕실수":100,
            "현관타입":100,
            "주거총점":35.5,
            "지역구공급총점":100.0,
            "역세권":50,
            "30분내 이동가능 거점":20,
            "1시간내 이동가능 거점":90,
            "교통총점":49.0,
            "백화점":0,
            "아울렛몰":0,
            "대형마트":80,
            "은행":0,
            "병원":10,
            "종합병원":100,
            "공원":80,
            "혐오시설":0,
            "인프라총점":35.4,
            "초등학군":82.78,
            "중학군":42.0,
            "학군총점":50.156,
            "인구수":45.37,
            "인구증감":-13.51,
            "인구총점":27.706,
            "일자리":29.7,
            "소득수준":57.74,
            "일자리총점":38.112,
            "가치 총점":42.3934,
            "매매실거래년":20210705.0,
            "매매실거래가":89000.0,
            "전세실거래년":null,
            "전세실거래가":null,
            "전세가율":null,
            "장기전세가율평균":69.69,
            "전세가율거품지수":null,
            "검색코드":17478,
            "세대수":245.0,
            "준공년월":"2004-12-10",
            "준공년차":19.0,
            "가까운역이름":"역곡",
            "가까운역거리":799.96,
            "역세권여부":"준역세권",
            "30분이내주요거점역":1,
            "1시간이내주요거점역":9,
            "3km이내백화점수":0,
            "5km이내아울렛몰수":0,
            "1km이내대형먀트수":1,
            "500m이내은행수":0,
            "500m이내병원수":2,
            "5km이내대형병원수":7,
            "500m이내공원수":1,
            "3km이내혐오시설수":0,
            "초등학교학업성취도":82.78,
            "중학교학업성취도":69.6,
            "용적률":144,
            "건폐율":34,
            "Y":37.48408,
            "X":126.820462,
            "rank":162.0,
            "area_info":"32평(108.79), 33평(109.33), 33평(109.36), 38평(128.34), 42평(141.79)",
            "last_sales":"2021-07-05,89000.0,42평(141.79)"
        },
        {
            "index":585,
            "아파트명":"동부1차",
            "투자타입":"일반",
            "전용면적(m2)":"81.29",
            "전용면적(평)":"24평",
            "법정동주소":"서울시 구로구 오류동 336",
            "도로명주소":"서울시 구로구 경인로 248-14",
            "세대수":0,
            "입주년차":0,
            "용적률점수":"--",
            "건폐율점수":"--",
            "세대당주차수":0,
            "난방방식":30,
            "공급면적":"--",
            "전용률":"--",
            "욕실수":50,
            "현관타입":10,
            "주거총점":9.0,
            "지역구공급총점":100.0,
            "역세권":80,
            "30분내 이동가능 거점":20,
            "1시간내 이동가능 거점":60,
            "교통총점":58.0,
            "백화점":0,
            "아울렛몰":100,
            "대형마트":0,
            "은행":0,
            "병원":60,
            "종합병원":100,
            "공원":100,
            "혐오시설":0,
            "인프라총점":39.0,
            "초등학군":85.35,
            "중학군":46.46,
            "학군총점":54.238,
            "인구수":45.37,
            "인구증감":-13.51,
            "인구총점":27.706,
            "일자리":29.7,
            "소득수준":57.74,
            "일자리총점":38.112,
            "가치 총점":41.9357,
            "매매실거래년":20210914.0,
            "매매실거래가":77500.0,
            "전세실거래년":20210807.0,
            "전세실거래가":34000.0,
            "전세가율":58.93,
            "장기전세가율평균":69.69,
            "전세가율거품지수":10.76,
            "검색코드":157,
            "세대수":252.0,
            "준공년월":"1998-07-11",
            "준공년차":25.0,
            "가까운역이름":"오류동",
            "가까운역거리":377.39,
            "역세권여부":"역세권",
            "30분이내주요거점역":1,
            "1시간이내주요거점역":6,
            "3km이내백화점수":0,
            "5km이내아울렛몰수":2,
            "1km이내대형먀트수":0,
            "500m이내은행수":0,
            "500m이내병원수":22,
            "5km이내대형병원수":7,
            "500m이내공원수":3,
            "3km이내혐오시설수":0,
            "초등학교학업성취도":85.35,
            "중학교학업성취도":76.3,
            "용적률":377,
            "건폐율":27,
            "Y":37.497129,
            "X":126.84811,
            "rank":163.0,
            "area_info":"24평(81.29), 30평(100.66), 31평(105.17), 41평(136.33)",
            "last_sales":"2021-09-14,77500.0,41평(136.33)"
        },
        {
            "index":760,
            "아파트명":"하버라인3단지",
            "투자타입":"일반",
            "전용면적(m2)":"85.07",
            "전용면적(평)":"25평",
            "법정동주소":"서울시 구로구 항동 공공주택지구내3단지",
            "도로명주소":"서울시 구로구 항동로 43",
            "세대수":90,
            "입주년차":100,
            "용적률점수":"--",
            "건폐율점수":"--",
            "세대당주차수":30,
            "난방방식":100,
            "공급면적":"--",
            "전용률":"--",
            "욕실수":100,
            "현관타입":100,
            "주거총점":86.0,
            "지역구공급총점":100.0,
            "역세권":0,
            "30분내 이동가능 거점":20,
            "1시간내 이동가능 거점":80,
            "교통총점":22.0,
            "백화점":0,
            "아울렛몰":0,
            "대형마트":0,
            "은행":0,
            "병원":30,
            "종합병원":100,
            "공원":80,
            "혐오시설":0,
            "인프라총점":25.4,
            "초등학군":100.0,
            "중학군":42.66,
            "학군총점":54.128,
            "인구수":45.37,
            "인구증감":-13.51,
            "인구총점":27.706,
            "일자리":29.7,
            "소득수준":57.74,
            "일자리총점":38.112,
            "가치 총점":40.6392,
            "매매실거래년":20211026.0,
            "매매실거래가":82000.0,
            "전세실거래년":20210825.0,
            "전세실거래가":55000.0,
            "전세가율":67.07,
            "장기전세가율평균":69.69,
            "전세가율거품지수":2.62,
            "검색코드":122446,
            "세대수":1170.0,
            "준공년월":"2019-03-01",
            "준공년차":4.0,
            "가까운역이름":"역곡",
            "가까운역거리":1308.15,
            "역세권여부":"비역세권",
            "30분이내주요거점역":1,
            "1시간이내주요거점역":8,
            "3km이내백화점수":0,
            "5km이내아울렛몰수":0,
            "1km이내대형먀트수":0,
            "500m이내은행수":0,
            "500m이내병원수":6,
            "5km이내대형병원수":8,
            "500m이내공원수":1,
            "3km이내혐오시설수":0,
            "초등학교학업성취도":100.0,
            "중학교학업성취도":68.9,
            "용적률":0,
            "건폐율":0,
            "Y":37.479652,
            "X":126.82459,
            "rank":164.0,
            "area_info":"25평(85.07), 25평(85.83), 31평(105.51), 32평(105.96), 32평(106.32), 36평(119.92), 36평(120.39)",
            "last_sales":"2021-10-26,82000.0,25평(85.07)"
        },
        {
            "index":212,
            "아파트명":"한일유앤아이",
            "투자타입":"일반",
            "전용면적(m2)":"78.7",
            "전용면적(평)":"23평",
            "법정동주소":"서울시 구로구 고척동 337",
            "도로명주소":"서울시 구로구 중앙로15길 151",
            "세대수":30,
            "입주년차":40,
            "용적률점수":"--",
            "건폐율점수":"--",
            "세대당주차수":30,
            "난방방식":30,
            "공급면적":"--",
            "전용률":"--",
            "욕실수":50,
            "현관타입":100,
            "주거총점":41.0,
            "지역구공급총점":100.0,
            "역세권":0,
            "30분내 이동가능 거점":20,
            "1시간내 이동가능 거점":60,
            "교통총점":18.0,
            "백화점":100,
            "아울렛몰":100,
            "대형마트":0,
            "은행":0,
            "병원":0,
            "종합병원":100,
            "공원":100,
            "혐오시설":0,
            "인프라총점":63.0,
            "초등학군":83.47,
            "중학군":38.66,
            "학군총점":47.622,
            "인구수":45.37,
            "인구증감":-13.51,
            "인구총점":27.706,
            "일자리":29.7,
            "소득수준":57.74,
            "일자리총점":38.112,
            "가치 총점":40.5433,
            "매매실거래년":20211113.0,
            "매매실거래가":78000.0,
            "전세실거래년":20211120.0,
            "전세실거래가":30000.0,
            "전세가율":42.86,
            "장기전세가율평균":69.69,
            "전세가율거품지수":26.83,
            "검색코드":14020,
            "세대수":390.0,
            "준공년월":"2005-12-29",
            "준공년차":18.0,
            "가까운역이름":"신정네거리",
            "가까운역거리":1310.73,
            "역세권여부":"비역세권",
            "30분이내주요거점역":1,
            "1시간이내주요거점역":6,
            "3km이내백화점수":1,
            "5km이내아울렛몰수":2,
            "1km이내대형먀트수":0,
            "500m이내은행수":0,
            "500m이내병원수":1,
            "5km이내대형병원수":9,
            "500m이내공원수":5,
            "3km이내혐오시설수":0,
            "초등학교학업성취도":83.47,
            "중학교학업성취도":63.9,
            "용적률":285,
            "건폐율":19,
            "Y":37.508384,
            "X":126.851003,
            "rank":165.0,
            "area_info":"23평(78.7), 31평(104.87), 31평(105.72), 31평(105.59), 41평(136.47)",
            "last_sales":"2021-11-13,78000.0,31평(105.72)"
        },
        {
            "index":598,
            "아파트명":"동부그린",
            "투자타입":"재건축",
            "전용면적(m2)":"49.66",
            "전용면적(평)":"15평",
            "법정동주소":"서울시 구로구 오류동 236-5",
            "도로명주소":"서울시 구로구 경인로6길 30",
            "세대수":0,
            "입주년차":"--",
            "용적률점수":0,
            "건폐율점수":0,
            "세대당주차수":"--",
            "난방방식":"--",
            "공급면적":50,
            "전용률":80,
            "욕실수":"--",
            "현관타입":"--",
            "주거총점":6.5,
            "지역구공급총점":100.0,
            "역세권":50,
            "30분내 이동가능 거점":40,
            "1시간내 이동가능 거점":100,
            "교통총점":57.0,
            "백화점":0,
            "아울렛몰":80,
            "대형마트":0,
            "은행":20,
            "병원":10,
            "종합병원":100,
            "공원":0,
            "혐오시설":0,
            "인프라총점":31.0,
            "초등학군":82.78,
            "중학군":49.64,
            "학군총점":56.268,
            "인구수":45.37,
            "인구증감":-13.51,
            "인구총점":27.706,
            "일자리":29.7,
            "소득수준":57.74,
            "일자리총점":38.112,
            "가치 총점":38.9902,
            "매매실거래년":"18000101",
            "매매실거래가":null,
            "전세실거래년":null,
            "전세실거래가":null,
            "전세가율":null,
            "장기전세가율평균":69.69,
            "전세가율거품지수":null,
            "검색코드":15797,
            "세대수":174.0,
            "준공년월":"1989-12-28",
            "준공년차":34.0,
            "가까운역이름":"천왕",
            "가까운역거리":722.56,
            "역세권여부":"준역세권",
            "30분이내주요거점역":2,
            "1시간이내주요거점역":13,
            "3km이내백화점수":0,
            "5km이내아울렛몰수":1,
            "1km이내대형먀트수":0,
            "500m이내은행수":2,
            "500m이내병원수":2,
            "5km이내대형병원수":8,
            "500m이내공원수":0,
            "3km이내혐오시설수":0,
            "초등학교학업성취도":82.78,
            "중학교학업성취도":82.4,
            "용적률":0,
            "건폐율":0,
            "Y":37.489794,
            "X":126.831555,
            "rank":166.0,
            "area_info":"15평(49.66), 15평(52.29), 15평(52.27), 18평(59.99), 18평(59.99)",
            "last_sales":"1800-01-01,nan,15평(49.66)"
        },
        {
            "index":646,
            "아파트명":"한신플러스타운",
            "투자타입":"일반",
            "전용면적(m2)":"80.66",
            "전용면적(평)":"24평",
            "법정동주소":"서울시 구로구 오류동 341",
            "도로명주소":"서울시 구로구 고척로 52",
            "세대수":0,
            "입주년차":20,
            "용적률점수":"--",
            "건폐율점수":"--",
            "세대당주차수":30,
            "난방방식":30,
            "공급면적":"--",
            "전용률":"--",
            "욕실수":100,
            "현관타입":100,
            "주거총점":31.5,
            "지역구공급총점":100.0,
            "역세권":50,
            "30분내 이동가능 거점":20,
            "1시간내 이동가능 거점":30,
            "교통총점":37.0,
            "백화점":0,
            "아울렛몰":100,
            "대형마트":0,
            "은행":20,
            "병원":80,
            "종합병원":100,
            "공원":0,
            "혐오시설":0,
            "인프라총점":40.0,
            "초등학군":85.35,
            "중학군":40.5,
            "학군총점":49.47,
            "인구수":45.37,
            "인구증감":-13.51,
            "인구총점":27.706,
            "일자리":29.7,
            "소득수준":57.74,
            "일자리총점":38.112,
            "가치 총점":38.6705,
            "매매실거래년":20211002.0,
            "매매실거래가":57400.0,
            "전세실거래년":20211211.0,
            "전세실거래가":43000.0,
            "전세가율":74.91,
            "장기전세가율평균":69.69,
            "전세가율거품지수":-5.22,
            "검색코드":3358,
            "세대수":299.0,
            "준공년월":"2002-07-05",
            "준공년차":21.0,
            "가까운역이름":"오류동",
            "가까운역거리":588.74,
            "역세권여부":"준역세권",
            "30분이내주요거점역":1,
            "1시간이내주요거점역":3,
            "3km이내백화점수":0,
            "5km이내아울렛몰수":2,
            "1km이내대형먀트수":0,
            "500m이내은행수":2,
            "500m이내병원수":31,
            "5km이내대형병원수":8,
            "500m이내공원수":0,
            "3km이내혐오시설수":0,
            "초등학교학업성취도":85.35,
            "중학교학업성취도":66.9,
            "용적률":293,
            "건폐율":60,
            "Y":37.498483,
            "X":126.840931,
            "rank":167.0,
            "area_info":"24평(80.66), 32평(106.12), 41평(138.59)",
            "last_sales":"2021-10-02,57400.0,24평(80.66)"
        },
        {
            "index":158,
            "아파트명":"삼익2차",
            "투자타입":"일반",
            "전용면적(m2)":"84.72",
            "전용면적(평)":"25평",
            "법정동주소":"서울시 구로구 고척동 331",
            "도로명주소":"서울시 구로구 중앙로15길 125",
            "세대수":0,
            "입주년차":20,
            "용적률점수":"--",
            "건폐율점수":"--",
            "세대당주차수":30,
            "난방방식":30,
            "공급면적":"--",
            "전용률":"--",
            "욕실수":50,
            "현관타입":10,
            "주거총점":17.5,
            "지역구공급총점":100.0,
            "역세권":0,
            "30분내 이동가능 거점":20,
            "1시간내 이동가능 거점":80,
            "교통총점":22.0,
            "백화점":100,
            "아울렛몰":100,
            "대형마트":0,
            "은행":0,
            "병원":30,
            "종합병원":100,
            "공원":100,
            "혐오시설":0,
            "인프라총점":66.0,
            "초등학군":83.47,
            "중학군":38.66,
            "학군총점":47.622,
            "인구수":45.37,
            "인구증감":-13.51,
            "인구총점":27.706,
            "일자리":29.7,
            "소득수준":57.74,
            "일자리총점":38.112,
            "가치 총점":38.1433,
            "매매실거래년":20210930.0,
            "매매실거래가":62000.0,
            "전세실거래년":20211126.0,
            "전세실거래가":38000.0,
            "전세가율":61.29,
            "장기전세가율평균":69.69,
            "전세가율거품지수":8.4,
            "검색코드":3197,
            "세대수":298.0,
            "준공년월":"2001-11-17",
            "준공년차":22.0,
            "가까운역이름":"양천구청",
            "가까운역거리":1295.89,
            "역세권여부":"비역세권",
            "30분이내주요거점역":1,
            "1시간이내주요거점역":8,
            "3km이내백화점수":1,
            "5km이내아울렛몰수":2,
            "1km이내대형먀트수":0,
            "500m이내은행수":0,
            "500m이내병원수":5,
            "5km이내대형병원수":9,
            "500m이내공원수":5,
            "3km이내혐오시설수":0,
            "초등학교학업성취도":83.47,
            "중학교학업성취도":63.9,
            "용적률":305,
            "건폐율":27,
            "Y":37.507623,
            "X":126.852417,
            "rank":168.0,
            "area_info":"25평(84.72), 33평(109.21), 43평(143.35)",
            "last_sales":"2021-09-30,62000.0,25평(84.72)"
        },
        {
            "index":154,
            "아파트명":"삼익1단지",
            "투자타입":"일반",
            "전용면적(m2)":"84.6",
            "전용면적(평)":"25평",
            "법정동주소":"서울시 구로구 고척동 330",
            "도로명주소":"서울시 구로구 중앙로15길 132-17",
            "세대수":0,
            "입주년차":20,
            "용적률점수":"--",
            "건폐율점수":"--",
            "세대당주차수":30,
            "난방방식":30,
            "공급면적":"--",
            "전용률":"--",
            "욕실수":50,
            "현관타입":10,
            "주거총점":17.5,
            "지역구공급총점":100.0,
            "역세권":0,
            "30분내 이동가능 거점":20,
            "1시간내 이동가능 거점":80,
            "교통총점":22.0,
            "백화점":100,
            "아울렛몰":100,
            "대형마트":0,
            "은행":0,
            "병원":10,
            "종합병원":100,
            "공원":100,
            "혐오시설":0,
            "인프라총점":64.0,
            "초등학군":84.83,
            "중학군":38.66,
            "학군총점":47.894,
            "인구수":45.37,
            "인구증감":-13.51,
            "인구총점":27.706,
            "일자리":29.7,
            "소득수준":57.74,
            "일자리총점":38.112,
            "가치 총점":37.5841,
            "매매실거래년":20211112.0,
            "매매실거래가":61500.0,
            "전세실거래년":20211021.0,
            "전세실거래가":27300.0,
            "전세가율":45.65,
            "장기전세가율평균":69.69,
            "전세가율거품지수":24.04,
            "검색코드":3196,
            "세대수":245.0,
            "준공년월":"2001-09-25",
            "준공년차":22.0,
            "가까운역이름":"양천구청",
            "가까운역거리":1198.89,
            "역세권여부":"비역세권",
            "30분이내주요거점역":1,
            "1시간이내주요거점역":8,
            "3km이내백화점수":1,
            "5km이내아울렛몰수":2,
            "1km이내대형먀트수":0,
            "500m이내은행수":0,
            "500m이내병원수":3,
            "5km이내대형병원수":9,
            "500m이내공원수":5,
            "3km이내혐오시설수":0,
            "초등학교학업성취도":84.83,
            "중학교학업성취도":63.9,
            "용적률":333,
            "건폐율":27,
            "Y":37.508791,
            "X":126.85301,
            "rank":169.0,
            "area_info":"25평(84.6), 32평(108.91), 41평(138.34), 44평(147.3)",
            "last_sales":"2021-11-12,61500.0,32평(108.91)"
        },
        {
            "index":34,
            "아파트명":"건영",
            "투자타입":"일반",
            "전용면적(m2)":"77.86",
            "전용면적(평)":"23평",
            "법정동주소":"서울시 구로구 개봉동 47-1",
            "도로명주소":"서울시 구로구 고척로21나길 85-6",
            "세대수":0,
            "입주년차":0,
            "용적률점수":"--",
            "건폐율점수":"--",
            "세대당주차수":0,
            "난방방식":30,
            "공급면적":"--",
            "전용률":"--",
            "욕실수":50,
            "현관타입":100,
            "주거총점":18.0,
            "지역구공급총점":100.0,
            "역세권":50,
            "30분내 이동가능 거점":20,
            "1시간내 이동가능 거점":100,
            "교통총점":51.0,
            "백화점":0,
            "아울렛몰":80,
            "대형마트":0,
            "은행":0,
            "병원":10,
            "종합병원":100,
            "공원":0,
            "혐오시설":0,
            "인프라총점":29.0,
            "초등학군":85.35,
            "중학군":40.5,
            "학군총점":49.47,
            "인구수":45.37,
            "인구증감":-13.51,
            "인구총점":27.706,
            "일자리":29.7,
            "소득수준":57.74,
            "일자리총점":38.112,
            "가치 총점":37.5705,
            "매매실거래년":20200915.0,
            "매매실거래가":34000.0,
            "전세실거래년":20210529.0,
            "전세실거래가":21000.0,
            "전세가율":78.36,
            "장기전세가율평균":69.69,
            "전세가율거품지수":-8.67,
            "검색코드":110,
            "세대수":209.0,
            "준공년월":"1994-05-09",
            "준공년차":29.0,
            "가까운역이름":"오류동",
            "가까운역거리":853.34,
            "역세권여부":"준역세권",
            "30분이내주요거점역":1,
            "1시간이내주요거점역":11,
            "3km이내백화점수":0,
            "5km이내아울렛몰수":1,
            "1km이내대형먀트수":0,
            "500m이내은행수":0,
            "500m이내병원수":2,
            "5km이내대형병원수":8,
            "500m이내공원수":0,
            "3km이내혐오시설수":0,
            "초등학교학업성취도":85.35,
            "중학교학업성취도":66.9,
            "용적률":313,
            "건폐율":22,
            "Y":37.5012,
            "X":126.84059,
            "rank":170.0,
            "area_info":"23평(77.86), 31평(105.6), 32평(106.01)",
            "last_sales":"2020-09-15,34000.0,32평(106.01)"
        },
        {
            "index":747,
            "아파트명":"우남퍼스트빌더센트럴",
            "투자타입":"일반",
            "전용면적(m2)":"100.95",
            "전용면적(평)":"30평",
            "법정동주소":"서울시 구로구 항동 항동공공주택지구6블록",
            "도로명주소":"서울시 구로구 항동로 8",
            "세대수":30,
            "입주년차":100,
            "용적률점수":"--",
            "건폐율점수":"--",
            "세대당주차수":60,
            "난방방식":100,
            "공급면적":"--",
            "전용률":"--",
            "욕실수":100,
            "현관타입":100,
            "주거총점":69.5,
            "지역구공급총점":100.0,
            "역세권":0,
            "30분내 이동가능 거점":20,
            "1시간내 이동가능 거점":80,
            "교통총점":22.0,
            "백화점":0,
            "아울렛몰":0,
            "대형마트":0,
            "은행":0,
            "병원":10,
            "종합병원":100,
            "공원":0,
            "혐오시설":0,
            "인프라총점":21.0,
            "초등학군":100.0,
            "중학군":42.66,
            "학군총점":54.128,
            "인구수":45.37,
            "인구증감":-13.51,
            "인구총점":27.706,
            "일자리":29.7,
            "소득수준":57.74,
            "일자리총점":38.112,
            "가치 총점":36.0192,
            "매매실거래년":20200810.0,
            "매매실거래가":87000.0,
            "전세실거래년":null,
            "전세실거래가":null,
            "전세가율":null,
            "장기전세가율평균":69.69,
            "전세가율거품지수":null,
            "검색코드":120035,
            "세대수":337.0,
            "준공년월":"2020-06-01",
            "준공년차":3.0,
            "가까운역이름":"역곡",
            "가까운역거리":1211.43,
            "역세권여부":"비역세권",
            "30분이내주요거점역":1,
            "1시간이내주요거점역":8,
            "3km이내백화점수":0,
            "5km이내아울렛몰수":0,
            "1km이내대형먀트수":0,
            "500m이내은행수":0,
            "500m이내병원수":4,
            "5km이내대형병원수":7,
            "500m이내공원수":0,
            "3km이내혐오시설수":0,
            "초등학교학업성취도":100.0,
            "중학교학업성취도":68.9,
            "용적률":0,
            "건폐율":0,
            "Y":37.477017,
            "X":126.820597,
            "rank":171.0,
            "area_info":"30평(100.95), 32평(107.37), 32평(107.77), 32평(108.23), 32평(108.42), 44평(145.93), 44평(147.02)",
            "last_sales":"2020-08-10,87000.0,44평(145.93)"
        },
        {
            "index":769,
            "아파트명":"한양수자인에듀힐즈",
            "투자타입":"일반",
            "전용면적(m2)":"99.39",
            "전용면적(평)":"30평",
            "법정동주소":"서울시 구로구 항동 항동지구5블록",
            "도로명주소":"서울시 구로구 항동로 42",
            "세대수":50,
            "입주년차":100,
            "용적률점수":"--",
            "건폐율점수":"--",
            "세대당주차수":30,
            "난방방식":100,
            "공급면적":"--",
            "전용률":"--",
            "욕실수":100,
            "현관타입":100,
            "주거총점":72.0,
            "지역구공급총점":100.0,
            "역세권":0,
            "30분내 이동가능 거점":20,
            "1시간내 이동가능 거점":50,
            "교통총점":16.0,
            "백화점":0,
            "아울렛몰":0,
            "대형마트":0,
            "은행":0,
            "병원":30,
            "종합병원":100,
            "공원":80,
            "혐오시설":0,
            "인프라총점":25.4,
            "초등학군":100.0,
            "중학군":42.66,
            "학군총점":54.128,
            "인구수":45.37,
            "인구증감":-13.51,
            "인구총점":27.706,
            "일자리":29.7,
            "소득수준":57.74,
            "일자리총점":38.112,
            "가치 총점":35.7392,
            "매매실거래년":20210719.0,
            "매매실거래가":120000.0,
            "전세실거래년":20210914.0,
            "전세실거래가":65000.0,
            "전세가율":135.42,
            "장기전세가율평균":69.69,
            "전세가율거품지수":-65.73,
            "검색코드":119166,
            "세대수":634.0,
            "준공년월":"2019-09-01",
            "준공년차":4.0,
            "가까운역이름":"역곡",
            "가까운역거리":1473.51,
            "역세권여부":"비역세권",
            "30분이내주요거점역":1,
            "1시간이내주요거점역":5,
            "3km이내백화점수":0,
            "5km이내아울렛몰수":0,
            "1km이내대형먀트수":0,
            "500m이내은행수":0,
            "500m이내병원수":6,
            "5km이내대형병원수":7,
            "500m이내공원수":1,
            "3km이내혐오시설수":0,
            "초등학교학업성취도":100.0,
            "중학교학업성취도":68.9,
            "용적률":179,
            "건폐율":18,
            "Y":37.477935,
            "X":126.825486,
            "rank":172.0,
            "area_info":"30평(99.39), 30평(100.18), 33평(109.52), 33평(110.78), 33평(110.32), 41평(136.58)",
            "last_sales":"2021-07-19,120000.0,33평(110.78)"
        },
        {
            "index":767,
            "아파트명":"하버라인4단지",
            "투자타입":"일반",
            "전용면적(m2)":"89.13",
            "전용면적(평)":"26평",
            "법정동주소":"서울시 구로구 항동 공공주택지구내4단지",
            "도로명주소":"서울시 구로구 항동로 72",
            "세대수":0,
            "입주년차":100,
            "용적률점수":"--",
            "건폐율점수":"--",
            "세대당주차수":30,
            "난방방식":100,
            "공급면적":"--",
            "전용률":"--",
            "욕실수":100,
            "현관타입":100,
            "주거총점":54.5,
            "지역구공급총점":100.0,
            "역세권":0,
            "30분내 이동가능 거점":20,
            "1시간내 이동가능 거점":70,
            "교통총점":20.0,
            "백화점":0,
            "아울렛몰":0,
            "대형마트":0,
            "은행":0,
            "병원":30,
            "종합병원":100,
            "공원":80,
            "혐오시설":0,
            "인프라총점":25.4,
            "초등학군":100.0,
            "중학군":42.66,
            "학군총점":54.128,
            "인구수":45.37,
            "인구증감":-13.51,
            "인구총점":27.706,
            "일자리":29.7,
            "소득수준":57.74,
            "일자리총점":38.112,
            "가치 총점":33.6392,
            "매매실거래년":20211113.0,
            "매매실거래가":76000.0,
            "전세실거래년":20210812.0,
            "전세실거래가":55000.0,
            "전세가율":72.37,
            "장기전세가율평균":69.69,
            "전세가율거품지수":-2.68,
            "검색코드":124394,
            "세대수":297.0,
            "준공년월":"2019-06-01",
            "준공년차":4.0,
            "가까운역이름":"온수",
            "가까운역거리":1192.31,
            "역세권여부":"비역세권",
            "30분이내주요거점역":1,
            "1시간이내주요거점역":7,
            "3km이내백화점수":0,
            "5km이내아울렛몰수":0,
            "1km이내대형먀트수":0,
            "500m이내은행수":0,
            "500m이내병원수":6,
            "5km이내대형병원수":7,
            "500m이내공원수":1,
            "3km이내혐오시설수":0,
            "초등학교학업성취도":100.0,
            "중학교학업성취도":68.9,
            "용적률":192,
            "건폐율":22,
            "Y":37.481761,
            "X":126.826146,
            "rank":173.0,
            "area_info":"26평(89.13), 27평(90.05)",
            "last_sales":"2021-11-13,76000.0,26평(89.13)"
        },
        {
            "index":69,
            "아파트명":"창동",
            "투자타입":"재건축",
            "전용면적(m2)":"57.89",
            "전용면적(평)":"17평",
            "법정동주소":"서울시 구로구 개봉동 20-1",
            "도로명주소":"서울시 구로구 고척로21나길 48-80",
            "세대수":0,
            "입주년차":"--",
            "용적률점수":80,
            "건폐율점수":20,
            "세대당주차수":"--",
            "난방방식":"--",
            "공급면적":50,
            "전용률":60,
            "욕실수":"--",
            "현관타입":"--",
            "주거총점":41.5,
            "지역구공급총점":100.0,
            "역세권":0,
            "30분내 이동가능 거점":40,
            "1시간내 이동가능 거점":70,
            "교통총점":26.0,
            "백화점":0,
            "아울렛몰":80,
            "대형마트":0,
            "은행":0,
            "병원":10,
            "종합병원":100,
            "공원":0,
            "혐오시설":0,
            "인프라총점":29.0,
            "초등학군":82.94,
            "중학군":40.5,
            "학군총점":48.988,
            "인구수":45.37,
            "인구증감":-13.51,
            "인구총점":27.706,
            "일자리":29.7,
            "소득수준":57.74,
            "일자리총점":38.112,
            "가치 총점":33.4482,
            "매매실거래년":20201223.0,
            "매매실거래가":27200.0,
            "전세실거래년":20190619.0,
            "전세실거래가":10000.0,
            "전세가율":60.61,
            "장기전세가율평균":69.69,
            "전세가율거품지수":9.08,
            "검색코드":1264,
            "세대수":110.0,
            "준공년월":"1987-12-05",
            "준공년차":36.0,
            "가까운역이름":"오류동",
            "가까운역거리":1063.03,
            "역세권여부":"비역세권",
            "30분이내주요거점역":2,
            "1시간이내주요거점역":7,
            "3km이내백화점수":0,
            "5km이내아울렛몰수":1,
            "1km이내대형먀트수":0,
            "500m이내은행수":0,
            "500m이내병원수":4,
            "5km이내대형병원수":7,
            "500m이내공원수":0,
            "3km이내혐오시설수":0,
            "초등학교학업성취도":82.94,
            "중학교학업성취도":66.9,
            "용적률":218,
            "건폐율":46,
            "Y":37.503814,
            "X":126.842511,
            "rank":174.0,
            "area_info":"17평(57.89), 19평(63.28), 22평(74.56)",
            "last_sales":"2020-12-23,27200.0,22평(74.56)"
        },
        {
            "index":775,
            "아파트명":"항동제일풍경채포레스트",
            "투자타입":"일반",
            "전용면적(m2)":"109.24",
            "전용면적(평)":"33평",
            "법정동주소":"서울시 구로구 항동 항동지구7블록",
            "도로명주소":"서울시 구로구 부광로 96-16",
            "세대수":30,
            "입주년차":100,
            "용적률점수":"--",
            "건폐율점수":"--",
            "세대당주차수":60,
            "난방방식":100,
            "공급면적":"--",
            "전용률":"--",
            "욕실수":100,
            "현관타입":100,
            "주거총점":69.5,
            "지역구공급총점":100.0,
            "역세권":0,
            "30분내 이동가능 거점":0,
            "1시간내 이동가능 거점":50,
            "교통총점":10.0,
            "백화점":0,
            "아울렛몰":0,
            "대형마트":0,
            "은행":0,
            "병원":0,
            "종합병원":100,
            "공원":0,
            "혐오시설":0,
            "인프라총점":20.0,
            "초등학군":100.0,
            "중학군":42.66,
            "학군총점":54.128,
            "인구수":45.37,
            "인구증감":-13.51,
            "인구총점":27.706,
            "일자리":29.7,
            "소득수준":57.74,
            "일자리총점":38.112,
            "가치 총점":31.5192,
            "매매실거래년":"18000101",
            "매매실거래가":null,
            "전세실거래년":null,
            "전세실거래가":null,
            "전세가율":null,
            "장기전세가율평균":69.69,
            "전세가율거품지수":null,
            "검색코드":119598,
            "세대수":345.0,
            "준공년월":"2020-02-27",
            "준공년차":3.0,
            "가까운역이름":"역곡",
            "가까운역거리":1110.0,
            "역세권여부":"비역세권",
            "30분이내주요거점역":0,
            "1시간이내주요거점역":5,
            "3km이내백화점수":0,
            "5km이내아울렛몰수":0,
            "1km이내대형먀트수":0,
            "500m이내은행수":0,
            "500m이내병원수":0,
            "5km이내대형병원수":6,
            "500m이내공원수":0,
            "3km이내혐오시설수":0,
            "초등학교학업성취도":100.0,
            "중학교학업성취도":68.9,
            "용적률":219,
            "건폐율":22,
            "Y":37.475854,
            "X":126.815995,
            "rank":175.0,
            "area_info":"33평(109.24), 33평(110.19), 39평(130.52)",
            "last_sales":"1800-01-01,nan,33평(109.24)"
        },
        {
            "index":740,
            "아파트명":"매화",
            "투자타입":"일반",
            "전용면적(m2)":"69.56",
            "전용면적(평)":"21평",
            "법정동주소":"서울시 구로구 항동 232",
            "도로명주소":"서울시 구로구 연동로 169",
            "세대수":0,
            "입주년차":0,
            "용적률점수":"--",
            "건폐율점수":"--",
            "세대당주차수":0,
            "난방방식":30,
            "공급면적":"--",
            "전용률":"--",
            "욕실수":50,
            "현관타입":100,
            "주거총점":18.0,
            "지역구공급총점":100.0,
            "역세권":0,
            "30분내 이동가능 거점":20,
            "1시간내 이동가능 거점":70,
            "교통총점":20.0,
            "백화점":0,
            "아울렛몰":0,
            "대형마트":0,
            "은행":0,
            "병원":10,
            "종합병원":100,
            "공원":0,
            "혐오시설":0,
            "인프라총점":21.0,
            "초등학군":100.0,
            "중학군":42.66,
            "학군총점":54.128,
            "인구수":45.37,
            "인구증감":-13.51,
            "인구총점":27.706,
            "일자리":29.7,
            "소득수준":57.74,
            "일자리총점":38.112,
            "가치 총점":25.0192,
            "매매실거래년":"18000101",
            "매매실거래가":null,
            "전세실거래년":null,
            "전세실거래가":null,
            "전세가율":null,
            "장기전세가율평균":69.69,
            "전세가율거품지수":null,
            "검색코드":17106,
            "세대수":146.0,
            "준공년월":"1996-09-14",
            "준공년차":27.0,
            "가까운역이름":"역곡",
            "가까운역거리":1363.27,
            "역세권여부":"비역세권",
            "30분이내주요거점역":1,
            "1시간이내주요거점역":7,
            "3km이내백화점수":0,
            "5km이내아울렛몰수":0,
            "1km이내대형먀트수":0,
            "500m이내은행수":0,
            "500m이내병원수":4,
            "5km이내대형병원수":7,
            "500m이내공원수":0,
            "3km이내혐오시설수":0,
            "초등학교학업성취도":100.0,
            "중학교학업성취도":68.9,
            "용적률":108,
            "건폐율":34,
            "Y":37.476367,
            "X":126.822245,
            "rank":176.0,
            "area_info":"21평(69.56), 21평(69.52)",
            "last_sales":"1800-01-01,nan,21평(69.56)"
        }
    ]
}