{
    "schema":{
        "fields":[
            {
                "name":"index",
                "type":"integer"
            },
            {
                "name":"아파트명",
                "type":"string"
            },
            {
                "name":"투자타입",
                "type":"string"
            },
            {
                "name":"전용면적(m2)",
                "type":"string"
            },
            {
                "name":"전용면적(평)",
                "type":"string"
            },
            {
                "name":"법정동주소",
                "type":"string"
            },
            {
                "name":"도로명주소",
                "type":"string"
            },
            {
                "name":"세대수",
                "type":"integer"
            },
            {
                "name":"입주년차",
                "type":"string"
            },
            {
                "name":"용적률점수",
                "type":"string"
            },
            {
                "name":"건폐율점수",
                "type":"string"
            },
            {
                "name":"세대당주차수",
                "type":"string"
            },
            {
                "name":"난방방식",
                "type":"string"
            },
            {
                "name":"공급면적",
                "type":"string"
            },
            {
                "name":"전용률",
                "type":"string"
            },
            {
                "name":"욕실수",
                "type":"string"
            },
            {
                "name":"현관타입",
                "type":"string"
            },
            {
                "name":"주거총점",
                "type":"number"
            },
            {
                "name":"지역구공급총점",
                "type":"number"
            },
            {
                "name":"역세권",
                "type":"integer"
            },
            {
                "name":"30분내 이동가능 거점",
                "type":"integer"
            },
            {
                "name":"1시간내 이동가능 거점",
                "type":"integer"
            },
            {
                "name":"교통총점",
                "type":"number"
            },
            {
                "name":"백화점",
                "type":"integer"
            },
            {
                "name":"아울렛몰",
                "type":"integer"
            },
            {
                "name":"대형마트",
                "type":"integer"
            },
            {
                "name":"은행",
                "type":"integer"
            },
            {
                "name":"병원",
                "type":"integer"
            },
            {
                "name":"종합병원",
                "type":"integer"
            },
            {
                "name":"공원",
                "type":"integer"
            },
            {
                "name":"혐오시설",
                "type":"integer"
            },
            {
                "name":"인프라총점",
                "type":"number"
            },
            {
                "name":"초등학군",
                "type":"number"
            },
            {
                "name":"중학군",
                "type":"number"
            },
            {
                "name":"학군총점",
                "type":"number"
            },
            {
                "name":"인구수",
                "type":"number"
            },
            {
                "name":"인구증감",
                "type":"number"
            },
            {
                "name":"인구총점",
                "type":"number"
            },
            {
                "name":"일자리",
                "type":"number"
            },
            {
                "name":"소득수준",
                "type":"number"
            },
            {
                "name":"일자리총점",
                "type":"number"
            },
            {
                "name":"가치 총점",
                "type":"number"
            },
            {
                "name":"매매실거래년",
                "type":"string"
            },
            {
                "name":"매매실거래가",
                "type":"number"
            },
            {
                "name":"전세실거래년",
                "type":"number"
            },
            {
                "name":"전세실거래가",
                "type":"number"
            },
            {
                "name":"전세가율",
                "type":"number"
            },
            {
                "name":"장기전세가율평균",
                "type":"number"
            },
            {
                "name":"전세가율거품지수",
                "type":"number"
            },
            {
                "name":"검색코드",
                "type":"integer"
            },
            {
                "name":"세대수",
                "type":"number"
            },
            {
                "name":"준공년월",
                "type":"string"
            },
            {
                "name":"준공년차",
                "type":"number"
            },
            {
                "name":"가까운역이름",
                "type":"string"
            },
            {
                "name":"가까운역거리",
                "type":"number"
            },
            {
                "name":"역세권여부",
                "type":"string"
            },
            {
                "name":"30분이내주요거점역",
                "type":"integer"
            },
            {
                "name":"1시간이내주요거점역",
                "type":"integer"
            },
            {
                "name":"3km이내백화점수",
                "type":"integer"
            },
            {
                "name":"5km이내아울렛몰수",
                "type":"integer"
            },
            {
                "name":"1km이내대형먀트수",
                "type":"integer"
            },
            {
                "name":"500m이내은행수",
                "type":"integer"
            },
            {
                "name":"500m이내병원수",
                "type":"integer"
            },
            {
                "name":"5km이내대형병원수",
                "type":"integer"
            },
            {
                "name":"500m이내공원수",
                "type":"integer"
            },
            {
                "name":"3km이내혐오시설수",
                "type":"integer"
            },
            {
                "name":"초등학교학업성취도",
                "type":"number"
            },
            {
                "name":"중학교학업성취도",
                "type":"number"
            },
            {
                "name":"용적률",
                "type":"integer"
            },
            {
                "name":"건폐율",
                "type":"integer"
            },
            {
                "name":"Y",
                "type":"number"
            },
            {
                "name":"X",
                "type":"number"
            },
            {
                "name":"rank",
                "type":"number"
            },
            {
                "name":"area_info",
                "type":"string"
            },
            {
                "name":"last_sales",
                "type":"string"
            }
        ],
        "primaryKey":[
            "index"
        ],
        "pandas_version":"1.4.0"
    },
    "data":[
        {
            "index":523,
            "아파트명":"보라매자이더포레스트",
            "투자타입":"일반",
            "전용면적(m2)":"85.97",
            "전용면적(평)":"26평",
            "법정동주소":"서울시 동작구 신대방동 724",
            "도로명주소":"서울시 동작구 여의대방로22길 121",
            "세대수":90,
            "입주년차":100,
            "용적률점수":"--",
            "건폐율점수":"--",
            "세대당주차수":0,
            "난방방식":30,
            "공급면적":"--",
            "전용률":"--",
            "욕실수":100,
            "현관타입":100,
            "주거총점":74.5,
            "지역구공급총점":0.0,
            "역세권":80,
            "30분내 이동가능 거점":80,
            "1시간내 이동가능 거점":100,
            "교통총점":84.0,
            "백화점":100,
            "아울렛몰":100,
            "대형마트":0,
            "은행":70,
            "병원":100,
            "종합병원":100,
            "공원":100,
            "혐오시설":-100,
            "인프라총점":78.0,
            "초등학군":86.15,
            "중학군":47.9,
            "학군총점":55.55,
            "인구수":44.73,
            "인구증감":-10.33,
            "인구총점":28.212,
            "일자리":13.2,
            "소득수준":62.64,
            "일자리총점":28.032,
            "가치 총점":76.0325,
            "매매실거래년":"18000101",
            "매매실거래가":null,
            "전세실거래년":null,
            "전세실거래가":null,
            "전세가율":null,
            "장기전세가율평균":68.35,
            "전세가율거품지수":null,
            "검색코드":123898,
            "세대수":959.0,
            "준공년월":"2021-10-29",
            "준공년차":2.0,
            "가까운역이름":"신대방삼거리",
            "가까운역거리":234.4,
            "역세권여부":"역세권",
            "30분이내주요거점역":4,
            "1시간이내주요거점역":18,
            "3km이내백화점수":3,
            "5km이내아울렛몰수":2,
            "1km이내대형먀트수":0,
            "500m이내은행수":3,
            "500m이내병원수":60,
            "5km이내대형병원수":11,
            "500m이내공원수":3,
            "3km이내혐오시설수":2,
            "초등학교학업성취도":86.15,
            "중학교학업성취도":79.1,
            "용적률":462,
            "건폐율":49,
            "Y":37.498497,
            "X":126.926095,
            "rank":1.0,
            "area_info":"26평(85.97), 26평(86.62), 26평(86.61), 26평(86.99), 26평(86.91), 33평(110.29), 36평(120.83)",
            "last_sales":"1800-01-01,nan,26평(85.97)"
        },
        {
            "index":462,
            "아파트명":"힐스테이트상도센트럴파크",
            "투자타입":"일반",
            "전용면적(m2)":"82.99",
            "전용면적(평)":"25평",
            "법정동주소":"서울시 동작구 상도동 531",
            "도로명주소":"서울시 동작구 상도로 346-1",
            "세대수":100,
            "입주년차":60,
            "용적률점수":"--",
            "건폐율점수":"--",
            "세대당주차수":30,
            "난방방식":30,
            "공급면적":"--",
            "전용률":"--",
            "욕실수":100,
            "현관타입":100,
            "주거총점":74.5,
            "지역구공급총점":0.0,
            "역세권":80,
            "30분내 이동가능 거점":100,
            "1시간내 이동가능 거점":100,
            "교통총점":90.0,
            "백화점":100,
            "아울렛몰":0,
            "대형마트":0,
            "은행":70,
            "병원":60,
            "종합병원":100,
            "공원":80,
            "혐오시설":0,
            "인프라총점":65.4,
            "초등학군":83.61,
            "중학군":50.2,
            "학군총점":56.882,
            "인구수":44.73,
            "인구증감":-10.33,
            "인구총점":28.212,
            "일자리":13.2,
            "소득수준":62.64,
            "일자리총점":28.032,
            "가치 총점":74.5523,
            "매매실거래년":20211106.0,
            "매매실거래가":143000.0,
            "전세실거래년":20220112.0,
            "전세실거래가":69000.0,
            "전세가율":48.25,
            "장기전세가율평균":68.35,
            "전세가율거품지수":20.1,
            "검색코드":22491,
            "세대수":1559.0,
            "준공년월":"2012-09-25",
            "준공년차":11.0,
            "가까운역이름":"숭실대입구",
            "가까운역거리":236.76,
            "역세권여부":"역세권",
            "30분이내주요거점역":5,
            "1시간이내주요거점역":17,
            "3km이내백화점수":1,
            "5km이내아울렛몰수":0,
            "1km이내대형먀트수":0,
            "500m이내은행수":3,
            "500m이내병원수":24,
            "5km이내대형병원수":11,
            "500m이내공원수":1,
            "3km이내혐오시설수":0,
            "초등학교학업성취도":83.61,
            "중학교학업성취도":82.6,
            "용적률":222,
            "건폐율":21,
            "Y":37.49583,
            "X":126.95115,
            "rank":2.0,
            "area_info":"25평(82.99), 25평(83.62), 25평(83.37), 33평(109.19), 33평(109.59), 33평(109.1), 43평(143.72), 43평(144.18), 43평(144.13)",
            "last_sales":"2021-11-06,143000.0,25평(82.99)"
        },
        {
            "index":317,
            "아파트명":"래미안상도3차",
            "투자타입":"일반",
            "전용면적(m2)":"76.8",
            "전용면적(평)":"23평",
            "법정동주소":"서울시 동작구 상도동 431",
            "도로명주소":"서울시 동작구 상도로53길 8",
            "세대수":100,
            "입주년차":40,
            "용적률점수":"--",
            "건폐율점수":"--",
            "세대당주차수":60,
            "난방방식":30,
            "공급면적":"--",
            "전용률":"--",
            "욕실수":100,
            "현관타입":100,
            "주거총점":75.0,
            "지역구공급총점":0.0,
            "역세권":80,
            "30분내 이동가능 거점":80,
            "1시간내 이동가능 거점":100,
            "교통총점":84.0,
            "백화점":100,
            "아울렛몰":0,
            "대형마트":0,
            "은행":70,
            "병원":60,
            "종합병원":100,
            "공원":100,
            "혐오시설":0,
            "인프라총점":66.0,
            "초등학군":83.61,
            "중학군":49.5,
            "학군총점":56.322,
            "인구수":44.73,
            "인구증감":-10.33,
            "인구총점":28.212,
            "일자리":13.2,
            "소득수준":62.64,
            "일자리총점":28.032,
            "가치 총점":72.6483,
            "매매실거래년":20211217.0,
            "매매실거래가":145000.0,
            "전세실거래년":20211224.0,
            "전세실거래가":70000.0,
            "전세가율":56.0,
            "장기전세가율평균":68.35,
            "전세가율거품지수":12.35,
            "검색코드":9194,
            "세대수":1656.0,
            "준공년월":"2004-12-24",
            "준공년차":19.0,
            "가까운역이름":"숭실대입구",
            "가까운역거리":400.35,
            "역세권여부":"역세권",
            "30분이내주요거점역":4,
            "1시간이내주요거점역":17,
            "3km이내백화점수":1,
            "5km이내아울렛몰수":0,
            "1km이내대형먀트수":0,
            "500m이내은행수":4,
            "500m이내병원수":28,
            "5km이내대형병원수":11,
            "500m이내공원수":3,
            "3km이내혐오시설수":0,
            "초등학교학업성취도":83.61,
            "중학교학업성취도":80.5,
            "용적률":229,
            "건폐율":20,
            "Y":37.499545,
            "X":126.954799,
            "rank":3.0,
            "area_info":"23평(76.8), 32평(106.45), 42평(139.88), 49평(164.03), 59평(198.01)",
            "last_sales":"2021-12-17,145000.0,42평(139.88)"
        },
        {
            "index":33,
            "아파트명":"대방경남아너스빌",
            "투자타입":"일반",
            "전용면적(m2)":"103.16",
            "전용면적(평)":"31평",
            "법정동주소":"서울시 동작구 대방동 512",
            "도로명주소":"서울시 동작구 여의대방로54길 6",
            "세대수":0,
            "입주년차":40,
            "용적률점수":"--",
            "건폐율점수":"--",
            "세대당주차수":30,
            "난방방식":30,
            "공급면적":"--",
            "전용률":"--",
            "욕실수":100,
            "현관타입":100,
            "주거총점":35.5,
            "지역구공급총점":0.0,
            "역세권":80,
            "30분내 이동가능 거점":100,
            "1시간내 이동가능 거점":100,
            "교통총점":90.0,
            "백화점":100,
            "아울렛몰":80,
            "대형마트":80,
            "은행":20,
            "병원":30,
            "종합병원":100,
            "공원":0,
            "혐오시설":0,
            "인프라총점":75.0,
            "초등학군":92.91,
            "중학군":58.02,
            "학군총점":64.998,
            "인구수":44.73,
            "인구증감":-10.33,
            "인구총점":28.212,
            "일자리":13.2,
            "소득수준":62.64,
            "일자리총점":28.032,
            "가치 총점":70.8497,
            "매매실거래년":20210828.0,
            "매매실거래가":136800.0,
            "전세실거래년":20211104.0,
            "전세실거래가":81000.0,
            "전세가율":65.85,
            "장기전세가율평균":68.35,
            "전세가율거품지수":2.5,
            "검색코드":18966,
            "세대수":163.0,
            "준공년월":"2006-03-27",
            "준공년차":17.0,
            "가까운역이름":"대방",
            "가까운역거리":235.32,
            "역세권여부":"역세권",
            "30분이내주요거점역":6,
            "1시간이내주요거점역":18,
            "3km이내백화점수":4,
            "5km이내아울렛몰수":1,
            "1km이내대형먀트수":1,
            "500m이내은행수":2,
            "500m이내병원수":7,
            "5km이내대형병원수":12,
            "500m이내공원수":0,
            "3km이내혐오시설수":0,
            "초등학교학업성취도":92.91,
            "중학교학업성취도":93.7,
            "용적률":249,
            "건폐율":24,
            "Y":37.511444,
            "X":126.925202,
            "rank":4.0,
            "area_info":"31평(103.16), 31평(103.7), 31평(104.28), 31평(104.7)",
            "last_sales":"2021-08-28,136800.0,31평(104.7)"
        },
        {
            "index":31,
            "아파트명":"대방e-편한세상1차",
            "투자타입":"일반",
            "전용면적(m2)":"105.83",
            "전용면적(평)":"32평",
            "법정동주소":"서울시 동작구 대방동 508",
            "도로명주소":"서울시 동작구 알마타길 37",
            "세대수":50,
            "입주년차":20,
            "용적률점수":"--",
            "건폐율점수":"--",
            "세대당주차수":30,
            "난방방식":30,
            "공급면적":"--",
            "전용률":"--",
            "욕실수":100,
            "현관타입":100,
            "주거총점":49.0,
            "지역구공급총점":0.0,
            "역세권":80,
            "30분내 이동가능 거점":100,
            "1시간내 이동가능 거점":100,
            "교통총점":90.0,
            "백화점":100,
            "아울렛몰":0,
            "대형마트":80,
            "은행":0,
            "병원":30,
            "종합병원":100,
            "공원":0,
            "혐오시설":0,
            "인프라총점":65.0,
            "초등학군":92.91,
            "중학군":58.02,
            "학군총점":64.998,
            "인구수":44.73,
            "인구증감":-10.33,
            "인구총점":28.212,
            "일자리":13.2,
            "소득수준":62.64,
            "일자리총점":28.032,
            "가치 총점":70.5497,
            "매매실거래년":20211109.0,
            "매매실거래가":147950.0,
            "전세실거래년":20220103.0,
            "전세실거래가":75000.0,
            "전세가율":50.69,
            "장기전세가율평균":68.35,
            "전세가율거품지수":17.66,
            "검색코드":3381,
            "세대수":609.0,
            "준공년월":"2003-06-30",
            "준공년차":20.0,
            "가까운역이름":"대방",
            "가까운역거리":296.27,
            "역세권여부":"역세권",
            "30분이내주요거점역":6,
            "1시간이내주요거점역":18,
            "3km이내백화점수":4,
            "5km이내아울렛몰수":0,
            "1km이내대형먀트수":1,
            "500m이내은행수":0,
            "500m이내병원수":6,
            "5km이내대형병원수":12,
            "500m이내공원수":0,
            "3km이내혐오시설수":0,
            "초등학교학업성취도":92.91,
            "중학교학업성취도":93.7,
            "용적률":289,
            "건폐율":21,
            "Y":37.511976,
            "X":126.929266,
            "rank":5.0,
            "area_info":"32평(105.83)",
            "last_sales":"2021-11-09,147950.0,32평(105.83)"
        },
        {
            "index":591,
            "아파트명":"아크로리버하임",
            "투자타입":"일반",
            "전용면적(m2)":"80.1",
            "전용면적(평)":"24평",
            "법정동주소":"서울시 동작구 흑석동 341",
            "도로명주소":"서울시 동작구 현충로 52",
            "세대수":90,
            "입주년차":100,
            "용적률점수":"--",
            "건폐율점수":"--",
            "세대당주차수":30,
            "난방방식":30,
            "공급면적":"--",
            "전용률":"--",
            "욕실수":100,
            "현관타입":100,
            "주거총점":79.0,
            "지역구공급총점":0.0,
            "역세권":80,
            "30분내 이동가능 거점":100,
            "1시간내 이동가능 거점":100,
            "교통총점":90.0,
            "백화점":0,
            "아울렛몰":0,
            "대형마트":80,
            "은행":70,
            "병원":80,
            "종합병원":100,
            "공원":100,
            "혐오시설":-100,
            "인프라총점":48.0,
            "초등학군":89.65,
            "중학군":48.82,
            "학군총점":56.986,
            "인구수":44.73,
            "인구증감":-10.33,
            "인구총점":28.212,
            "일자리":13.2,
            "소득수준":62.64,
            "일자리총점":28.032,
            "가치 총점":70.2479,
            "매매실거래년":20211229.0,
            "매매실거래가":181000.0,
            "전세실거래년":20211230.0,
            "전세실거래가":100000.0,
            "전세가율":55.25,
            "장기전세가율평균":68.35,
            "전세가율거품지수":13.1,
            "검색코드":113292,
            "세대수":1073.0,
            "준공년월":"2019-12-24",
            "준공년차":4.0,
            "가까운역이름":"흑석",
            "가까운역거리":261.64,
            "역세권여부":"역세권",
            "30분이내주요거점역":5,
            "1시간이내주요거점역":17,
            "3km이내백화점수":0,
            "5km이내아울렛몰수":0,
            "1km이내대형먀트수":1,
            "500m이내은행수":3,
            "500m이내병원수":30,
            "5km이내대형병원수":9,
            "500m이내공원수":4,
            "3km이내혐오시설수":2,
            "초등학교학업성취도":89.65,
            "중학교학업성취도":79.5,
            "용적률":205,
            "건폐율":30,
            "Y":37.510134,
            "X":126.961291,
            "rank":6.0,
            "area_info":"24평(80.1), 24평(81.04), 29평(97.59), 34평(112.91), 34평(112.55), 34평(112.55), 34평(113.9), 45평(149.62), 45평(150.55), 54평(179.73)",
            "last_sales":"2021-12-29,181000.0,24평(80.1)"
        },
        {
            "index":471,
            "아파트명":"힐스테이트상도프레스티지",
            "투자타입":"일반",
            "전용면적(m2)":"82.35",
            "전용면적(평)":"24평",
            "법정동주소":"서울시 동작구 상도동 533",
            "도로명주소":"서울시 동작구 상도로 346-2",
            "세대수":80,
            "입주년차":60,
            "용적률점수":"--",
            "건폐율점수":"--",
            "세대당주차수":60,
            "난방방식":30,
            "공급면적":"--",
            "전용률":"--",
            "욕실수":100,
            "현관타입":100,
            "주거총점":72.0,
            "지역구공급총점":0.0,
            "역세권":80,
            "30분내 이동가능 거점":60,
            "1시간내 이동가능 거점":100,
            "교통총점":78.0,
            "백화점":100,
            "아울렛몰":0,
            "대형마트":0,
            "은행":70,
            "병원":60,
            "종합병원":100,
            "공원":100,
            "혐오시설":0,
            "인프라총점":66.0,
            "초등학군":83.61,
            "중학군":50.2,
            "학군총점":56.882,
            "인구수":44.73,
            "인구증감":-10.33,
            "인구총점":28.212,
            "일자리":13.2,
            "소득수준":62.64,
            "일자리총점":28.032,
            "가치 총점":70.0323,
            "매매실거래년":20211004.0,
            "매매실거래가":195200.0,
            "전세실거래년":20210320.0,
            "전세실거래가":51450.0,
            "전세가율":41.83,
            "장기전세가율평균":68.35,
            "전세가율거품지수":26.52,
            "검색코드":22846,
            "세대수":882.0,
            "준공년월":"2013-08-14",
            "준공년차":10.0,
            "가까운역이름":"숭실대입구",
            "가까운역거리":431.07,
            "역세권여부":"역세권",
            "30분이내주요거점역":3,
            "1시간이내주요거점역":17,
            "3km이내백화점수":1,
            "5km이내아울렛몰수":0,
            "1km이내대형먀트수":0,
            "500m이내은행수":3,
            "500m이내병원수":25,
            "5km이내대형병원수":11,
            "500m이내공원수":2,
            "3km이내혐오시설수":0,
            "초등학교학업성취도":83.61,
            "중학교학업성취도":82.6,
            "용적률":202,
            "건폐율":18,
            "Y":37.49643,
            "X":126.948962,
            "rank":7.0,
            "area_info":"24평(82.35), 33평(110.48), 34평(112.78), 34평(112.56), 34평(112.5), 34평(113.28), 45평(150.3), 45평(150.75), 46평(152.78), 46평(152.36)",
            "last_sales":"2021-10-04,195200.0,46평(152.78)"
        },
        {
            "index":109,
            "아파트명":"래미안트윈파크",
            "투자타입":"일반",
            "전용면적(m2)":"80.99",
            "전용면적(평)":"24평",
            "법정동주소":"서울시 동작구 본동 494",
            "도로명주소":"서울시 동작구 노량진로23가길 23",
            "세대수":50,
            "입주년차":60,
            "용적률점수":"--",
            "건폐율점수":"--",
            "세대당주차수":30,
            "난방방식":30,
            "공급면적":"--",
            "전용률":"--",
            "욕실수":100,
            "현관타입":100,
            "주거총점":57.0,
            "지역구공급총점":0.0,
            "역세권":80,
            "30분내 이동가능 거점":100,
            "1시간내 이동가능 거점":100,
            "교통총점":90.0,
            "백화점":100,
            "아울렛몰":80,
            "대형마트":0,
            "은행":0,
            "병원":10,
            "종합병원":100,
            "공원":100,
            "혐오시설":-50,
            "인프라총점":61.0,
            "초등학군":84.98,
            "중학군":48.82,
            "학군총점":56.052,
            "인구수":44.73,
            "인구증감":-10.33,
            "인구총점":28.212,
            "일자리":13.2,
            "소득수준":62.64,
            "일자리총점":28.032,
            "가치 총점":69.6078,
            "매매실거래년":20211123.0,
            "매매실거래가":235000.0,
            "전세실거래년":20211220.0,
            "전세실거래가":76000.0,
            "전세가율":56.3,
            "장기전세가율평균":68.35,
            "전세가율거품지수":12.05,
            "검색코드":100694,
            "세대수":523.0,
            "준공년월":"2011-11-04",
            "준공년차":12.0,
            "가까운역이름":"노들",
            "가까운역거리":280.1,
            "역세권여부":"역세권",
            "30분이내주요거점역":7,
            "1시간이내주요거점역":18,
            "3km이내백화점수":1,
            "5km이내아울렛몰수":1,
            "1km이내대형먀트수":0,
            "500m이내은행수":0,
            "500m이내병원수":4,
            "5km이내대형병원수":9,
            "500m이내공원수":3,
            "3km이내혐오시설수":1,
            "초등학교학업성취도":84.98,
            "중학교학업성취도":79.5,
            "용적률":250,
            "건폐율":14,
            "Y":37.51414,
            "X":126.950467,
            "rank":8.0,
            "area_info":"24평(80.99), 24평(80.24), 32평(107.2), 32평(108.5), 42평(139.36), 42평(142.0)",
            "last_sales":"2021-11-23,235000.0,42평(142.0)"
        },
        {
            "index":411,
            "아파트명":"상도역롯데캐슬파크엘",
            "투자타입":"일반",
            "전용면적(m2)":"80.48",
            "전용면적(평)":"24평",
            "법정동주소":"서울시 동작구 상도동 904",
            "도로명주소":"서울시 동작구 양녕로 220",
            "세대수":90,
            "입주년차":100,
            "용적률점수":"--",
            "건폐율점수":"--",
            "세대당주차수":30,
            "난방방식":30,
            "공급면적":"--",
            "전용률":"--",
            "욕실수":100,
            "현관타입":100,
            "주거총점":79.0,
            "지역구공급총점":0.0,
            "역세권":80,
            "30분내 이동가능 거점":60,
            "1시간내 이동가능 거점":100,
            "교통총점":78.0,
            "백화점":100,
            "아울렛몰":0,
            "대형마트":0,
            "은행":0,
            "병원":80,
            "종합병원":100,
            "공원":100,
            "혐오시설":0,
            "인프라총점":61.0,
            "초등학군":85.13,
            "중학군":47.1,
            "학군총점":54.706,
            "인구수":44.73,
            "인구증감":-10.33,
            "인구총점":28.212,
            "일자리":13.2,
            "소득수준":62.64,
            "일자리총점":28.032,
            "가치 총점":69.6059,
            "매매실거래년":20210722.0,
            "매매실거래가":102900.0,
            "전세실거래년":20211219.0,
            "전세실거래가":75000.0,
            "전세가율":72.89,
            "장기전세가율평균":68.35,
            "전세가율거품지수":-4.54,
            "검색코드":133962,
            "세대수":950.0,
            "준공년월":"2021-02-18",
            "준공년차":2.0,
            "가까운역이름":"상도",
            "가까운역거리":240.45,
            "역세권여부":"역세권",
            "30분이내주요거점역":3,
            "1시간이내주요거점역":16,
            "3km이내백화점수":1,
            "5km이내아울렛몰수":0,
            "1km이내대형먀트수":0,
            "500m이내은행수":1,
            "500m이내병원수":33,
            "5km이내대형병원수":10,
            "500m이내공원수":3,
            "3km이내혐오시설수":0,
            "초등학교학업성취도":85.13,
            "중학교학업성취도":77.5,
            "용적률":221,
            "건폐율":20,
            "Y":37.500753,
            "X":126.947169,
            "rank":9.0,
            "area_info":"24평(80.48), 24평(81.53), 24평(81.0), 29평(97.34), 29평(98.47), 33평(109.34), 33평(110.67), 33평(110.03), 33평(111.52), 42평(140.9), 42평(141.13)",
            "last_sales":"2021-07-22,102900.0,24평(80.48)"
        },
        {
            "index":293,
            "아파트명":"e편한세상상도노빌리티",
            "투자타입":"일반",
            "전용면적(m2)":"84.63",
            "전용면적(평)":"25평",
            "법정동주소":"서울시 동작구 상도동 903",
            "도로명주소":"서울시 동작구 만양로 6",
            "세대수":80,
            "입주년차":80,
            "용적률점수":"--",
            "건폐율점수":"--",
            "세대당주차수":60,
            "난방방식":30,
            "공급면적":"--",
            "전용률":"--",
            "욕실수":100,
            "현관타입":100,
            "주거총점":76.0,
            "지역구공급총점":0.0,
            "역세권":80,
            "30분내 이동가능 거점":60,
            "1시간내 이동가능 거점":100,
            "교통총점":78.0,
            "백화점":100,
            "아울렛몰":0,
            "대형마트":0,
            "은행":0,
            "병원":80,
            "종합병원":100,
            "공원":100,
            "혐오시설":0,
            "인프라총점":61.0,
            "초등학군":87.47,
            "중학군":47.1,
            "학군총점":55.174,
            "인구수":44.73,
            "인구증감":-10.33,
            "인구총점":28.212,
            "일자리":13.2,
            "소득수준":62.64,
            "일자리총점":28.032,
            "가치 총점":69.0761,
            "매매실거래년":20211217.0,
            "매매실거래가":146000.0,
            "전세실거래년":20220110.0,
            "전세실거래가":73500.0,
            "전세가율":50.34,
            "장기전세가율평균":68.35,
            "전세가율거품지수":18.01,
            "검색코드":113097,
            "세대수":893.0,
            "준공년월":"2018-12-03",
            "준공년차":5.0,
            "가까운역이름":"상도",
            "가까운역거리":248.03,
            "역세권여부":"역세권",
            "30분이내주요거점역":3,
            "1시간이내주요거점역":17,
            "3km이내백화점수":2,
            "5km이내아울렛몰수":0,
            "1km이내대형먀트수":0,
            "500m이내은행수":0,
            "500m이내병원수":32,
            "5km이내대형병원수":10,
            "500m이내공원수":7,
            "3km이내혐오시설수":0,
            "초등학교학업성취도":87.47,
            "중학교학업성취도":77.5,
            "용적률":244,
            "건폐율":18,
            "Y":37.505046,
            "X":126.947548,
            "rank":10.0,
            "area_info":"25평(84.63), 25평(84.69), 25평(84.92), 34평(112.61), 34평(112.61), 34평(112.95), 34평(112.95), 34평(112.99), 34평(112.99), 42평(140.23)",
            "last_sales":"2021-12-17,146000.0,25평(84.63)"
        },
        {
            "index":155,
            "아파트명":"대림",
            "투자타입":"재건축",
            "전용면적(m2)":"80.93",
            "전용면적(평)":"24평",
            "법정동주소":"서울시 동작구 사당동 169-8",
            "도로명주소":"서울시 동작구 사당로17길 52",
            "세대수":90,
            "입주년차":"--",
            "용적률점수":80,
            "건폐율점수":100,
            "세대당주차수":"--",
            "난방방식":"--",
            "공급면적":50,
            "전용률":60,
            "욕실수":"--",
            "현관타입":"--",
            "주거총점":84.5,
            "지역구공급총점":0.0,
            "역세권":80,
            "30분내 이동가능 거점":100,
            "1시간내 이동가능 거점":100,
            "교통총점":90.0,
            "백화점":0,
            "아울렛몰":0,
            "대형마트":80,
            "은행":0,
            "병원":80,
            "종합병원":100,
            "공원":100,
            "혐오시설":0,
            "인프라총점":43.0,
            "초등학군":80.99,
            "중학군":42.74,
            "학군총점":50.39,
            "인구수":44.73,
            "인구증감":-10.33,
            "인구총점":28.212,
            "일자리":13.2,
            "소득수준":62.64,
            "일자리총점":28.032,
            "가치 총점":68.8585,
            "매매실거래년":20210810.0,
            "매매실거래가":117000.0,
            "전세실거래년":20211221.0,
            "전세실거래가":49000.0,
            "전세가율":41.88,
            "장기전세가율평균":68.35,
            "전세가율거품지수":26.47,
            "검색코드":375,
            "세대수":1152.0,
            "준공년월":"1990-08-07",
            "준공년차":33.0,
            "가까운역이름":"남성",
            "가까운역거리":243.77,
            "역세권여부":"역세권",
            "30분이내주요거점역":5,
            "1시간이내주요거점역":17,
            "3km이내백화점수":0,
            "5km이내아울렛몰수":0,
            "1km이내대형먀트수":1,
            "500m이내은행수":1,
            "500m이내병원수":45,
            "5km이내대형병원수":5,
            "500m이내공원수":5,
            "3km이내혐오시설수":0,
            "초등학교학업성취도":80.99,
            "중학교학업성취도":70.9,
            "용적률":208,
            "건폐율":19,
            "Y":37.486217,
            "X":126.973111,
            "rank":11.0,
            "area_info":"24평(80.93), 31평(103.71), 43평(145.4)",
            "last_sales":"2021-08-10,117000.0,24평(80.93)"
        },
        {
            "index":489,
            "아파트명":"동작상떼빌",
            "투자타입":"일반",
            "전용면적(m2)":"106.47",
            "전용면적(평)":"32평",
            "법정동주소":"서울시 동작구 신대방동 719",
            "도로명주소":"서울시 동작구 신대방1가길 38",
            "세대수":50,
            "입주년차":40,
            "용적률점수":"--",
            "건폐율점수":"--",
            "세대당주차수":100,
            "난방방식":30,
            "공급면적":"--",
            "전용률":"--",
            "욕실수":100,
            "현관타입":100,
            "주거총점":63.5,
            "지역구공급총점":0.0,
            "역세권":50,
            "30분내 이동가능 거점":60,
            "1시간내 이동가능 거점":100,
            "교통총점":63.0,
            "백화점":100,
            "아울렛몰":100,
            "대형마트":100,
            "은행":70,
            "병원":60,
            "종합병원":100,
            "공원":100,
            "혐오시설":0,
            "인프라총점":91.0,
            "초등학군":79.45,
            "중학군":36.18,
            "학군총점":44.834,
            "인구수":44.73,
            "인구증감":-10.33,
            "인구총점":28.212,
            "일자리":13.2,
            "소득수준":62.64,
            "일자리총점":28.032,
            "가치 총점":68.7751,
            "매매실거래년":20211210.0,
            "매매실거래가":132500.0,
            "전세실거래년":20220117.0,
            "전세실거래가":67000.0,
            "전세가율":61.75,
            "장기전세가율평균":68.35,
            "전세가율거품지수":6.6,
            "검색코드":13311,
            "세대수":545.0,
            "준공년월":"2006-08-25",
            "준공년차":17.0,
            "가까운역이름":"구로디지털단지",
            "가까운역거리":543.39,
            "역세권여부":"준역세권",
            "30분이내주요거점역":3,
            "1시간이내주요거점역":18,
            "3km이내백화점수":2,
            "5km이내아울렛몰수":2,
            "1km이내대형먀트수":3,
            "500m이내은행수":3,
            "500m이내병원수":20,
            "5km이내대형병원수":13,
            "500m이내공원수":3,
            "3km이내혐오시설수":0,
            "초등학교학업성취도":79.45,
            "중학교학업성취도":60.3,
            "용적률":519,
            "건폐율":29,
            "Y":37.487721,
            "X":126.906726,
            "rank":12.0,
            "area_info":"32평(106.47), 48평(161.1), 50평(165.89)",
            "last_sales":"2021-12-10,132500.0,50평(165.89)"
        },
        {
            "index":337,
            "아파트명":"상도더샵1차",
            "투자타입":"일반",
            "전용면적(m2)":"79.98",
            "전용면적(평)":"24평",
            "법정동주소":"서울시 동작구 상도동 521",
            "도로명주소":"서울시 동작구 장승배기로4길 9",
            "세대수":90,
            "입주년차":40,
            "용적률점수":"--",
            "건폐율점수":"--",
            "세대당주차수":60,
            "난방방식":30,
            "공급면적":"--",
            "전용률":"--",
            "욕실수":100,
            "현관타입":100,
            "주거총점":71.5,
            "지역구공급총점":0.0,
            "역세권":80,
            "30분내 이동가능 거점":60,
            "1시간내 이동가능 거점":100,
            "교통총점":78.0,
            "백화점":100,
            "아울렛몰":0,
            "대형마트":0,
            "은행":20,
            "병원":80,
            "종합병원":100,
            "공원":100,
            "혐오시설":0,
            "인프라총점":63.0,
            "초등학군":85.13,
            "중학군":47.1,
            "학군총점":54.706,
            "인구수":44.73,
            "인구증감":-10.33,
            "인구총점":28.212,
            "일자리":13.2,
            "소득수준":62.64,
            "일자리총점":28.032,
            "가치 총점":68.7059,
            "매매실거래년":20211116.0,
            "매매실거래가":124500.0,
            "전세실거래년":20211220.0,
            "전세실거래가":70000.0,
            "전세가율":56.22,
            "장기전세가율평균":68.35,
            "전세가율거품지수":12.13,
            "검색코드":22789,
            "세대수":1122.0,
            "준공년월":"2007-09-28",
            "준공년차":16.0,
            "가까운역이름":"상도",
            "가까운역거리":413.25,
            "역세권여부":"역세권",
            "30분이내주요거점역":3,
            "1시간이내주요거점역":16,
            "3km이내백화점수":2,
            "5km이내아울렛몰수":0,
            "1km이내대형먀트수":0,
            "500m이내은행수":2,
            "500m이내병원수":46,
            "5km이내대형병원수":10,
            "500m이내공원수":5,
            "3km이내혐오시설수":0,
            "초등학교학업성취도":85.13,
            "중학교학업성취도":77.5,
            "용적률":229,
            "건폐율":21,
            "Y":37.5022,
            "X":126.943294,
            "rank":13.0,
            "area_info":"24평(79.98), 24평(79.87), 24평(81.69), 32평(105.81), 32평(106.94), 37평(125.47), 49평(164.91), 54평(181.22), 59평(197.15)",
            "last_sales":"2021-11-16,124500.0,24평(79.98)"
        },
        {
            "index":115,
            "아파트명":"본동신동아",
            "투자타입":"일반",
            "전용면적(m2)":"60.24",
            "전용면적(평)":"18평",
            "법정동주소":"서울시 동작구 본동 481",
            "도로명주소":"서울시 동작구 매봉로 134",
            "세대수":80,
            "입주년차":0,
            "용적률점수":"--",
            "건폐율점수":"--",
            "세대당주차수":0,
            "난방방식":80,
            "공급면적":"--",
            "전용률":"--",
            "욕실수":50,
            "현관타입":10,
            "주거총점":42.0,
            "지역구공급총점":0.0,
            "역세권":80,
            "30분내 이동가능 거점":100,
            "1시간내 이동가능 거점":100,
            "교통총점":90.0,
            "백화점":100,
            "아울렛몰":0,
            "대형마트":80,
            "은행":0,
            "병원":30,
            "종합병원":100,
            "공원":100,
            "혐오시설":-50,
            "인프라총점":67.0,
            "초등학군":84.5,
            "중학군":48.82,
            "학군총점":55.956,
            "인구수":44.73,
            "인구증감":-10.33,
            "인구총점":28.212,
            "일자리":13.2,
            "소득수준":62.64,
            "일자리총점":28.032,
            "가치 총점":68.3934,
            "매매실거래년":20210914.0,
            "매매실거래가":104000.0,
            "전세실거래년":20211218.0,
            "전세실거래가":25000.0,
            "전세가율":31.85,
            "장기전세가율평균":68.35,
            "전세가율거품지수":36.5,
            "검색코드":372,
            "세대수":765.0,
            "준공년월":"1993-06-26",
            "준공년차":30.0,
            "가까운역이름":"노들",
            "가까운역거리":360.14,
            "역세권여부":"역세권",
            "30분이내주요거점역":5,
            "1시간이내주요거점역":17,
            "3km이내백화점수":1,
            "5km이내아울렛몰수":0,
            "1km이내대형먀트수":1,
            "500m이내은행수":0,
            "500m이내병원수":6,
            "5km이내대형병원수":11,
            "500m이내공원수":4,
            "3km이내혐오시설수":1,
            "초등학교학업성취도":84.5,
            "중학교학업성취도":79.5,
            "용적률":237,
            "건폐율":21,
            "Y":37.509888,
            "X":126.95168,
            "rank":14.0,
            "area_info":"18평(60.24), 23평(77.16), 33평(109.38), 37평(124.16)",
            "last_sales":"2021-09-14,104000.0,33평(109.38)"
        },
        {
            "index":243,
            "아파트명":"신동아4차",
            "투자타입":"일반",
            "전용면적(m2)":"60.15",
            "전용면적(평)":"18평",
            "법정동주소":"서울시 동작구 사당동 105",
            "도로명주소":"서울시 동작구 동작대로29길 110",
            "세대수":90,
            "입주년차":0,
            "용적률점수":"--",
            "건폐율점수":"--",
            "세대당주차수":0,
            "난방방식":100,
            "공급면적":"--",
            "전용률":"--",
            "욕실수":50,
            "현관타입":10,
            "주거총점":47.5,
            "지역구공급총점":0.0,
            "역세권":50,
            "30분내 이동가능 거점":100,
            "1시간내 이동가능 거점":100,
            "교통총점":75.0,
            "백화점":100,
            "아울렛몰":0,
            "대형마트":80,
            "은행":70,
            "병원":80,
            "종합병원":100,
            "공원":100,
            "혐오시설":0,
            "인프라총점":80.0,
            "초등학군":80.99,
            "중학군":51.76,
            "학군총점":57.606,
            "인구수":44.73,
            "인구증감":-10.33,
            "인구총점":28.212,
            "일자리":13.2,
            "소득수준":62.64,
            "일자리총점":28.032,
            "가치 총점":68.3909,
            "매매실거래년":20211127.0,
            "매매실거래가":125000.0,
            "전세실거래년":20211102.0,
            "전세실거래가":31500.0,
            "전세가율":33.87,
            "장기전세가율평균":68.35,
            "전세가율거품지수":34.48,
            "검색코드":378,
            "세대수":912.0,
            "준공년월":"1993-12-21",
            "준공년차":30.0,
            "가까운역이름":"남성",
            "가까운역거리":869.96,
            "역세권여부":"준역세권",
            "30분이내주요거점역":5,
            "1시간이내주요거점역":16,
            "3km이내백화점수":1,
            "5km이내아울렛몰수":0,
            "1km이내대형먀트수":1,
            "500m이내은행수":4,
            "500m이내병원수":39,
            "5km이내대형병원수":5,
            "500m이내공원수":3,
            "3km이내혐오시설수":0,
            "초등학교학업성취도":80.99,
            "중학교학업성취도":85.4,
            "용적률":248,
            "건폐율":18,
            "Y":37.490198,
            "X":126.978134,
            "rank":15.0,
            "area_info":"18평(60.15), 23평(76.96), 32평(107.46), 32평(107.46), 41평(136.64)",
            "last_sales":"2021-11-27,125000.0,32평(107.46)"
        },
        {
            "index":428,
            "아파트명":"상도파크자이",
            "투자타입":"일반",
            "전용면적(m2)":"81.63",
            "전용면적(평)":"24평",
            "법정동주소":"서울시 동작구 상도동 900",
            "도로명주소":"서울시 동작구 장승배기로11가길 11",
            "세대수":50,
            "입주년차":80,
            "용적률점수":"--",
            "건폐율점수":"--",
            "세대당주차수":30,
            "난방방식":30,
            "공급면적":"--",
            "전용률":"--",
            "욕실수":100,
            "현관타입":100,
            "주거총점":61.0,
            "지역구공급총점":0.0,
            "역세권":80,
            "30분내 이동가능 거점":60,
            "1시간내 이동가능 거점":100,
            "교통총점":78.0,
            "백화점":100,
            "아울렛몰":0,
            "대형마트":0,
            "은행":70,
            "병원":80,
            "종합병원":100,
            "공원":100,
            "혐오시설":0,
            "인프라총점":68.0,
            "초등학군":87.92,
            "중학군":47.1,
            "학군총점":55.264,
            "인구수":44.73,
            "인구증감":-10.33,
            "인구총점":28.212,
            "일자리":13.2,
            "소득수준":62.64,
            "일자리총점":28.032,
            "가치 총점":68.1896,
            "매매실거래년":20210625.0,
            "매매실거래가":170000.0,
            "전세실거래년":20210828.0,
            "전세실거래가":60000.0,
            "전세가율":63.16,
            "장기전세가율평균":68.35,
            "전세가율거품지수":5.19,
            "검색코드":109124,
            "세대수":471.0,
            "준공년월":"2016-08-26",
            "준공년차":7.0,
            "가까운역이름":"장승배기",
            "가까운역거리":123.19,
            "역세권여부":"역세권",
            "30분이내주요거점역":3,
            "1시간이내주요거점역":18,
            "3km이내백화점수":3,
            "5km이내아울렛몰수":0,
            "1km이내대형먀트수":0,
            "500m이내은행수":3,
            "500m이내병원수":43,
            "5km이내대형병원수":11,
            "500m이내공원수":3,
            "3km이내혐오시설수":0,
            "초등학교학업성취도":87.92,
            "중학교학업성취도":77.5,
            "용적률":260,
            "건폐율":17,
            "Y":37.505867,
            "X":126.938473,
            "rank":16.0,
            "area_info":"24평(81.63), 28평(95.74), 29평(99.06), 29평(99.14), 29평(99.03), 34평(115.07), 34평(115.69), 34평(115.15)",
            "last_sales":"2021-06-25,170000.0,34평(115.69)"
        },
        {
            "index":557,
            "아파트명":"우성1차",
            "투자타입":"재건축",
            "전용면적(m2)":"84.4",
            "전용면적(평)":"25평",
            "법정동주소":"서울시 동작구 신대방동 565",
            "도로명주소":"서울시 동작구 여의대방로 22",
            "세대수":90,
            "입주년차":"--",
            "용적률점수":80,
            "건폐율점수":100,
            "세대당주차수":"--",
            "난방방식":"--",
            "공급면적":70,
            "전용률":60,
            "욕실수":"--",
            "현관타입":"--",
            "주거총점":85.5,
            "지역구공급총점":0.0,
            "역세권":50,
            "30분내 이동가능 거점":60,
            "1시간내 이동가능 거점":100,
            "교통총점":63.0,
            "백화점":100,
            "아울렛몰":100,
            "대형마트":0,
            "은행":70,
            "병원":60,
            "종합병원":100,
            "공원":80,
            "혐오시설":-100,
            "인프라총점":73.4,
            "초등학군":85.41,
            "중학군":36.18,
            "학군총점":46.026,
            "인구수":44.73,
            "인구증감":-10.33,
            "인구총점":28.212,
            "일자리":13.2,
            "소득수준":62.64,
            "일자리총점":28.032,
            "가치 총점":68.0739,
            "매매실거래년":20211216.0,
            "매매실거래가":104500.0,
            "전세실거래년":20220113.0,
            "전세실거래가":35700.0,
            "전세가율":34.16,
            "장기전세가율평균":68.35,
            "전세가율거품지수":34.19,
            "검색코드":391,
            "세대수":1335.0,
            "준공년월":"1988-09-24",
            "준공년차":35.0,
            "가까운역이름":"신대방",
            "가까운역거리":533.67,
            "역세권여부":"준역세권",
            "30분이내주요거점역":3,
            "1시간이내주요거점역":18,
            "3km이내백화점수":4,
            "5km이내아울렛몰수":2,
            "1km이내대형먀트수":0,
            "500m이내은행수":4,
            "500m이내병원수":17,
            "5km이내대형병원수":14,
            "500m이내공원수":1,
            "3km이내혐오시설수":2,
            "초등학교학업성취도":85.41,
            "중학교학업성취도":60.3,
            "용적률":209,
            "건폐율":14,
            "Y":37.49209,
            "X":126.911547,
            "rank":17.0,
            "area_info":"25평(84.4), 30평(101.94), 41평(136.83), 44평(147.77), 55평(183.72)",
            "last_sales":"2021-12-16,104500.0,25평(84.4)"
        },
        {
            "index":540,
            "아파트명":"스마티움(도시형)",
            "투자타입":"일반",
            "전용면적(m2)":"23.05",
            "전용면적(평)":"6평",
            "법정동주소":"서울시 동작구 신대방동 721",
            "도로명주소":"서울시 동작구 보라매로19길 8",
            "세대수":0,
            "입주년차":80,
            "용적률점수":"--",
            "건폐율점수":"--",
            "세대당주차수":0,
            "난방방식":30,
            "공급면적":"--",
            "전용률":"--",
            "욕실수":50,
            "현관타입":100,
            "주거총점":34.0,
            "지역구공급총점":0.0,
            "역세권":80,
            "30분내 이동가능 거점":80,
            "1시간내 이동가능 거점":100,
            "교통총점":84.0,
            "백화점":100,
            "아울렛몰":100,
            "대형마트":0,
            "은행":70,
            "병원":100,
            "종합병원":100,
            "공원":100,
            "혐오시설":-100,
            "인프라총점":78.0,
            "초등학군":86.15,
            "중학군":47.9,
            "학군총점":55.55,
            "인구수":44.73,
            "인구증감":-10.33,
            "인구총점":28.212,
            "일자리":13.2,
            "소득수준":62.64,
            "일자리총점":28.032,
            "가치 총점":67.9325,
            "매매실거래년":"18000101",
            "매매실거래가":null,
            "전세실거래년":null,
            "전세실거래가":null,
            "전세가율":null,
            "장기전세가율평균":68.35,
            "전세가율거품지수":null,
            "검색코드":111516,
            "세대수":114.0,
            "준공년월":"2014-09-30",
            "준공년차":9.0,
            "가까운역이름":"신대방삼거리",
            "가까운역거리":207.41,
            "역세권여부":"역세권",
            "30분이내주요거점역":4,
            "1시간이내주요거점역":18,
            "3km이내백화점수":3,
            "5km이내아울렛몰수":2,
            "1km이내대형먀트수":0,
            "500m이내은행수":4,
            "500m이내병원수":61,
            "5km이내대형병원수":11,
            "500m이내공원수":4,
            "3km이내혐오시설수":2,
            "초등학교학업성취도":86.15,
            "중학교학업성취도":79.1,
            "용적률":249,
            "건폐율":49,
            "Y":37.497957,
            "X":126.927442,
            "rank":18.0,
            "area_info":"6평(23.05), 7평(25.66), 7평(25.39), 7평(25.66), 7평(25.97), 7평(25.05), 7평(26.21), 7평(26.21), 7평(26.11), 7평(26.03), 8평(26.6), 8평(27.84), 8평(27.58)",
            "last_sales":"1800-01-01,nan,6평(23.05)"
        },
        {
            "index":119,
            "아파트명":"삼성래미안",
            "투자타입":"일반",
            "전용면적(m2)":"79.28",
            "전용면적(평)":"23평",
            "법정동주소":"서울시 동작구 본동 492",
            "도로명주소":"서울시 동작구 매봉로 123",
            "세대수":50,
            "입주년차":40,
            "용적률점수":"--",
            "건폐율점수":"--",
            "세대당주차수":30,
            "난방방식":30,
            "공급면적":"--",
            "전용률":"--",
            "욕실수":100,
            "현관타입":100,
            "주거총점":53.0,
            "지역구공급총점":0.0,
            "역세권":80,
            "30분내 이동가능 거점":100,
            "1시간내 이동가능 거점":100,
            "교통총점":90.0,
            "백화점":100,
            "아울렛몰":0,
            "대형마트":0,
            "은행":0,
            "병원":60,
            "종합병원":100,
            "공원":100,
            "혐오시설":-50,
            "인프라총점":58.0,
            "초등학군":84.98,
            "중학군":48.82,
            "학군총점":56.052,
            "인구수":44.73,
            "인구증감":-10.33,
            "인구총점":28.212,
            "일자리":13.2,
            "소득수준":62.64,
            "일자리총점":28.032,
            "가치 총점":67.9078,
            "매매실거래년":20211126.0,
            "매매실거래가":129500.0,
            "전세실거래년":20210818.0,
            "전세실거래가":65000.0,
            "전세가율":55.08,
            "장기전세가율평균":68.35,
            "전세가율거품지수":13.27,
            "검색코드":9311,
            "세대수":477.0,
            "준공년월":"2004-10-21",
            "준공년차":19.0,
            "가까운역이름":"노들",
            "가까운역거리":433.99,
            "역세권여부":"역세권",
            "30분이내주요거점역":6,
            "1시간이내주요거점역":16,
            "3km이내백화점수":1,
            "5km이내아울렛몰수":0,
            "1km이내대형먀트수":0,
            "500m이내은행수":0,
            "500m이내병원수":10,
            "5km이내대형병원수":11,
            "500m이내공원수":4,
            "3km이내혐오시설수":1,
            "초등학교학업성취도":84.98,
            "중학교학업성취도":79.5,
            "용적률":248,
            "건폐율":19,
            "Y":37.50991,
            "X":126.95004,
            "rank":19.0,
            "area_info":"23평(79.28), 24평(80.05), 31평(105.48), 40평(135.27)",
            "last_sales":"2021-11-26,129500.0,31평(105.48)"
        },
        {
            "index":618,
            "아파트명":"한강현대",
            "투자타입":"재건축",
            "전용면적(m2)":"87.85",
            "전용면적(평)":"26평",
            "법정동주소":"서울시 동작구 흑석동 28",
            "도로명주소":"서울시 동작구 현충로 151",
            "세대수":90,
            "입주년차":"--",
            "용적률점수":60,
            "건폐율점수":100,
            "세대당주차수":"--",
            "난방방식":"--",
            "공급면적":70,
            "전용률":60,
            "욕실수":"--",
            "현관타입":"--",
            "주거총점":77.5,
            "지역구공급총점":0.0,
            "역세권":50,
            "30분내 이동가능 거점":80,
            "1시간내 이동가능 거점":100,
            "교통총점":69.0,
            "백화점":100,
            "아울렛몰":0,
            "대형마트":80,
            "은행":0,
            "병원":30,
            "종합병원":100,
            "공원":80,
            "혐오시설":-100,
            "인프라총점":65.4,
            "초등학군":89.65,
            "중학군":49.5,
            "학군총점":57.53,
            "인구수":44.73,
            "인구증감":-10.33,
            "인구총점":28.212,
            "일자리":13.2,
            "소득수준":62.64,
            "일자리총점":28.032,
            "가치 총점":67.8995,
            "매매실거래년":20211223.0,
            "매매실거래가":267000.0,
            "전세실거래년":20220115.0,
            "전세실거래가":45000.0,
            "전세가율":30.0,
            "장기전세가율평균":68.35,
            "전세가율거품지수":38.35,
            "검색코드":401,
            "세대수":960.0,
            "준공년월":"1988-09-07",
            "준공년차":35.0,
            "가까운역이름":"흑석",
            "가까운역거리":659.69,
            "역세권여부":"준역세권",
            "30분이내주요거점역":4,
            "1시간이내주요거점역":17,
            "3km이내백화점수":1,
            "5km이내아울렛몰수":0,
            "1km이내대형먀트수":1,
            "500m이내은행수":0,
            "500m이내병원수":5,
            "5km이내대형병원수":7,
            "500m이내공원수":1,
            "3km이내혐오시설수":2,
            "초등학교학업성취도":89.65,
            "중학교학업성취도":80.5,
            "용적률":237,
            "건폐율":19,
            "Y":37.50665,
            "X":126.970693,
            "rank":20.0,
            "area_info":"26평(87.85), 30평(100.04), 40평(133.51), 40평(135.16), 45평(150.8), 45평(151.44)",
            "last_sales":"2021-12-23,267000.0,45평(151.44)"
        },
        {
            "index":80,
            "아파트명":"성원",
            "투자타입":"일반",
            "전용면적(m2)":"103.08",
            "전용면적(평)":"31평",
            "법정동주소":"서울시 동작구 대방동 500",
            "도로명주소":"서울시 동작구 여의대방로44길 9",
            "세대수":50,
            "입주년차":0,
            "용적률점수":"--",
            "건폐율점수":"--",
            "세대당주차수":0,
            "난방방식":30,
            "공급면적":"--",
            "전용률":"--",
            "욕실수":100,
            "현관타입":100,
            "주거총점":40.5,
            "지역구공급총점":0.0,
            "역세권":80,
            "30분내 이동가능 거점":80,
            "1시간내 이동가능 거점":100,
            "교통총점":84.0,
            "백화점":100,
            "아울렛몰":100,
            "대형마트":0,
            "은행":20,
            "병원":30,
            "종합병원":100,
            "공원":80,
            "혐오시설":0,
            "인프라총점":67.4,
            "초등학군":92.91,
            "중학군":58.02,
            "학군총점":64.998,
            "인구수":44.73,
            "인구증감":-10.33,
            "인구총점":28.212,
            "일자리":13.2,
            "소득수준":62.64,
            "일자리총점":28.032,
            "가치 총점":67.4697,
            "매매실거래년":20210918.0,
            "매매실거래가":141000.0,
            "전세실거래년":20211224.0,
            "전세실거래가":59800.0,
            "전세가율":42.41,
            "장기전세가율평균":68.35,
            "전세가율거품지수":25.94,
            "검색코드":3561,
            "세대수":487.0,
            "준공년월":"1994-01-15",
            "준공년차":29.0,
            "가까운역이름":"대방",
            "가까운역거리":432.59,
            "역세권여부":"역세권",
            "30분이내주요거점역":4,
            "1시간이내주요거점역":15,
            "3km이내백화점수":4,
            "5km이내아울렛몰수":2,
            "1km이내대형먀트수":0,
            "500m이내은행수":2,
            "500m이내병원수":7,
            "5km이내대형병원수":12,
            "500m이내공원수":1,
            "3km이내혐오시설수":0,
            "초등학교학업성취도":92.91,
            "중학교학업성취도":93.7,
            "용적률":298,
            "건폐율":18,
            "Y":37.509501,
            "X":126.925603,
            "rank":21.0,
            "area_info":"31평(103.08)",
            "last_sales":"2021-09-18,141000.0,31평(103.08)"
        },
        {
            "index":481,
            "아파트명":"경남",
            "투자타입":"일반",
            "전용면적(m2)":"79.95",
            "전용면적(평)":"24평",
            "법정동주소":"서울시 동작구 신대방동 712",
            "도로명주소":"서울시 동작구 신대방길 85",
            "세대수":50,
            "입주년차":20,
            "용적률점수":"--",
            "건폐율점수":"--",
            "세대당주차수":30,
            "난방방식":30,
            "공급면적":"--",
            "전용률":"--",
            "욕실수":50,
            "현관타입":50,
            "주거총점":39.0,
            "지역구공급총점":0.0,
            "역세권":80,
            "30분내 이동가능 거점":80,
            "1시간내 이동가능 거점":100,
            "교통총점":84.0,
            "백화점":100,
            "아울렛몰":100,
            "대형마트":0,
            "은행":70,
            "병원":60,
            "종합병원":100,
            "공원":100,
            "혐오시설":0,
            "인프라총점":76.0,
            "초등학군":100.0,
            "중학군":36.18,
            "학군총점":48.944,
            "인구수":44.73,
            "인구증감":-10.33,
            "인구총점":28.212,
            "일자리":13.2,
            "소득수준":62.64,
            "일자리총점":28.032,
            "가치 총점":67.3416,
            "매매실거래년":20210705.0,
            "매매실거래가":107500.0,
            "전세실거래년":20220108.0,
            "전세실거래가":39900.0,
            "전세가율":47.27,
            "장기전세가율평균":68.35,
            "전세가율거품지수":21.08,
            "검색코드":3385,
            "세대수":427.0,
            "준공년월":"2003-02-28",
            "준공년차":20.0,
            "가까운역이름":"신대방",
            "가까운역거리":473.34,
            "역세권여부":"역세권",
            "30분이내주요거점역":4,
            "1시간이내주요거점역":18,
            "3km이내백화점수":3,
            "5km이내아울렛몰수":2,
            "1km이내대형먀트수":0,
            "500m이내은행수":3,
            "500m이내병원수":23,
            "5km이내대형병원수":14,
            "500m이내공원수":2,
            "3km이내혐오시설수":0,
            "초등학교학업성취도":100.0,
            "중학교학업성취도":60.3,
            "용적률":289,
            "건폐율":18,
            "Y":37.489503,
            "X":126.908441,
            "rank":22.0,
            "area_info":"24평(79.95), 29평(97.13), 40평(134.64), 42평(142.04), 46평(154.26), 50평(168.04)",
            "last_sales":"2021-07-05,107500.0,29평(97.13)"
        },
        {
            "index":14,
            "아파트명":"쌍용예가",
            "투자타입":"일반",
            "전용면적(m2)":"79.48",
            "전용면적(평)":"24평",
            "법정동주소":"서울시 동작구 노량진동 332",
            "도로명주소":"서울시 동작구 장승배기로16길 134",
            "세대수":0,
            "입주년차":60,
            "용적률점수":"--",
            "건폐율점수":"--",
            "세대당주차수":30,
            "난방방식":30,
            "공급면적":"--",
            "전용률":"--",
            "욕실수":100,
            "현관타입":100,
            "주거총점":39.5,
            "지역구공급총점":0.0,
            "역세권":80,
            "30분내 이동가능 거점":100,
            "1시간내 이동가능 거점":100,
            "교통총점":90.0,
            "백화점":100,
            "아울렛몰":0,
            "대형마트":0,
            "은행":70,
            "병원":60,
            "종합병원":100,
            "공원":100,
            "혐오시설":-50,
            "인프라총점":65.0,
            "초등학군":87.79,
            "중학군":47.1,
            "학군총점":55.238,
            "인구수":44.73,
            "인구증감":-10.33,
            "인구총점":28.212,
            "일자리":13.2,
            "소득수준":62.64,
            "일자리총점":28.032,
            "가치 총점":67.1857,
            "매매실거래년":20210824.0,
            "매매실거래가":143000.0,
            "전세실거래년":20211127.0,
            "전세실거래가":50400.0,
            "전세가율":40.65,
            "장기전세가율평균":68.35,
            "전세가율거품지수":27.7,
            "검색코드":26310,
            "세대수":299.0,
            "준공년월":"2010-08-26",
            "준공년차":13.0,
            "가까운역이름":"노량진",
            "가까운역거리":467.98,
            "역세권여부":"역세권",
            "30분이내주요거점역":5,
            "1시간이내주요거점역":18,
            "3km이내백화점수":2,
            "5km이내아울렛몰수":0,
            "1km이내대형먀트수":0,
            "500m이내은행수":3,
            "500m이내병원수":23,
            "5km이내대형병원수":10,
            "500m이내공원수":3,
            "3km이내혐오시설수":1,
            "초등학교학업성취도":87.79,
            "중학교학업성취도":77.5,
            "용적률":198,
            "건폐율":20,
            "Y":37.510104,
            "X":126.943567,
            "rank":23.0,
            "area_info":"24평(79.48), 25평(83.09), 33평(111.47), 34평(112.54), 44평(147.11)",
            "last_sales":"2021-08-24,143000.0,34평(112.54)"
        },
        {
            "index":69,
            "아파트명":"대방현대1차",
            "투자타입":"일반",
            "전용면적(m2)":"77.87",
            "전용면적(평)":"23평",
            "법정동주소":"서울시 동작구 대방동 502",
            "도로명주소":"서울시 동작구 등용로 127",
            "세대수":50,
            "입주년차":0,
            "용적률점수":"--",
            "건폐율점수":"--",
            "세대당주차수":30,
            "난방방식":30,
            "공급면적":"--",
            "전용률":"--",
            "욕실수":50,
            "현관타입":10,
            "주거총점":31.0,
            "지역구공급총점":0.0,
            "역세권":80,
            "30분내 이동가능 거점":100,
            "1시간내 이동가능 거점":100,
            "교통총점":90.0,
            "백화점":100,
            "아울렛몰":0,
            "대형마트":80,
            "은행":0,
            "병원":30,
            "종합병원":100,
            "공원":0,
            "혐오시설":0,
            "인프라총점":65.0,
            "초등학군":92.91,
            "중학군":58.02,
            "학군총점":64.998,
            "인구수":44.73,
            "인구증감":-10.33,
            "인구총점":28.212,
            "일자리":13.2,
            "소득수준":62.64,
            "일자리총점":28.032,
            "가치 총점":66.9497,
            "매매실거래년":20210810.0,
            "매매실거래가":62000.0,
            "전세실거래년":20211130.0,
            "전세실거래가":45000.0,
            "전세가율":72.58,
            "장기전세가율평균":68.35,
            "전세가율거품지수":-4.23,
            "검색코드":368,
            "세대수":514.0,
            "준공년월":"1994-08-20",
            "준공년차":29.0,
            "가까운역이름":"대방",
            "가까운역거리":381.29,
            "역세권여부":"역세권",
            "30분이내주요거점역":5,
            "1시간이내주요거점역":18,
            "3km이내백화점수":4,
            "5km이내아울렛몰수":0,
            "1km이내대형먀트수":1,
            "500m이내은행수":0,
            "500m이내병원수":5,
            "5km이내대형병원수":12,
            "500m이내공원수":0,
            "3km이내혐오시설수":0,
            "초등학교학업성취도":92.91,
            "중학교학업성취도":93.7,
            "용적률":351,
            "건폐율":32,
            "Y":37.513057,
            "X":126.93069,
            "rank":24.0,
            "area_info":"23평(77.87), 23평(77.94), 23평(77.95), 28평(95.2), 29평(97.86)",
            "last_sales":"2021-08-10,62000.0,23평(77.87)"
        },
        {
            "index":32,
            "아파트명":"대방e-편한세상2차",
            "투자타입":"일반",
            "전용면적(m2)":"160.31",
            "전용면적(평)":"48평",
            "법정동주소":"서울시 동작구 대방동 507",
            "도로명주소":"서울시 동작구 알마타길 53",
            "세대수":0,
            "입주년차":20,
            "용적률점수":"--",
            "건폐율점수":"--",
            "세대당주차수":80,
            "난방방식":30,
            "공급면적":"--",
            "전용률":"--",
            "욕실수":100,
            "현관타입":100,
            "주거총점":39.0,
            "지역구공급총점":0.0,
            "역세권":80,
            "30분내 이동가능 거점":100,
            "1시간내 이동가능 거점":100,
            "교통총점":90.0,
            "백화점":100,
            "아울렛몰":0,
            "대형마트":80,
            "은행":0,
            "병원":30,
            "종합병원":100,
            "공원":0,
            "혐오시설":0,
            "인프라총점":65.0,
            "초등학군":87.92,
            "중학군":45.4,
            "학군총점":53.904,
            "인구수":44.73,
            "인구증감":-10.33,
            "인구총점":28.212,
            "일자리":13.2,
            "소득수준":62.64,
            "일자리총점":28.032,
            "가치 총점":66.8856,
            "매매실거래년":20210820.0,
            "매매실거래가":163500.0,
            "전세실거래년":20211127.0,
            "전세실거래가":73500.0,
            "전세가율":44.95,
            "장기전세가율평균":68.35,
            "전세가율거품지수":23.4,
            "검색코드":10356,
            "세대수":100.0,
            "준공년월":"2003-06-27",
            "준공년차":20.0,
            "가까운역이름":"대방",
            "가까운역거리":426.82,
            "역세권여부":"역세권",
            "30분이내주요거점역":5,
            "1시간이내주요거점역":19,
            "3km이내백화점수":4,
            "5km이내아울렛몰수":0,
            "1km이내대형먀트수":1,
            "500m이내은행수":0,
            "500m이내병원수":8,
            "5km이내대형병원수":12,
            "500m이내공원수":0,
            "3km이내혐오시설수":0,
            "초등학교학업성취도":87.92,
            "중학교학업성취도":75.0,
            "용적률":284,
            "건폐율":24,
            "Y":37.51217,
            "X":126.93099,
            "rank":25.0,
            "area_info":"48평(160.31)",
            "last_sales":"2021-08-20,163500.0,48평(160.31)"
        },
        {
            "index":447,
            "아파트명":"쌍용스윗닷홈",
            "투자타입":"일반",
            "전용면적(m2)":"80.33",
            "전용면적(평)":"24평",
            "법정동주소":"서울시 동작구 상도동 418",
            "도로명주소":"서울시 동작구 상도로 107",
            "세대수":30,
            "입주년차":20,
            "용적률점수":"--",
            "건폐율점수":"--",
            "세대당주차수":30,
            "난방방식":30,
            "공급면적":"--",
            "전용률":"--",
            "욕실수":100,
            "현관타입":100,
            "주거총점":42.0,
            "지역구공급총점":0.0,
            "역세권":80,
            "30분내 이동가능 거점":60,
            "1시간내 이동가능 거점":100,
            "교통총점":78.0,
            "백화점":100,
            "아울렛몰":100,
            "대형마트":0,
            "은행":70,
            "병원":100,
            "종합병원":100,
            "공원":80,
            "혐오시설":0,
            "인프라총점":79.4,
            "초등학군":86.15,
            "중학군":39.8,
            "학군총점":49.07,
            "인구수":44.73,
            "인구증감":-10.33,
            "인구총점":28.212,
            "일자리":13.2,
            "소득수준":62.64,
            "일자리총점":28.032,
            "가치 총점":66.8805,
            "매매실거래년":20211028.0,
            "매매실거래가":102000.0,
            "전세실거래년":20211204.0,
            "전세실거래가":60000.0,
            "전세가율":58.82,
            "장기전세가율평균":68.35,
            "전세가율거품지수":9.53,
            "검색코드":8872,
            "세대수":389.0,
            "준공년월":"2003-11-20",
            "준공년차":20.0,
            "가까운역이름":"신대방삼거리",
            "가까운역거리":359.62,
            "역세권여부":"역세권",
            "30분이내주요거점역":3,
            "1시간이내주요거점역":17,
            "3km이내백화점수":4,
            "5km이내아울렛몰수":2,
            "1km이내대형먀트수":0,
            "500m이내은행수":4,
            "500m이내병원수":70,
            "5km이내대형병원수":11,
            "500m이내공원수":1,
            "3km이내혐오시설수":0,
            "초등학교학업성취도":86.15,
            "중학교학업성취도":65.2,
            "용적률":188,
            "건폐율":17,
            "Y":37.501929,
            "X":126.931231,
            "rank":26.0,
            "area_info":"24평(80.33), 31평(105.62), 31평(105.69), 42평(141.61)",
            "last_sales":"2021-10-28,102000.0,24평(80.33)"
        },
        {
            "index":495,
            "아파트명":"보라매 e-편한세상",
            "투자타입":"일반",
            "전용면적(m2)":"85.22",
            "전용면적(평)":"25평",
            "법정동주소":"서울시 동작구 신대방동 720",
            "도로명주소":"서울시 동작구 보라매로 70",
            "세대수":30,
            "입주년차":60,
            "용적률점수":"--",
            "건폐율점수":"--",
            "세대당주차수":60,
            "난방방식":30,
            "공급면적":"--",
            "전용률":"--",
            "욕실수":100,
            "현관타입":100,
            "주거총점":54.5,
            "지역구공급총점":0.0,
            "역세권":80,
            "30분내 이동가능 거점":60,
            "1시간내 이동가능 거점":100,
            "교통총점":78.0,
            "백화점":100,
            "아울렛몰":100,
            "대형마트":0,
            "은행":20,
            "병원":80,
            "종합병원":100,
            "공원":100,
            "혐오시설":-100,
            "인프라총점":71.0,
            "초등학군":86.25,
            "중학군":39.1,
            "학군총점":48.53,
            "인구수":44.73,
            "인구증감":-10.33,
            "인구총점":28.212,
            "일자리":13.2,
            "소득수준":62.64,
            "일자리총점":28.032,
            "가치 총점":66.7795,
            "매매실거래년":20211114.0,
            "매매실거래가":105000.0,
            "전세실거래년":20210829.0,
            "전세실거래가":68000.0,
            "전세가율":64.76,
            "장기전세가율평균":68.35,
            "전세가율거품지수":3.59,
            "검색코드":27576,
            "세대수":386.0,
            "준공년월":"2010-07-26",
            "준공년차":13.0,
            "가까운역이름":"신대방삼거리",
            "가까운역거리":463.64,
            "역세권여부":"역세권",
            "30분이내주요거점역":3,
            "1시간이내주요거점역":17,
            "3km이내백화점수":2,
            "5km이내아울렛몰수":2,
            "1km이내대형먀트수":0,
            "500m이내은행수":2,
            "500m이내병원수":37,
            "5km이내대형병원수":11,
            "500m이내공원수":2,
            "3km이내혐오시설수":2,
            "초등학교학업성취도":86.25,
            "중학교학업성취도":64.9,
            "용적률":243,
            "건폐율":21,
            "Y":37.495534,
            "X":126.928461,
            "rank":27.0,
            "area_info":"25평(85.22), 32평(106.34), 32평(106.44), 33평(110.5), 46평(154.88), 50평(166.63)",
            "last_sales":"2021-11-14,105000.0,25평(85.22)"
        },
        {
            "index":43,
            "아파트명":"대방아데나339(도시형)",
            "투자타입":"일반",
            "전용면적(m2)":"19.66",
            "전용면적(평)":"5평",
            "법정동주소":"서울시 동작구 대방동 515",
            "도로명주소":"서울시 동작구 여의대방로54길 39",
            "세대수":0,
            "입주년차":60,
            "용적률점수":"--",
            "건폐율점수":"--",
            "세대당주차수":0,
            "난방방식":30,
            "공급면적":"--",
            "전용률":"--",
            "욕실수":50,
            "현관타입":100,
            "주거총점":30.0,
            "지역구공급총점":0.0,
            "역세권":80,
            "30분내 이동가능 거점":100,
            "1시간내 이동가능 거점":100,
            "교통총점":90.0,
            "백화점":100,
            "아울렛몰":0,
            "대형마트":80,
            "은행":0,
            "병원":30,
            "종합병원":100,
            "공원":0,
            "혐오시설":0,
            "인프라총점":65.0,
            "초등학군":92.91,
            "중학군":58.02,
            "학군총점":64.998,
            "인구수":44.73,
            "인구증감":-10.33,
            "인구총점":28.212,
            "일자리":13.2,
            "소득수준":62.64,
            "일자리총점":28.032,
            "가치 총점":66.7497,
            "매매실거래년":20171204.0,
            "매매실거래가":20500.0,
            "전세실거래년":null,
            "전세실거래가":null,
            "전세가율":null,
            "장기전세가율평균":68.35,
            "전세가율거품지수":null,
            "검색코드":105698,
            "세대수":149.0,
            "준공년월":"2012-10-25",
            "준공년차":11.0,
            "가까운역이름":"대방",
            "가까운역거리":242.53,
            "역세권여부":"역세권",
            "30분이내주요거점역":6,
            "1시간이내주요거점역":18,
            "3km이내백화점수":4,
            "5km이내아울렛몰수":0,
            "1km이내대형먀트수":1,
            "500m이내은행수":0,
            "500m이내병원수":6,
            "5km이내대형병원수":12,
            "500m이내공원수":0,
            "3km이내혐오시설수":0,
            "초등학교학업성취도":92.91,
            "중학교학업성취도":93.7,
            "용적률":239,
            "건폐율":49,
            "Y":37.512757,
            "X":126.929031,
            "rank":28.0,
            "area_info":"5평(19.66), 6평(20.27), 6평(20.63), 6평(20.42), 6평(21.74), 6평(21.08), 6평(21.96), 7평(23.55), 7평(24.51), 7평(25.18), 7평(26.29), 8평(27.48), 8평(28.6), 8평(29.54), 8평(29.51), 9평(30.49), 9평(30.85), 10평(34.08), 11평(37.48), 12평(42.01), 13평(43.22), 13평(44.68), 13평(45.77)",
            "last_sales":"2017-12-04,20500.0,13평(45.77)"
        },
        {
            "index":380,
            "아파트명":"상도두산위브트레지움2차",
            "투자타입":"일반",
            "전용면적(m2)":"83.43",
            "전용면적(평)":"25평",
            "법정동주소":"서울시 동작구 상도동 535",
            "도로명주소":"서울시 동작구 상도로30길 40",
            "세대수":50,
            "입주년차":80,
            "용적률점수":"--",
            "건폐율점수":"--",
            "세대당주차수":30,
            "난방방식":30,
            "공급면적":"--",
            "전용률":"--",
            "욕실수":100,
            "현관타입":100,
            "주거총점":61.0,
            "지역구공급총점":0.0,
            "역세권":80,
            "30분내 이동가능 거점":60,
            "1시간내 이동가능 거점":100,
            "교통총점":78.0,
            "백화점":100,
            "아울렛몰":0,
            "대형마트":0,
            "은행":20,
            "병원":80,
            "종합병원":100,
            "공원":100,
            "혐오시설":0,
            "인프라총점":63.0,
            "초등학군":85.13,
            "중학군":47.1,
            "학군총점":54.706,
            "인구수":44.73,
            "인구증감":-10.33,
            "인구총점":28.212,
            "일자리":13.2,
            "소득수준":62.64,
            "일자리총점":28.032,
            "가치 총점":66.6059,
            "매매실거래년":20211124.0,
            "매매실거래가":135000.0,
            "전세실거래년":20210723.0,
            "전세실거래가":70000.0,
            "전세가율":51.85,
            "장기전세가율평균":68.35,
            "전세가율거품지수":16.5,
            "검색코드":110919,
            "세대수":582.0,
            "준공년월":"2016-01-27",
            "준공년차":7.0,
            "가까운역이름":"장승배기",
            "가까운역거리":324.01,
            "역세권여부":"역세권",
            "30분이내주요거점역":3,
            "1시간이내주요거점역":16,
            "3km이내백화점수":2,
            "5km이내아울렛몰수":0,
            "1km이내대형먀트수":0,
            "500m이내은행수":2,
            "500m이내병원수":53,
            "5km이내대형병원수":10,
            "500m이내공원수":6,
            "3km이내혐오시설수":0,
            "초등학교학업성취도":85.13,
            "중학교학업성취도":77.5,
            "용적률":359,
            "건폐율":39,
            "Y":37.504079,
            "X":126.942675,
            "rank":29.0,
            "area_info":"25평(83.43), 34평(112.6), 34평(112.6), 34평(113.25), 34평(113.25), 34평(115.3), 35평(116.85), 35평(116.85), 35평(117.47)",
            "last_sales":"2021-11-24,135000.0,25평(83.43)"
        },
        {
            "index":422,
            "아파트명":"상도중앙하이츠빌",
            "투자타입":"일반",
            "전용면적(m2)":"75.31",
            "전용면적(평)":"22평",
            "법정동주소":"서울시 동작구 상도동 415",
            "도로명주소":"서울시 동작구 상도로 320",
            "세대수":50,
            "입주년차":20,
            "용적률점수":"--",
            "건폐율점수":"--",
            "세대당주차수":60,
            "난방방식":30,
            "공급면적":"--",
            "전용률":"--",
            "욕실수":50,
            "현관타입":100,
            "주거총점":48.5,
            "지역구공급총점":0.0,
            "역세권":80,
            "30분내 이동가능 거점":80,
            "1시간내 이동가능 거점":100,
            "교통총점":84.0,
            "백화점":100,
            "아울렛몰":0,
            "대형마트":0,
            "은행":20,
            "병원":80,
            "종합병원":100,
            "공원":100,
            "혐오시설":0,
            "인프라총점":63.0,
            "초등학군":85.13,
            "중학군":50.2,
            "학군총점":57.186,
            "인구수":44.73,
            "인구증감":-10.33,
            "인구총점":28.212,
            "일자리":13.2,
            "소득수준":62.64,
            "일자리총점":28.032,
            "가치 총점":66.5779,
            "매매실거래년":20211016.0,
            "매매실거래가":134000.0,
            "전세실거래년":20210719.0,
            "전세실거래가":45150.0,
            "전세가율":47.53,
            "장기전세가율평균":68.35,
            "전세가율거품지수":20.82,
            "검색코드":8987,
            "세대수":544.0,
            "준공년월":"2003-10-30",
            "준공년차":20.0,
            "가까운역이름":"상도",
            "가까운역거리":429.48,
            "역세권여부":"역세권",
            "30분이내주요거점역":4,
            "1시간이내주요거점역":17,
            "3km이내백화점수":1,
            "5km이내아울렛몰수":0,
            "1km이내대형먀트수":0,
            "500m이내은행수":2,
            "500m이내병원수":32,
            "5km이내대형병원수":11,
            "500m이내공원수":2,
            "3km이내혐오시설수":0,
            "초등학교학업성취도":85.13,
            "중학교학업성취도":82.6,
            "용적률":274,
            "건폐율":21,
            "Y":37.499303,
            "X":126.949883,
            "rank":30.0,
            "area_info":"22평(75.31), 32평(106.03), 32평(106.25), 32평(108.59), 44평(148.08), 45평(151.86)",
            "last_sales":"2021-10-16,134000.0,45평(151.86)"
        },
        {
            "index":400,
            "아파트명":"상도브라운스톤",
            "투자타입":"일반",
            "전용면적(m2)":"76.76",
            "전용면적(평)":"23평",
            "법정동주소":"서울시 동작구 상도동 527",
            "도로명주소":"서울시 동작구 상도로31길 19",
            "세대수":50,
            "입주년차":40,
            "용적률점수":"--",
            "건폐율점수":"--",
            "세대당주차수":30,
            "난방방식":30,
            "공급면적":"--",
            "전용률":"--",
            "욕실수":100,
            "현관타입":100,
            "주거총점":53.0,
            "지역구공급총점":0.0,
            "역세권":80,
            "30분내 이동가능 거점":60,
            "1시간내 이동가능 거점":100,
            "교통총점":78.0,
            "백화점":100,
            "아울렛몰":0,
            "대형마트":0,
            "은행":70,
            "병원":80,
            "종합병원":100,
            "공원":100,
            "혐오시설":0,
            "인프라총점":68.0,
            "초등학군":85.13,
            "중학군":47.1,
            "학군총점":54.706,
            "인구수":44.73,
            "인구증감":-10.33,
            "인구총점":28.212,
            "일자리":13.2,
            "소득수준":62.64,
            "일자리총점":28.032,
            "가치 총점":66.5059,
            "매매실거래년":20210824.0,
            "매매실거래가":142700.0,
            "전세실거래년":20210409.0,
            "전세실거래가":70000.0,
            "전세가율":59.32,
            "장기전세가율평균":68.35,
            "전세가율거품지수":9.03,
            "검색코드":10129,
            "세대수":415.0,
            "준공년월":"2007-12-26",
            "준공년차":16.0,
            "가까운역이름":"장승배기",
            "가까운역거리":442.78,
            "역세권여부":"역세권",
            "30분이내주요거점역":3,
            "1시간이내주요거점역":17,
            "3km이내백화점수":2,
            "5km이내아울렛몰수":0,
            "1km이내대형먀트수":0,
            "500m이내은행수":3,
            "500m이내병원수":43,
            "5km이내대형병원수":10,
            "500m이내공원수":8,
            "3km이내혐오시설수":0,
            "초등학교학업성취도":85.13,
            "중학교학업성취도":77.5,
            "용적률":225,
            "건폐율":15,
            "Y":37.506116,
            "X":126.943929,
            "rank":31.0,
            "area_info":"23평(76.76), 23평(77.92), 32평(106.15), 32평(106.41), 32평(106.15), 32평(107.27)",
            "last_sales":"2021-08-24,142700.0,32평(107.27)"
        },
        {
            "index":41,
            "아파트명":"대방신일해피트리",
            "투자타입":"일반",
            "전용면적(m2)":"79.47",
            "전용면적(평)":"24평",
            "법정동주소":"서울시 동작구 대방동 510",
            "도로명주소":"서울시 동작구 여의대방로62길 7",
            "세대수":0,
            "입주년차":40,
            "용적률점수":"--",
            "건폐율점수":"--",
            "세대당주차수":0,
            "난방방식":30,
            "공급면적":"--",
            "전용률":"--",
            "욕실수":100,
            "현관타입":100,
            "주거총점":31.0,
            "지역구공급총점":0.0,
            "역세권":80,
            "30분내 이동가능 거점":100,
            "1시간내 이동가능 거점":100,
            "교통총점":90.0,
            "백화점":100,
            "아울렛몰":0,
            "대형마트":80,
            "은행":0,
            "병원":30,
            "종합병원":100,
            "공원":0,
            "혐오시설":0,
            "인프라총점":65.0,
            "초등학군":92.91,
            "중학군":51.88,
            "학군총점":60.086,
            "인구수":44.73,
            "인구증감":-10.33,
            "인구총점":28.212,
            "일자리":13.2,
            "소득수준":62.64,
            "일자리총점":28.032,
            "가치 총점":66.2129,
            "매매실거래년":20210717.0,
            "매매실거래가":82000.0,
            "전세실거래년":20211218.0,
            "전세실거래가":47250.0,
            "전세가율":57.62,
            "장기전세가율평균":68.35,
            "전세가율거품지수":10.73,
            "검색코드":19631,
            "세대수":130.0,
            "준공년월":"2005-11-25",
            "준공년차":18.0,
            "가까운역이름":"대방",
            "가까운역거리":120.29,
            "역세권여부":"역세권",
            "30분이내주요거점역":7,
            "1시간이내주요거점역":18,
            "3km이내백화점수":4,
            "5km이내아울렛몰수":0,
            "1km이내대형먀트수":1,
            "500m이내은행수":0,
            "500m이내병원수":6,
            "5km이내대형병원수":12,
            "500m이내공원수":0,
            "3km이내혐오시설수":0,
            "초등학교학업성취도":92.91,
            "중학교학업성취도":84.6,
            "용적률":299,
            "건폐율":27,
            "Y":37.51395,
            "X":126.92751,
            "rank":32.0,
            "area_info":"24평(79.47), 31평(105.52)",
            "last_sales":"2021-07-17,82000.0,24평(79.47)"
        },
        {
            "index":108,
            "아파트명":"극동(강변)",
            "투자타입":"재건축",
            "전용면적(m2)":"99.72",
            "전용면적(평)":"30평",
            "법정동주소":"서울시 동작구 본동 148-2",
            "도로명주소":"서울시 동작구 매봉로 156",
            "세대수":0,
            "입주년차":"--",
            "용적률점수":60,
            "건폐율점수":80,
            "세대당주차수":"--",
            "난방방식":"--",
            "공급면적":90,
            "전용률":80,
            "욕실수":"--",
            "현관타입":"--",
            "주거총점":48.5,
            "지역구공급총점":0.0,
            "역세권":80,
            "30분내 이동가능 거점":100,
            "1시간내 이동가능 거점":100,
            "교통총점":90.0,
            "백화점":100,
            "아울렛몰":0,
            "대형마트":0,
            "은행":0,
            "병원":30,
            "종합병원":100,
            "공원":100,
            "혐오시설":-50,
            "인프라총점":55.0,
            "초등학군":84.5,
            "중학군":48.82,
            "학군총점":55.956,
            "인구수":44.73,
            "인구증감":-10.33,
            "인구총점":28.212,
            "일자리":13.2,
            "소득수준":62.64,
            "일자리총점":28.032,
            "가치 총점":66.0934,
            "매매실거래년":20211112.0,
            "매매실거래가":108000.0,
            "전세실거래년":20211130.0,
            "전세실거래가":36750.0,
            "전세가율":34.03,
            "장기전세가율평균":68.35,
            "전세가율거품지수":34.32,
            "검색코드":370,
            "세대수":123.0,
            "준공년월":"1992-03-11",
            "준공년차":31.0,
            "가까운역이름":"노들",
            "가까운역거리":180.12,
            "역세권여부":"역세권",
            "30분이내주요거점역":6,
            "1시간이내주요거점역":17,
            "3km이내백화점수":1,
            "5km이내아울렛몰수":0,
            "1km이내대형먀트수":0,
            "500m이내은행수":0,
            "500m이내병원수":6,
            "5km이내대형병원수":10,
            "500m이내공원수":3,
            "3km이내혐오시설수":1,
            "초등학교학업성취도":84.5,
            "중학교학업성취도":79.5,
            "용적률":245,
            "건폐율":29,
            "Y":37.511585,
            "X":126.952007,
            "rank":33.0,
            "area_info":"30평(99.72)",
            "last_sales":"2021-11-12,108000.0,30평(99.72)"
        },
        {
            "index":628,
            "아파트명":"흑석한강센트레빌1차",
            "투자타입":"일반",
            "전용면적(m2)":"85.55",
            "전용면적(평)":"25평",
            "법정동주소":"서울시 동작구 흑석동 335",
            "도로명주소":"서울시 동작구 흑석한강로 12",
            "세대수":50,
            "입주년차":60,
            "용적률점수":"--",
            "건폐율점수":"--",
            "세대당주차수":30,
            "난방방식":30,
            "공급면적":"--",
            "전용률":"--",
            "욕실수":100,
            "현관타입":100,
            "주거총점":57.0,
            "지역구공급총점":0.0,
            "역세권":80,
            "30분내 이동가능 거점":100,
            "1시간내 이동가능 거점":100,
            "교통총점":90.0,
            "백화점":0,
            "아울렛몰":0,
            "대형마트":80,
            "은행":70,
            "병원":80,
            "종합병원":100,
            "공원":100,
            "혐오시설":-100,
            "인프라총점":48.0,
            "초등학군":89.65,
            "중학군":49.5,
            "학군총점":57.53,
            "인구수":44.73,
            "인구증감":-10.33,
            "인구총점":28.212,
            "일자리":13.2,
            "소득수준":62.64,
            "일자리총점":28.032,
            "가치 총점":65.9295,
            "매매실거래년":20210525.0,
            "매매실거래가":200000.0,
            "전세실거래년":20211116.0,
            "전세실거래가":75000.0,
            "전세가율":65.22,
            "장기전세가율평균":68.35,
            "전세가율거품지수":3.13,
            "검색코드":100304,
            "세대수":655.0,
            "준공년월":"2011-09-16",
            "준공년차":12.0,
            "가까운역이름":"흑석",
            "가까운역거리":314.38,
            "역세권여부":"역세권",
            "30분이내주요거점역":5,
            "1시간이내주요거점역":18,
            "3km이내백화점수":0,
            "5km이내아울렛몰수":0,
            "1km이내대형먀트수":1,
            "500m이내은행수":3,
            "500m이내병원수":37,
            "5km이내대형병원수":7,
            "500m이내공원수":3,
            "3km이내혐오시설수":2,
            "초등학교학업성취도":89.65,
            "중학교학업성취도":80.5,
            "용적률":230,
            "건폐율":22,
            "Y":37.506242,
            "X":126.965304,
            "rank":34.0,
            "area_info":"25평(85.55), 32평(106.97), 32평(107.79), 33평(110.32), 33평(111.79), 43평(143.0), 43평(143.23)",
            "last_sales":"2021-05-25,200000.0,43평(143.23)"
        },
        {
            "index":123,
            "아파트명":"유원강변",
            "투자타입":"일반",
            "전용면적(m2)":"76.49",
            "전용면적(평)":"23평",
            "법정동주소":"서울시 동작구 본동 482",
            "도로명주소":"서울시 동작구 노량진로23가길 20",
            "세대수":30,
            "입주년차":20,
            "용적률점수":"--",
            "건폐율점수":"--",
            "세대당주차수":30,
            "난방방식":30,
            "공급면적":"--",
            "전용률":"--",
            "욕실수":50,
            "현관타입":100,
            "주거총점":37.0,
            "지역구공급총점":0.0,
            "역세권":80,
            "30분내 이동가능 거점":100,
            "1시간내 이동가능 거점":100,
            "교통총점":90.0,
            "백화점":100,
            "아울렛몰":80,
            "대형마트":0,
            "은행":0,
            "병원":10,
            "종합병원":100,
            "공원":100,
            "혐오시설":-50,
            "인프라총점":61.0,
            "초등학군":84.98,
            "중학군":48.82,
            "학군총점":56.052,
            "인구수":44.73,
            "인구증감":-10.33,
            "인구총점":28.212,
            "일자리":13.2,
            "소득수준":62.64,
            "일자리총점":28.032,
            "가치 총점":65.6078,
            "매매실거래년":20210929.0,
            "매매실거래가":134000.0,
            "전세실거래년":20211127.0,
            "전세실거래가":38850.0,
            "전세가율":39.64,
            "장기전세가율평균":68.35,
            "전세가율거품지수":28.71,
            "검색코드":933,
            "세대수":306.0,
            "준공년월":"2000-08-09",
            "준공년차":23.0,
            "가까운역이름":"노들",
            "가까운역거리":314.33,
            "역세권여부":"역세권",
            "30분이내주요거점역":6,
            "1시간이내주요거점역":17,
            "3km이내백화점수":1,
            "5km이내아울렛몰수":1,
            "1km이내대형먀트수":0,
            "500m이내은행수":0,
            "500m이내병원수":4,
            "5km이내대형병원수":9,
            "500m이내공원수":2,
            "3km이내혐오시설수":1,
            "초등학교학업성취도":84.98,
            "중학교학업성취도":79.5,
            "용적률":377,
            "건폐율":25,
            "Y":37.515109,
            "X":126.951019,
            "rank":35.0,
            "area_info":"23평(76.49), 31평(103.73), 31평(104.76), 32평(108.32), 42평(140.15)",
            "last_sales":"2021-09-29,134000.0,31평(104.76)"
        },
        {
            "index":78,
            "아파트명":"보라매코오롱하늘채",
            "투자타입":"일반",
            "전용면적(m2)":"106.88",
            "전용면적(평)":"32평",
            "법정동주소":"서울시 동작구 대방동 509",
            "도로명주소":"서울시 동작구 여의대방로24다길 40",
            "세대수":0,
            "입주년차":40,
            "용적률점수":"--",
            "건폐율점수":"--",
            "세대당주차수":30,
            "난방방식":30,
            "공급면적":"--",
            "전용률":"--",
            "욕실수":100,
            "현관타입":100,
            "주거총점":35.5,
            "지역구공급총점":0.0,
            "역세권":80,
            "30분내 이동가능 거점":80,
            "1시간내 이동가능 거점":100,
            "교통총점":84.0,
            "백화점":100,
            "아울렛몰":100,
            "대형마트":0,
            "은행":0,
            "병원":80,
            "종합병원":100,
            "공원":80,
            "혐오시설":-100,
            "인프라총점":68.4,
            "초등학군":86.15,
            "중학군":47.9,
            "학군총점":55.55,
            "인구수":44.73,
            "인구증감":-10.33,
            "인구총점":28.212,
            "일자리":13.2,
            "소득수준":62.64,
            "일자리총점":28.032,
            "가치 총점":65.3525,
            "매매실거래년":20211025.0,
            "매매실거래가":113000.0,
            "전세실거래년":20211107.0,
            "전세실거래가":70000.0,
            "전세가율":61.95,
            "장기전세가율평균":68.35,
            "전세가율거품지수":6.4,
            "검색코드":13375,
            "세대수":200.0,
            "준공년월":"2005-09-16",
            "준공년차":18.0,
            "가까운역이름":"보라매",
            "가까운역거리":266.47,
            "역세권여부":"역세권",
            "30분이내주요거점역":4,
            "1시간이내주요거점역":18,
            "3km이내백화점수":3,
            "5km이내아울렛몰수":2,
            "1km이내대형먀트수":0,
            "500m이내은행수":0,
            "500m이내병원수":32,
            "5km이내대형병원수":12,
            "500m이내공원수":1,
            "3km이내혐오시설수":2,
            "초등학교학업성취도":86.15,
            "중학교학업성취도":79.1,
            "용적률":267,
            "건폐율":19,
            "Y":37.498674,
            "X":126.923044,
            "rank":36.0,
            "area_info":"32평(106.88), 32평(107.15)",
            "last_sales":"2021-10-25,113000.0,32평(106.88)"
        },
        {
            "index":37,
            "아파트명":"대방대림",
            "투자타입":"일반",
            "전용면적(m2)":"84.47",
            "전용면적(평)":"25평",
            "법정동주소":"서울시 동작구 대방동 501",
            "도로명주소":"서울시 동작구 여의대방로44길 10",
            "세대수":100,
            "입주년차":0,
            "용적률점수":"--",
            "건폐율점수":"--",
            "세대당주차수":60,
            "난방방식":100,
            "공급면적":"--",
            "전용률":"--",
            "욕실수":50,
            "현관타입":10,
            "주거총점":60.0,
            "지역구공급총점":0.0,
            "역세권":50,
            "30분내 이동가능 거점":80,
            "1시간내 이동가능 거점":100,
            "교통총점":69.0,
            "백화점":100,
            "아울렛몰":100,
            "대형마트":0,
            "은행":20,
            "병원":30,
            "종합병원":100,
            "공원":80,
            "혐오시설":0,
            "인프라총점":67.4,
            "초등학군":92.91,
            "중학군":50.48,
            "학군총점":58.966,
            "인구수":44.73,
            "인구증감":-10.33,
            "인구총점":28.212,
            "일자리":13.2,
            "소득수준":62.64,
            "일자리총점":28.032,
            "가치 총점":65.2149,
            "매매실거래년":20211214.0,
            "매매실거래가":113000.0,
            "전세실거래년":20220117.0,
            "전세실거래가":44000.0,
            "전세가율":38.94,
            "장기전세가율평균":68.35,
            "전세가율거품지수":29.41,
            "검색코드":364,
            "세대수":1628.0,
            "준공년월":"1993-11-20",
            "준공년차":30.0,
            "가까운역이름":"대방",
            "가까운역거리":663.65,
            "역세권여부":"준역세권",
            "30분이내주요거점역":4,
            "1시간이내주요거점역":16,
            "3km이내백화점수":4,
            "5km이내아울렛몰수":2,
            "1km이내대형먀트수":0,
            "500m이내은행수":2,
            "500m이내병원수":8,
            "5km이내대형병원수":12,
            "500m이내공원수":1,
            "3km이내혐오시설수":0,
            "초등학교학업성취도":92.91,
            "중학교학업성취도":83.4,
            "용적률":272,
            "건폐율":20,
            "Y":37.50752,
            "X":126.924726,
            "rank":37.0,
            "area_info":"25평(84.47), 33평(109.96), 49평(163.8), 59평(197.21)",
            "last_sales":"2021-12-14,113000.0,25평(84.47)"
        },
        {
            "index":87,
            "아파트명":"우정",
            "투자타입":"일반",
            "전용면적(m2)":"83.05",
            "전용면적(평)":"25평",
            "법정동주소":"서울시 동작구 대방동 505",
            "도로명주소":"서울시 동작구 여의대방로62길 23",
            "세대수":0,
            "입주년차":20,
            "용적률점수":"--",
            "건폐율점수":"--",
            "세대당주차수":0,
            "난방방식":30,
            "공급면적":"--",
            "전용률":"--",
            "욕실수":50,
            "현관타입":100,
            "주거총점":22.0,
            "지역구공급총점":0.0,
            "역세권":80,
            "30분내 이동가능 거점":100,
            "1시간내 이동가능 거점":100,
            "교통총점":90.0,
            "백화점":100,
            "아울렛몰":0,
            "대형마트":80,
            "은행":0,
            "병원":30,
            "종합병원":100,
            "공원":0,
            "혐오시설":0,
            "인프라총점":65.0,
            "초등학군":92.91,
            "중학군":58.02,
            "학군총점":64.998,
            "인구수":44.73,
            "인구증감":-10.33,
            "인구총점":28.212,
            "일자리":13.2,
            "소득수준":62.64,
            "일자리총점":28.032,
            "가치 총점":65.1497,
            "매매실거래년":20211029.0,
            "매매실거래가":94000.0,
            "전세실거래년":20211211.0,
            "전세실거래가":60000.0,
            "전세가율":63.83,
            "장기전세가율평균":68.35,
            "전세가율거품지수":4.52,
            "검색코드":1131,
            "세대수":206.0,
            "준공년월":"1999-01-22",
            "준공년차":24.0,
            "가까운역이름":"대방",
            "가까운역거리":300.09,
            "역세권여부":"역세권",
            "30분이내주요거점역":5,
            "1시간이내주요거점역":18,
            "3km이내백화점수":4,
            "5km이내아울렛몰수":0,
            "1km이내대형먀트수":1,
            "500m이내은행수":0,
            "500m이내병원수":5,
            "5km이내대형병원수":12,
            "500m이내공원수":0,
            "3km이내혐오시설수":0,
            "초등학교학업성취도":92.91,
            "중학교학업성취도":93.7,
            "용적률":401,
            "건폐율":22,
            "Y":37.514079,
            "X":126.929655,
            "rank":38.0,
            "area_info":"25평(83.05), 33평(110.24)",
            "last_sales":"2021-10-29,94000.0,25평(83.05)"
        },
        {
            "index":0,
            "아파트명":"더클래식동작(도시형)",
            "투자타입":"일반",
            "전용면적(m2)":"21.75",
            "전용면적(평)":"6평",
            "법정동주소":"서울시 동작구 노량진동 37-1",
            "도로명주소":"서울시 동작구 노량진로8길 55",
            "세대수":0,
            "입주년차":100,
            "용적률점수":"--",
            "건폐율점수":"--",
            "세대당주차수":0,
            "난방방식":30,
            "공급면적":"--",
            "전용률":"--",
            "욕실수":50,
            "현관타입":10,
            "주거총점":29.0,
            "지역구공급총점":0.0,
            "역세권":80,
            "30분내 이동가능 거점":100,
            "1시간내 이동가능 거점":100,
            "교통총점":90.0,
            "백화점":100,
            "아울렛몰":0,
            "대형마트":0,
            "은행":100,
            "병원":60,
            "종합병원":100,
            "공원":0,
            "혐오시설":-50,
            "인프라총점":65.0,
            "초등학군":87.79,
            "중학군":45.4,
            "학군총점":53.878,
            "인구수":44.73,
            "인구증감":-10.33,
            "인구총점":28.212,
            "일자리":13.2,
            "소득수준":62.64,
            "일자리총점":28.032,
            "가치 총점":64.8817,
            "매매실거래년":"18000101",
            "매매실거래가":null,
            "전세실거래년":null,
            "전세실거래가":null,
            "전세가율":null,
            "장기전세가율평균":68.35,
            "전세가율거품지수":null,
            "검색코드":137491,
            "세대수":272.0,
            "준공년월":"2020-11-17",
            "준공년차":3.0,
            "가까운역이름":"노량진",
            "가까운역거리":397.7,
            "역세권여부":"역세권",
            "30분이내주요거점역":5,
            "1시간이내주요거점역":16,
            "3km이내백화점수":3,
            "5km이내아울렛몰수":0,
            "1km이내대형먀트수":0,
            "500m이내은행수":5,
            "500m이내병원수":14,
            "5km이내대형병원수":10,
            "500m이내공원수":0,
            "3km이내혐오시설수":1,
            "초등학교학업성취도":87.79,
            "중학교학업성취도":75.0,
            "용적률":823,
            "건폐율":59,
            "Y":37.512405,
            "X":126.938568,
            "rank":39.0,
            "area_info":"6평(21.75), 6평(21.85), 7평(24.94), 14평(47.77)",
            "last_sales":"1800-01-01,nan,6평(21.75)"
        },
        {
            "index":4,
            "아파트명":"메가스터디타워(도시형)",
            "투자타입":"일반",
            "전용면적(m2)":"27.13",
            "전용면적(평)":"8평",
            "법정동주소":"서울시 동작구 노량진동 57-1",
            "도로명주소":"서울시 동작구 노량진로 140",
            "세대수":0,
            "입주년차":80,
            "용적률점수":"--",
            "건폐율점수":"--",
            "세대당주차수":0,
            "난방방식":30,
            "공급면적":"--",
            "전용률":"--",
            "욕실수":50,
            "현관타입":10,
            "주거총점":25.0,
            "지역구공급총점":0.0,
            "역세권":80,
            "30분내 이동가능 거점":100,
            "1시간내 이동가능 거점":100,
            "교통총점":90.0,
            "백화점":100,
            "아울렛몰":0,
            "대형마트":0,
            "은행":100,
            "병원":60,
            "종합병원":100,
            "공원":80,
            "혐오시설":-50,
            "인프라총점":67.4,
            "초등학군":87.79,
            "중학군":45.4,
            "학군총점":53.878,
            "인구수":44.73,
            "인구증감":-10.33,
            "인구총점":28.212,
            "일자리":13.2,
            "소득수준":62.64,
            "일자리총점":28.032,
            "가치 총점":64.8017,
            "매매실거래년":20211229.0,
            "매매실거래가":16500.0,
            "전세실거래년":20210501.0,
            "전세실거래가":18000.0,
            "전세가율":109.09,
            "장기전세가율평균":68.35,
            "전세가율거품지수":-40.74,
            "검색코드":110894,
            "세대수":299.0,
            "준공년월":"2015-08-10",
            "준공년차":8.0,
            "가까운역이름":"노량진",
            "가까운역거리":188.32,
            "역세권여부":"역세권",
            "30분이내주요거점역":7,
            "1시간이내주요거점역":16,
            "3km이내백화점수":2,
            "5km이내아울렛몰수":0,
            "1km이내대형먀트수":0,
            "500m이내은행수":5,
            "500m이내병원수":19,
            "5km이내대형병원수":10,
            "500m이내공원수":1,
            "3km이내혐오시설수":1,
            "초등학교학업성취도":87.79,
            "중학교학업성취도":75.0,
            "용적률":786,
            "건폐율":59,
            "Y":37.512664,
            "X":126.941608,
            "rank":40.0,
            "area_info":"8평(27.13), 8평(27.07), 8평(27.13), 11평(36.85), 16평(55.32)",
            "last_sales":"2021-12-29,16500.0,8평(27.13)"
        },
        {
            "index":164,
            "아파트명":"두산위브트레지움",
            "투자타입":"일반",
            "전용면적(m2)":"79.93",
            "전용면적(평)":"24평",
            "법정동주소":"서울시 동작구 사당동 1131",
            "도로명주소":"서울시 동작구",
            "세대수":50,
            "입주년차":60,
            "용적률점수":"--",
            "건폐율점수":"--",
            "세대당주차수":60,
            "난방방식":30,
            "공급면적":"--",
            "전용률":"--",
            "욕실수":100,
            "현관타입":100,
            "주거총점":61.5,
            "지역구공급총점":0.0,
            "역세권":80,
            "30분내 이동가능 거점":100,
            "1시간내 이동가능 거점":100,
            "교통총점":90.0,
            "백화점":0,
            "아울렛몰":0,
            "대형마트":80,
            "은행":0,
            "병원":80,
            "종합병원":100,
            "공원":100,
            "혐오시설":0,
            "인프라총점":43.0,
            "초등학군":85.67,
            "중학군":42.74,
            "학군총점":51.326,
            "인구수":44.73,
            "인구증감":-10.33,
            "인구총점":28.212,
            "일자리":13.2,
            "소득수준":62.64,
            "일자리총점":28.032,
            "가치 총점":64.3989,
            "매매실거래년":20210924.0,
            "매매실거래가":180000.0,
            "전세실거래년":20211225.0,
            "전세실거래가":61950.0,
            "전세가율":48.59,
            "장기전세가율평균":68.35,
            "전세가율거품지수":19.76,
            "검색코드":102142,
            "세대수":451.0,
            "준공년월":"2011-10-28",
            "준공년차":12.0,
            "가까운역이름":"남성",
            "가까운역거리":108.33,
            "역세권여부":"역세권",
            "30분이내주요거점역":5,
            "1시간이내주요거점역":18,
            "3km이내백화점수":0,
            "5km이내아울렛몰수":0,
            "1km이내대형먀트수":1,
            "500m이내은행수":1,
            "500m이내병원수":42,
            "5km이내대형병원수":5,
            "500m이내공원수":8,
            "3km이내혐오시설수":0,
            "초등학교학업성취도":85.67,
            "중학교학업성취도":70.9,
            "용적률":268,
            "건폐율":16,
            "Y":37.48557,
            "X":126.971277,
            "rank":41.0,
            "area_info":"24평(79.93), 24평(80.53), 33평(112.35), 34평(112.8), 46평(153.69), 47평(156.37)",
            "last_sales":"2021-09-24,180000.0,33평(112.35)"
        },
        {
            "index":607,
            "아파트명":"이랜드해가든",
            "투자타입":"일반",
            "전용면적(m2)":"108.32",
            "전용면적(평)":"32평",
            "법정동주소":"서울시 동작구 흑석동 332",
            "도로명주소":"서울시 동작구 서달로 150",
            "세대수":0,
            "입주년차":60,
            "용적률점수":"--",
            "건폐율점수":"--",
            "세대당주차수":80,
            "난방방식":30,
            "공급면적":"--",
            "전용률":"--",
            "욕실수":100,
            "현관타입":100,
            "주거총점":47.0,
            "지역구공급총점":0.0,
            "역세권":80,
            "30분내 이동가능 거점":100,
            "1시간내 이동가능 거점":100,
            "교통총점":90.0,
            "백화점":0,
            "아울렛몰":0,
            "대형마트":80,
            "은행":70,
            "병원":80,
            "종합병원":100,
            "공원":100,
            "혐오시설":-100,
            "인프라총점":48.0,
            "초등학군":91.94,
            "중학군":49.5,
            "학군총점":57.988,
            "인구수":44.73,
            "인구증감":-10.33,
            "인구총점":28.212,
            "일자리":13.2,
            "소득수준":62.64,
            "일자리총점":28.032,
            "가치 총점":63.9982,
            "매매실거래년":20210802.0,
            "매매실거래가":144000.0,
            "전세실거래년":20210415.0,
            "전세실거래가":63000.0,
            "전세가율":63.0,
            "장기전세가율평균":68.35,
            "전세가율거품지수":5.35,
            "검색코드":101470,
            "세대수":154.0,
            "준공년월":"2010-12-29",
            "준공년차":13.0,
            "가까운역이름":"흑석",
            "가까운역거리":267.23,
            "역세권여부":"역세권",
            "30분이내주요거점역":6,
            "1시간이내주요거점역":18,
            "3km이내백화점수":0,
            "5km이내아울렛몰수":0,
            "1km이내대형먀트수":1,
            "500m이내은행수":4,
            "500m이내병원수":37,
            "5km이내대형병원수":9,
            "500m이내공원수":5,
            "3km이내혐오시설수":2,
            "초등학교학업성취도":91.94,
            "중학교학업성취도":80.5,
            "용적률":528,
            "건폐율":58,
            "Y":37.506666,
            "X":126.962244,
            "rank":42.0,
            "area_info":"32평(108.32), 32평(108.24), 36평(121.07), 41평(136.82), 41평(137.09), 43평(143.13), 43평(143.67), 44평(145.73), 44평(146.02), 44평(148.07)",
            "last_sales":"2021-08-02,144000.0,44평(146.02)"
        },
        {
            "index":389,
            "아파트명":"상도래미안1차",
            "투자타입":"일반",
            "전용면적(m2)":"84.65",
            "전용면적(평)":"25평",
            "법정동주소":"서울시 동작구 상도동 450",
            "도로명주소":"서울시 동작구 등용로 37",
            "세대수":50,
            "입주년차":40,
            "용적률점수":"--",
            "건폐율점수":"--",
            "세대당주차수":60,
            "난방방식":30,
            "공급면적":"--",
            "전용률":"--",
            "욕실수":50,
            "현관타입":100,
            "주거총점":52.5,
            "지역구공급총점":0.0,
            "역세권":80,
            "30분내 이동가능 거점":60,
            "1시간내 이동가능 거점":100,
            "교통총점":78.0,
            "백화점":100,
            "아울렛몰":0,
            "대형마트":0,
            "은행":20,
            "병원":80,
            "종합병원":100,
            "공원":0,
            "혐오시설":0,
            "인프라총점":60.0,
            "초등학군":87.92,
            "중학군":45.4,
            "학군총점":53.904,
            "인구수":44.73,
            "인구증감":-10.33,
            "인구총점":28.212,
            "일자리":13.2,
            "소득수준":62.64,
            "일자리총점":28.032,
            "가치 총점":63.8856,
            "매매실거래년":20211201.0,
            "매매실거래가":138000.0,
            "전세실거래년":20211002.0,
            "전세실거래가":68000.0,
            "전세가율":62.39,
            "장기전세가율평균":68.35,
            "전세가율거품지수":5.96,
            "검색코드":3383,
            "세대수":517.0,
            "준공년월":"2004-12-06",
            "준공년차":19.0,
            "가까운역이름":"장승배기",
            "가까운역거리":408.31,
            "역세권여부":"역세권",
            "30분이내주요거점역":3,
            "1시간이내주요거점역":16,
            "3km이내백화점수":4,
            "5km이내아울렛몰수":0,
            "1km이내대형먀트수":0,
            "500m이내은행수":2,
            "500m이내병원수":32,
            "5km이내대형병원수":11,
            "500m이내공원수":0,
            "3km이내혐오시설수":0,
            "초등학교학업성취도":87.92,
            "중학교학업성취도":75.0,
            "용적률":246,
            "건폐율":22,
            "Y":37.505446,
            "X":126.934573,
            "rank":43.0,
            "area_info":"25평(84.65), 28평(92.79), 34평(113.26), 34평(113.93), 36평(120.46), 44평(146.79)",
            "last_sales":"2021-12-01,138000.0,44평(146.79)"
        },
        {
            "index":440,
            "아파트명":"상도효성해링턴플레이스",
            "투자타입":"일반",
            "전용면적(m2)":"84.71",
            "전용면적(평)":"25평",
            "법정동주소":"서울시 동작구 상도동 536",
            "도로명주소":"서울시 동작구 상도로 207",
            "세대수":0,
            "입주년차":80,
            "용적률점수":"--",
            "건폐율점수":"--",
            "세대당주차수":0,
            "난방방식":30,
            "공급면적":"--",
            "전용률":"--",
            "욕실수":100,
            "현관타입":100,
            "주거총점":39.0,
            "지역구공급총점":0.0,
            "역세권":80,
            "30분내 이동가능 거점":60,
            "1시간내 이동가능 거점":100,
            "교통총점":78.0,
            "백화점":100,
            "아울렛몰":0,
            "대형마트":0,
            "은행":70,
            "병원":80,
            "종합병원":100,
            "공원":100,
            "혐오시설":0,
            "인프라총점":68.0,
            "초등학군":85.13,
            "중학군":47.1,
            "학군총점":54.706,
            "인구수":44.73,
            "인구증감":-10.33,
            "인구총점":28.212,
            "일자리":13.2,
            "소득수준":62.64,
            "일자리총점":28.032,
            "가치 총점":63.7059,
            "매매실거래년":20210715.0,
            "매매실거래가":132000.0,
            "전세실거래년":20210729.0,
            "전세실거래가":50000.0,
            "전세가율":78.12,
            "장기전세가율평균":68.35,
            "전세가율거품지수":-9.77,
            "검색코드":110958,
            "세대수":202.0,
            "준공년월":"2016-02-03",
            "준공년차":7.0,
            "가까운역이름":"장승배기",
            "가까운역거리":266.24,
            "역세권여부":"역세권",
            "30분이내주요거점역":3,
            "1시간이내주요거점역":18,
            "3km이내백화점수":2,
            "5km이내아울렛몰수":0,
            "1km이내대형먀트수":0,
            "500m이내은행수":3,
            "500m이내병원수":52,
            "5km이내대형병원수":10,
            "500m이내공원수":7,
            "3km이내혐오시설수":0,
            "초등학교학업성취도":85.13,
            "중학교학업성취도":77.5,
            "용적률":398,
            "건폐율":25,
            "Y":37.505724,
            "X":126.941983,
            "rank":44.0,
            "area_info":"25평(84.71), 33평(111.83), 34평(112.7), 34평(114.35), 35평(116.63)",
            "last_sales":"2021-07-15,132000.0,33평(111.83)"
        },
        {
            "index":583,
            "아파트명":"명수대현대",
            "투자타입":"재건축",
            "전용면적(m2)":"77.69",
            "전용면적(평)":"23평",
            "법정동주소":"서울시 동작구 흑석동 10",
            "도로명주소":"서울시 동작구 현충로 119",
            "세대수":50,
            "입주년차":"--",
            "용적률점수":60,
            "건폐율점수":100,
            "세대당주차수":"--",
            "난방방식":"--",
            "공급면적":50,
            "전용률":80,
            "욕실수":"--",
            "현관타입":"--",
            "주거총점":65.5,
            "지역구공급총점":0.0,
            "역세권":80,
            "30분내 이동가능 거점":80,
            "1시간내 이동가능 거점":100,
            "교통총점":84.0,
            "백화점":0,
            "아울렛몰":0,
            "대형마트":80,
            "은행":20,
            "병원":60,
            "종합병원":100,
            "공원":100,
            "혐오시설":-100,
            "인프라총점":41.0,
            "초등학군":89.65,
            "중학군":49.5,
            "학군총점":57.53,
            "인구수":44.73,
            "인구증감":-10.33,
            "인구총점":28.212,
            "일자리":13.2,
            "소득수준":62.64,
            "일자리총점":28.032,
            "가치 총점":63.4295,
            "매매실거래년":20211018.0,
            "매매실거래가":270000.0,
            "전세실거래년":20211104.0,
            "전세실거래가":39000.0,
            "전세가율":43.33,
            "장기전세가율평균":68.35,
            "전세가율거품지수":25.02,
            "검색코드":398,
            "세대수":660.0,
            "준공년월":"1988-08-29",
            "준공년차":35.0,
            "가까운역이름":"흑석",
            "가까운역거리":326.45,
            "역세권여부":"역세권",
            "30분이내주요거점역":4,
            "1시간이내주요거점역":17,
            "3km이내백화점수":0,
            "5km이내아울렛몰수":0,
            "1km이내대형먀트수":1,
            "500m이내은행수":2,
            "500m이내병원수":28,
            "5km이내대형병원수":7,
            "500m이내공원수":2,
            "3km이내혐오시설수":2,
            "초등학교학업성취도":89.65,
            "중학교학업성취도":80.5,
            "용적률":247,
            "건폐율":19,
            "Y":37.507809,
            "X":126.967205,
            "rank":45.0,
            "area_info":"23평(77.69), 26평(86.62), 28평(95.24), 29평(96.47), 30평(101.02), 39평(130.9), 44평(145.71), 50평(167.92)",
            "last_sales":"2021-10-18,270000.0,50평(167.92)"
        },
        {
            "index":374,
            "아파트명":"상도두산위브",
            "투자타입":"일반",
            "전용면적(m2)":"112.48",
            "전용면적(평)":"34평",
            "법정동주소":"서울시 동작구 상도동 529",
            "도로명주소":"서울시 동작구 상도로30길 39",
            "세대수":0,
            "입주년차":60,
            "용적률점수":"--",
            "건폐율점수":"--",
            "세대당주차수":60,
            "난방방식":30,
            "공급면적":"--",
            "전용률":"--",
            "욕실수":100,
            "현관타입":100,
            "주거총점":44.0,
            "지역구공급총점":0.0,
            "역세권":80,
            "30분내 이동가능 거점":60,
            "1시간내 이동가능 거점":100,
            "교통총점":78.0,
            "백화점":100,
            "아울렛몰":0,
            "대형마트":0,
            "은행":20,
            "병원":80,
            "종합병원":100,
            "공원":100,
            "혐오시설":0,
            "인프라총점":63.0,
            "초등학군":85.13,
            "중학군":47.1,
            "학군총점":54.706,
            "인구수":44.73,
            "인구증감":-10.33,
            "인구총점":28.212,
            "일자리":13.2,
            "소득수준":62.64,
            "일자리총점":28.032,
            "가치 총점":63.2059,
            "매매실거래년":20210911.0,
            "매매실거래가":133000.0,
            "전세실거래년":20211130.0,
            "전세실거래가":78000.0,
            "전세가율":58.65,
            "장기전세가율평균":68.35,
            "전세가율거품지수":9.7,
            "검색코드":26482,
            "세대수":190.0,
            "준공년월":"2010-03-15",
            "준공년차":13.0,
            "가까운역이름":"장승배기",
            "가까운역거리":348.56,
            "역세권여부":"역세권",
            "30분이내주요거점역":3,
            "1시간이내주요거점역":16,
            "3km이내백화점수":2,
            "5km이내아울렛몰수":0,
            "1km이내대형먀트수":0,
            "500m이내은행수":2,
            "500m이내병원수":55,
            "5km이내대형병원수":10,
            "500m이내공원수":7,
            "3km이내혐오시설수":0,
            "초등학교학업성취도":85.13,
            "중학교학업성취도":77.5,
            "용적률":220,
            "건폐율":31,
            "Y":37.50466,
            "X":126.94309,
            "rank":46.0,
            "area_info":"34평(112.48), 34평(112.79), 34평(113.27), 34평(113.12), 48평(158.74), 48평(159.74)",
            "last_sales":"2021-09-11,133000.0,34평(112.48)"
        },
        {
            "index":346,
            "아파트명":"상도더샵2차",
            "투자타입":"일반",
            "전용면적(m2)":"84.81",
            "전용면적(평)":"25평",
            "법정동주소":"서울시 동작구 상도동 534",
            "도로명주소":"서울시 동작구 장승배기로10길 100",
            "세대수":0,
            "입주년차":80,
            "용적률점수":"--",
            "건폐율점수":"--",
            "세대당주차수":30,
            "난방방식":30,
            "공급면적":"--",
            "전용률":"--",
            "욕실수":100,
            "현관타입":100,
            "주거총점":43.5,
            "지역구공급총점":0.0,
            "역세권":80,
            "30분내 이동가능 거점":60,
            "1시간내 이동가능 거점":100,
            "교통총점":78.0,
            "백화점":100,
            "아울렛몰":0,
            "대형마트":0,
            "은행":20,
            "병원":80,
            "종합병원":100,
            "공원":100,
            "혐오시설":0,
            "인프라총점":63.0,
            "초등학군":85.13,
            "중학군":47.1,
            "학군총점":54.706,
            "인구수":44.73,
            "인구증감":-10.33,
            "인구총점":28.212,
            "일자리":13.2,
            "소득수준":62.64,
            "일자리총점":28.032,
            "가치 총점":63.1059,
            "매매실거래년":20140609.0,
            "매매실거래가":89000.0,
            "전세실거래년":null,
            "전세실거래가":null,
            "전세가율":null,
            "장기전세가율평균":68.35,
            "전세가율거품지수":null,
            "검색코드":107317,
            "세대수":138.0,
            "준공년월":"2014-04-07",
            "준공년차":9.0,
            "가까운역이름":"상도",
            "가까운역거리":406.94,
            "역세권여부":"역세권",
            "30분이내주요거점역":3,
            "1시간이내주요거점역":16,
            "3km이내백화점수":2,
            "5km이내아울렛몰수":0,
            "1km이내대형먀트수":0,
            "500m이내은행수":2,
            "500m이내병원수":49,
            "5km이내대형병원수":10,
            "500m이내공원수":7,
            "3km이내혐오시설수":0,
            "초등학교학업성취도":85.13,
            "중학교학업성취도":77.5,
            "용적률":189,
            "건폐율":21,
            "Y":37.502813,
            "X":126.943297,
            "rank":47.0,
            "area_info":"25평(84.81), 25평(84.81), 28평(92.98), 28평(95.59), 29평(98.09), 29평(98.09), 31평(102.84), 32평(108.96), 32평(108.49), 33평(109.24), 33평(109.24), 33평(109.11), 33평(109.13), 33평(109.47), 33평(109.49), 33평(109.24), 33평(109.24), 33평(109.26), 50평(166.9), 62평(206.63)",
            "last_sales":"2014-06-09,89000.0,62평(206.63)"
        },
        {
            "index":128,
            "아파트명":"한강쌍용",
            "투자타입":"일반",
            "전용면적(m2)":"85.27",
            "전용면적(평)":"25평",
            "법정동주소":"서울시 동작구 본동 150",
            "도로명주소":"서울시 동작구 노량진로24길 2",
            "세대수":0,
            "입주년차":20,
            "용적률점수":"--",
            "건폐율점수":"--",
            "세대당주차수":30,
            "난방방식":30,
            "공급면적":"--",
            "전용률":"--",
            "욕실수":50,
            "현관타입":10,
            "주거총점":17.5,
            "지역구공급총점":0.0,
            "역세권":100,
            "30분내 이동가능 거점":100,
            "1시간내 이동가능 거점":100,
            "교통총점":100.0,
            "백화점":100,
            "아울렛몰":0,
            "대형마트":0,
            "은행":0,
            "병원":10,
            "종합병원":100,
            "공원":100,
            "혐오시설":-50,
            "인프라총점":53.0,
            "초등학군":84.5,
            "중학군":48.82,
            "학군총점":55.956,
            "인구수":44.73,
            "인구증감":-10.33,
            "인구총점":28.212,
            "일자리":13.2,
            "소득수준":62.64,
            "일자리총점":28.032,
            "가치 총점":62.7934,
            "매매실거래년":20211026.0,
            "매매실거래가":135000.0,
            "전세실거래년":20211220.0,
            "전세실거래가":60000.0,
            "전세가율":52.77,
            "장기전세가율평균":68.35,
            "전세가율거품지수":15.58,
            "검색코드":934,
            "세대수":161.0,
            "준공년월":"1999-04-30",
            "준공년차":24.0,
            "가까운역이름":"노들",
            "가까운역거리":67.22,
            "역세권여부":"초역세권",
            "30분이내주요거점역":8,
            "1시간이내주요거점역":17,
            "3km이내백화점수":1,
            "5km이내아울렛몰수":0,
            "1km이내대형먀트수":0,
            "500m이내은행수":0,
            "500m이내병원수":4,
            "5km이내대형병원수":10,
            "500m이내공원수":3,
            "3km이내혐오시설수":1,
            "초등학교학업성취도":84.5,
            "중학교학업성취도":79.5,
            "용적률":271,
            "건폐율":30,
            "Y":37.5123,
            "X":126.95304,
            "rank":48.0,
            "area_info":"25평(85.27), 32평(106.78), 33평(109.78), 43평(142.45)",
            "last_sales":"2021-10-26,135000.0,32평(106.78)"
        },
        {
            "index":66,
            "아파트명":"대방주공2단지",
            "투자타입":"일반",
            "전용면적(m2)":"71.23",
            "전용면적(평)":"21평",
            "법정동주소":"서울시 동작구 대방동 503",
            "도로명주소":"서울시 동작구 여의대방로44길 47",
            "세대수":80,
            "입주년차":0,
            "용적률점수":"--",
            "건폐율점수":"--",
            "세대당주차수":0,
            "난방방식":80,
            "공급면적":"--",
            "전용률":"--",
            "욕실수":50,
            "현관타입":10,
            "주거총점":42.0,
            "지역구공급총점":0.0,
            "역세권":50,
            "30분내 이동가능 거점":100,
            "1시간내 이동가능 거점":100,
            "교통총점":75.0,
            "백화점":100,
            "아울렛몰":0,
            "대형마트":0,
            "은행":20,
            "병원":60,
            "종합병원":100,
            "공원":80,
            "혐오시설":0,
            "인프라총점":60.4,
            "초등학군":92.91,
            "중학군":58.02,
            "학군총점":64.998,
            "인구수":44.73,
            "인구증감":-10.33,
            "인구총점":28.212,
            "일자리":13.2,
            "소득수준":62.64,
            "일자리총점":28.032,
            "가치 총점":62.5197,
            "매매실거래년":20220107.0,
            "매매실거래가":86000.0,
            "전세실거래년":20211215.0,
            "전세실거래가":31500.0,
            "전세가율":36.63,
            "장기전세가율평균":68.35,
            "전세가율거품지수":31.72,
            "검색코드":7960,
            "세대수":798.0,
            "준공년월":"1995-04-27",
            "준공년차":28.0,
            "가까운역이름":"대방",
            "가까운역거리":500.76,
            "역세권여부":"준역세권",
            "30분이내주요거점역":5,
            "1시간이내주요거점역":16,
            "3km이내백화점수":4,
            "5km이내아울렛몰수":0,
            "1km이내대형먀트수":0,
            "500m이내은행수":2,
            "500m이내병원수":11,
            "5km이내대형병원수":12,
            "500m이내공원수":1,
            "3km이내혐오시설수":0,
            "초등학교학업성취도":92.91,
            "중학교학업성취도":93.7,
            "용적률":183,
            "건폐율":13,
            "Y":37.509563,
            "X":126.92947,
            "rank":49.0,
            "area_info":"21평(71.23), 24평(80.74), 24평(82.56)",
            "last_sales":"2022-01-07,86000.0,21평(71.23)"
        },
        {
            "index":11,
            "아파트명":"신동아리버파크",
            "투자타입":"일반",
            "전용면적(m2)":"85.02",
            "전용면적(평)":"25평",
            "법정동주소":"서울시 동작구 노량진동 325",
            "도로명주소":"서울시 동작구 만양로 19",
            "세대수":100,
            "입주년차":20,
            "용적률점수":"--",
            "건폐율점수":"--",
            "세대당주차수":30,
            "난방방식":80,
            "공급면적":"--",
            "전용률":"--",
            "욕실수":50,
            "현관타입":10,
            "주거총점":57.5,
            "지역구공급총점":0.0,
            "역세권":50,
            "30분내 이동가능 거점":80,
            "1시간내 이동가능 거점":100,
            "교통총점":69.0,
            "백화점":100,
            "아울렛몰":0,
            "대형마트":0,
            "은행":20,
            "병원":80,
            "종합병원":100,
            "공원":100,
            "혐오시설":-50,
            "인프라총점":62.0,
            "초등학군":84.98,
            "중학군":47.1,
            "학군총점":54.676,
            "인구수":44.73,
            "인구증감":-10.33,
            "인구총점":28.212,
            "일자리":13.2,
            "소득수준":62.64,
            "일자리총점":28.032,
            "가치 총점":62.4514,
            "매매실거래년":20211119.0,
            "매매실거래가":93000.0,
            "전세실거래년":20220115.0,
            "전세실거래가":39900.0,
            "전세가율":42.9,
            "장기전세가율평균":68.35,
            "전세가율거품지수":25.45,
            "검색코드":3280,
            "세대수":1696.0,
            "준공년월":"2001-02-15",
            "준공년차":22.0,
            "가까운역이름":"장승배기",
            "가까운역거리":592.61,
            "역세권여부":"준역세권",
            "30분이내주요거점역":4,
            "1시간이내주요거점역":16,
            "3km이내백화점수":2,
            "5km이내아울렛몰수":0,
            "1km이내대형먀트수":0,
            "500m이내은행수":2,
            "500m이내병원수":36,
            "5km이내대형병원수":10,
            "500m이내공원수":6,
            "3km이내혐오시설수":1,
            "초등학교학업성취도":84.98,
            "중학교학업성취도":77.5,
            "용적률":324,
            "건폐율":19,
            "Y":37.507853,
            "X":126.944741,
            "rank":50.0,
            "area_info":"25평(85.02), 33평(109.76), 43평(144.06)",
            "last_sales":"2021-11-19,93000.0,25평(85.02)"
        },
        {
            "index":571,
            "아파트명":"현대",
            "투자타입":"일반",
            "전용면적(m2)":"107.25",
            "전용면적(평)":"32평",
            "법정동주소":"서울시 동작구 신대방동 707",
            "도로명주소":"서울시 동작구 여의대방로 28",
            "세대수":80,
            "입주년차":0,
            "용적률점수":"--",
            "건폐율점수":"--",
            "세대당주차수":30,
            "난방방식":30,
            "공급면적":"--",
            "전용률":"--",
            "욕실수":100,
            "현관타입":100,
            "주거총점":55.5,
            "지역구공급총점":0.0,
            "역세권":50,
            "30분내 이동가능 거점":60,
            "1시간내 이동가능 거점":100,
            "교통총점":63.0,
            "백화점":100,
            "아울렛몰":100,
            "대형마트":0,
            "은행":20,
            "병원":30,
            "종합병원":100,
            "공원":80,
            "혐오시설":0,
            "인프라총점":67.4,
            "초등학군":81.98,
            "중학군":54.04,
            "학군총점":59.628,
            "인구수":44.73,
            "인구증감":-10.33,
            "인구총점":28.212,
            "일자리":13.2,
            "소득수준":62.64,
            "일자리총점":28.032,
            "가치 총점":62.3142,
            "매매실거래년":20211028.0,
            "매매실거래가":114700.0,
            "전세실거래년":20211230.0,
            "전세실거래가":50000.0,
            "전세가율":43.59,
            "장기전세가율평균":68.35,
            "전세가율거품지수":24.76,
            "검색코드":396,
            "세대수":880.0,
            "준공년월":"1996-02-13",
            "준공년차":27.0,
            "가까운역이름":"신풍",
            "가까운역거리":611.3,
            "역세권여부":"준역세권",
            "30분이내주요거점역":3,
            "1시간이내주요거점역":18,
            "3km이내백화점수":4,
            "5km이내아울렛몰수":2,
            "1km이내대형먀트수":0,
            "500m이내은행수":2,
            "500m이내병원수":6,
            "5km이내대형병원수":14,
            "500m이내공원수":1,
            "3km이내혐오시설수":0,
            "초등학교학업성취도":81.98,
            "중학교학업성취도":88.6,
            "용적률":301,
            "건폐율":18,
            "Y":37.494777,
            "X":126.911757,
            "rank":51.0,
            "area_info":"32평(107.25), 32평(107.25)",
            "last_sales":"2021-10-28,114700.0,32평(107.25)"
        },
        {
            "index":19,
            "아파트명":"어바니엘한강(민간임대,도시형)",
            "투자타입":"일반",
            "전용면적(m2)":"34.21",
            "전용면적(평)":"10평",
            "법정동주소":"서울시 동작구 노량진동 333",
            "도로명주소":"서울시 동작구 노량진로 190",
            "세대수":0,
            "입주년차":80,
            "용적률점수":"--",
            "건폐율점수":"--",
            "세대당주차수":0,
            "난방방식":30,
            "공급면적":"--",
            "전용률":"--",
            "욕실수":50,
            "현관타입":10,
            "주거총점":25.0,
            "지역구공급총점":0.0,
            "역세권":80,
            "30분내 이동가능 거점":100,
            "1시간내 이동가능 거점":100,
            "교통총점":90.0,
            "백화점":100,
            "아울렛몰":0,
            "대형마트":0,
            "은행":0,
            "병원":60,
            "종합병원":100,
            "공원":100,
            "혐오시설":-50,
            "인프라총점":58.0,
            "초등학군":84.98,
            "중학군":48.82,
            "학군총점":56.052,
            "인구수":44.73,
            "인구증감":-10.33,
            "인구총점":28.212,
            "일자리":13.2,
            "소득수준":62.64,
            "일자리총점":28.032,
            "가치 총점":62.3078,
            "매매실거래년":"18000101",
            "매매실거래가":null,
            "전세실거래년":null,
            "전세실거래가":null,
            "전세가율":null,
            "장기전세가율평균":68.35,
            "전세가율거품지수":null,
            "검색코드":123369,
            "세대수":207.0,
            "준공년월":"2018-07-24",
            "준공년차":5.0,
            "가까운역이름":"노량진",
            "가까운역거리":409.5,
            "역세권여부":"역세권",
            "30분이내주요거점역":6,
            "1시간이내주요거점역":19,
            "3km이내백화점수":1,
            "5km이내아울렛몰수":0,
            "1km이내대형먀트수":0,
            "500m이내은행수":1,
            "500m이내병원수":16,
            "5km이내대형병원수":10,
            "500m이내공원수":3,
            "3km이내혐오시설수":1,
            "초등학교학업성취도":84.98,
            "중학교학업성취도":79.5,
            "용적률":379,
            "건폐율":43,
            "Y":37.512973,
            "X":126.946823,
            "rank":52.0,
            "area_info":"10평(34.21), 10평(35.83), 13평(43.03), 16평(53.32), 16평(54.39), 16평(54.29), 16평(55.46), 18평(61.48)",
            "last_sales":"1800-01-01,nan,10평(34.21)"
        },
        {
            "index":9,
            "아파트명":"삼익",
            "투자타입":"일반",
            "전용면적(m2)":"83.63",
            "전용면적(평)":"25평",
            "법정동주소":"서울시 동작구 노량진동 330",
            "도로명주소":"서울시 동작구 만양로 84",
            "세대수":0,
            "입주년차":20,
            "용적률점수":"--",
            "건폐율점수":"--",
            "세대당주차수":60,
            "난방방식":30,
            "공급면적":"--",
            "전용률":"--",
            "욕실수":50,
            "현관타입":50,
            "주거총점":26.0,
            "지역구공급총점":0.0,
            "역세권":80,
            "30분내 이동가능 거점":80,
            "1시간내 이동가능 거점":100,
            "교통총점":84.0,
            "백화점":100,
            "아울렛몰":0,
            "대형마트":0,
            "은행":70,
            "병원":60,
            "종합병원":100,
            "공원":100,
            "혐오시설":-50,
            "인프라총점":65.0,
            "초등학군":84.98,
            "중학군":47.1,
            "학군총점":54.676,
            "인구수":44.73,
            "인구증감":-10.33,
            "인구총점":28.212,
            "일자리":13.2,
            "소득수준":62.64,
            "일자리총점":28.032,
            "가치 총점":62.3014,
            "매매실거래년":20211218.0,
            "매매실거래가":85300.0,
            "전세실거래년":20211011.0,
            "전세실거래가":38850.0,
            "전세가율":51.8,
            "장기전세가율평균":68.35,
            "전세가율거품지수":16.55,
            "검색코드":932,
            "세대수":175.0,
            "준공년월":"2001-07-11",
            "준공년차":22.0,
            "가까운역이름":"노량진",
            "가까운역거리":428.24,
            "역세권여부":"역세권",
            "30분이내주요거점역":4,
            "1시간이내주요거점역":15,
            "3km이내백화점수":2,
            "5km이내아울렛몰수":0,
            "1km이내대형먀트수":0,
            "500m이내은행수":3,
            "500m이내병원수":18,
            "5km이내대형병원수":10,
            "500m이내공원수":4,
            "3km이내혐오시설수":1,
            "초등학교학업성취도":84.98,
            "중학교학업성취도":77.5,
            "용적률":357,
            "건폐율":48,
            "Y":37.510992,
            "X":126.945104,
            "rank":53.0,
            "area_info":"25평(83.63), 36평(120.1)",
            "last_sales":"2021-12-18,85300.0,36평(120.1)"
        },
        {
            "index":27,
            "아파트명":"우성",
            "투자타입":"일반",
            "전용면적(m2)":"83.79",
            "전용면적(평)":"25평",
            "법정동주소":"서울시 동작구 노량진동 323",
            "도로명주소":"서울시 동작구 만양로8길 50",
            "세대수":90,
            "입주년차":0,
            "용적률점수":"--",
            "건폐율점수":"--",
            "세대당주차수":30,
            "난방방식":80,
            "공급면적":"--",
            "전용률":"--",
            "욕실수":50,
            "현관타입":10,
            "주거총점":50.0,
            "지역구공급총점":0.0,
            "역세권":50,
            "30분내 이동가능 거점":100,
            "1시간내 이동가능 거점":100,
            "교통총점":75.0,
            "백화점":100,
            "아울렛몰":0,
            "대형마트":0,
            "은행":0,
            "병원":60,
            "종합병원":100,
            "공원":100,
            "혐오시설":-50,
            "인프라총점":58.0,
            "초등학군":84.98,
            "중학군":48.82,
            "학군총점":56.052,
            "인구수":44.73,
            "인구증감":-10.33,
            "인구총점":28.212,
            "일자리":13.2,
            "소득수준":62.64,
            "일자리총점":28.032,
            "가치 총점":62.0578,
            "매매실거래년":20211016.0,
            "매매실거래가":102500.0,
            "전세실거래년":20211217.0,
            "전세실거래가":38850.0,
            "전세가율":37.9,
            "장기전세가율평균":68.35,
            "전세가율거품지수":30.45,
            "검색코드":362,
            "세대수":901.0,
            "준공년월":"1997-12-16",
            "준공년차":26.0,
            "가까운역이름":"노들",
            "가까운역거리":588.92,
            "역세권여부":"준역세권",
            "30분이내주요거점역":5,
            "1시간이내주요거점역":18,
            "3km이내백화점수":2,
            "5km이내아울렛몰수":0,
            "1km이내대형먀트수":0,
            "500m이내은행수":0,
            "500m이내병원수":16,
            "5km이내대형병원수":10,
            "500m이내공원수":5,
            "3km이내혐오시설수":1,
            "초등학교학업성취도":84.98,
            "중학교학업성취도":79.5,
            "용적률":275,
            "건폐율":23,
            "Y":37.509782,
            "X":126.947813,
            "rank":54.0,
            "area_info":"25평(83.79), 33평(109.55), 33평(109.39), 46평(153.2)",
            "last_sales":"2021-10-16,102500.0,25평(83.79)"
        },
        {
            "index":508,
            "아파트명":"보라매삼성쉐르빌",
            "투자타입":"일반",
            "전용면적(m2)":"156.96",
            "전용면적(평)":"47평",
            "법정동주소":"서울시 동작구 신대방동 395-66",
            "도로명주소":"서울시 동작구 보라매로5길 43",
            "세대수":0,
            "입주년차":20,
            "용적률점수":"--",
            "건폐율점수":"--",
            "세대당주차수":100,
            "난방방식":80,
            "공급면적":"--",
            "전용률":"--",
            "욕실수":100,
            "현관타입":100,
            "주거총점":47.0,
            "지역구공급총점":0.0,
            "역세권":50,
            "30분내 이동가능 거점":60,
            "1시간내 이동가능 거점":100,
            "교통총점":63.0,
            "백화점":100,
            "아울렛몰":100,
            "대형마트":0,
            "은행":100,
            "병원":60,
            "종합병원":100,
            "공원":0,
            "혐오시설":-100,
            "인프라총점":74.0,
            "초등학군":86.25,
            "중학군":47.9,
            "학군총점":55.57,
            "인구수":44.73,
            "인구증감":-10.33,
            "인구총점":28.212,
            "일자리":13.2,
            "소득수준":62.64,
            "일자리총점":28.032,
            "가치 총점":61.9855,
            "매매실거래년":20211110.0,
            "매매실거래가":179800.0,
            "전세실거래년":20210813.0,
            "전세실거래가":60000.0,
            "전세가율":47.58,
            "장기전세가율평균":68.35,
            "전세가율거품지수":20.77,
            "검색코드":12732,
            "세대수":246.0,
            "준공년월":"2003-01-03",
            "준공년차":20.0,
            "가까운역이름":"보라매",
            "가까운역거리":968.0,
            "역세권여부":"준역세권",
            "30분이내주요거점역":3,
            "1시간이내주요거점역":17,
            "3km이내백화점수":1,
            "5km이내아울렛몰수":2,
            "1km이내대형먀트수":0,
            "500m이내은행수":5,
            "500m이내병원수":15,
            "5km이내대형병원수":12,
            "500m이내공원수":0,
            "3km이내혐오시설수":2,
            "초등학교학업성취도":86.25,
            "중학교학업성취도":79.1,
            "용적률":1249,
            "건폐율":59,
            "Y":37.491496,
            "X":126.923418,
            "rank":55.0,
            "area_info":"47평(156.96), 64평(213.25), 64평(213.25)",
            "last_sales":"2021-11-10,179800.0,64평(213.25)"
        },
        {
            "index":451,
            "아파트명":"씨티아모리움(도시형)",
            "투자타입":"일반",
            "전용면적(m2)":"21.55",
            "전용면적(평)":"6평",
            "법정동주소":"서울시 동작구 상도동 532",
            "도로명주소":"서울시 동작구 상도로62길 81-1",
            "세대수":0,
            "입주년차":60,
            "용적률점수":"--",
            "건폐율점수":"--",
            "세대당주차수":0,
            "난방방식":30,
            "공급면적":"--",
            "전용률":"--",
            "욕실수":50,
            "현관타입":10,
            "주거총점":21.0,
            "지역구공급총점":0.0,
            "역세권":80,
            "30분내 이동가능 거점":80,
            "1시간내 이동가능 거점":100,
            "교통총점":84.0,
            "백화점":100,
            "아울렛몰":0,
            "대형마트":0,
            "은행":70,
            "병원":60,
            "종합병원":100,
            "공원":100,
            "혐오시설":0,
            "인프라총점":66.0,
            "초등학군":83.61,
            "중학군":50.2,
            "학군총점":56.882,
            "인구수":44.73,
            "인구증감":-10.33,
            "인구총점":28.212,
            "일자리":13.2,
            "소득수준":62.64,
            "일자리총점":28.032,
            "가치 총점":61.9323,
            "매매실거래년":20211122.0,
            "매매실거래가":19500.0,
            "전세실거래년":20211122.0,
            "전세실거래가":12500.0,
            "전세가율":92.59,
            "장기전세가율평균":68.35,
            "전세가율거품지수":-24.24,
            "검색코드":105931,
            "세대수":141.0,
            "준공년월":"2012-12-21",
            "준공년차":11.0,
            "가까운역이름":"숭실대입구",
            "가까운역거리":257.69,
            "역세권여부":"역세권",
            "30분이내주요거점역":4,
            "1시간이내주요거점역":17,
            "3km이내백화점수":1,
            "5km이내아울렛몰수":0,
            "1km이내대형먀트수":0,
            "500m이내은행수":4,
            "500m이내병원수":29,
            "5km이내대형병원수":11,
            "500m이내공원수":2,
            "3km이내혐오시설수":0,
            "초등학교학업성취도":83.61,
            "중학교학업성취도":82.6,
            "용적률":198,
            "건폐율":37,
            "Y":37.497416,
            "X":126.951482,
            "rank":56.0,
            "area_info":"6평(21.55), 7평(23.89), 7평(26.24), 8평(29.13), 15평(52.49)",
            "last_sales":"2021-11-22,19500.0,8평(29.13)"
        },
        {
            "index":209,
            "아파트명":"사당우성2단지",
            "투자타입":"일반",
            "전용면적(m2)":"60.21",
            "전용면적(평)":"18평",
            "법정동주소":"서울시 동작구 사당동 105",
            "도로명주소":"서울시 동작구 동작대로29길 91",
            "세대수":90,
            "입주년차":0,
            "용적률점수":"--",
            "건폐율점수":"--",
            "세대당주차수":30,
            "난방방식":80,
            "공급면적":"--",
            "전용률":"--",
            "욕실수":50,
            "현관타입":10,
            "주거총점":50.0,
            "지역구공급총점":0.0,
            "역세권":50,
            "30분내 이동가능 거점":100,
            "1시간내 이동가능 거점":100,
            "교통총점":75.0,
            "백화점":0,
            "아울렛몰":0,
            "대형마트":80,
            "은행":100,
            "병원":100,
            "종합병원":100,
            "공원":100,
            "혐오시설":0,
            "인프라총점":55.0,
            "초등학군":80.99,
            "중학군":55.3,
            "학군총점":60.438,
            "인구수":44.73,
            "인구증감":-10.33,
            "인구총점":28.212,
            "일자리":13.2,
            "소득수준":62.64,
            "일자리총점":28.032,
            "가치 총점":61.8157,
            "매매실거래년":20211022.0,
            "매매실거래가":140000.0,
            "전세실거래년":20211204.0,
            "전세실거래가":33600.0,
            "전세가율":36.92,
            "장기전세가율평균":68.35,
            "전세가율거품지수":31.43,
            "검색코드":380,
            "세대수":1080.0,
            "준공년월":"1993-12-21",
            "준공년차":30.0,
            "가까운역이름":"남성",
            "가까운역거리":618.77,
            "역세권여부":"준역세권",
            "30분이내주요거점역":6,
            "1시간이내주요거점역":17,
            "3km이내백화점수":0,
            "5km이내아울렛몰수":0,
            "1km이내대형먀트수":1,
            "500m이내은행수":5,
            "500m이내병원수":67,
            "5km이내대형병원수":5,
            "500m이내공원수":3,
            "3km이내혐오시설수":0,
            "초등학교학업성취도":80.99,
            "중학교학업성취도":91.5,
            "용적률":248,
            "건폐율":18,
            "Y":37.487604,
            "X":126.977151,
            "rank":57.0,
            "area_info":"18평(60.21), 23평(76.91), 23평(77.13), 33평(109.43), 33평(111.96), 38평(128.16), 41평(137.65), 41평(137.2)",
            "last_sales":"2021-10-22,140000.0,33평(111.96)"
        },
        {
            "index":406,
            "아파트명":"상도삼호",
            "투자타입":"일반",
            "전용면적(m2)":"102.8",
            "전용면적(평)":"31평",
            "법정동주소":"서울시 동작구 상도동 408",
            "도로명주소":"서울시 동작구 상도로 407",
            "세대수":50,
            "입주년차":0,
            "용적률점수":"--",
            "건폐율점수":"--",
            "세대당주차수":0,
            "난방방식":80,
            "공급면적":"--",
            "전용률":"--",
            "욕실수":100,
            "현관타입":100,
            "주거총점":45.5,
            "지역구공급총점":0.0,
            "역세권":80,
            "30분내 이동가능 거점":60,
            "1시간내 이동가능 거점":100,
            "교통총점":78.0,
            "백화점":100,
            "아울렛몰":0,
            "대형마트":0,
            "은행":20,
            "병원":0,
            "종합병원":100,
            "공원":80,
            "혐오시설":0,
            "인프라총점":54.4,
            "초등학군":87.78,
            "중학군":51.86,
            "학군총점":59.044,
            "인구수":44.73,
            "인구증감":-10.33,
            "인구총점":28.212,
            "일자리":13.2,
            "소득수준":62.64,
            "일자리총점":28.032,
            "가치 총점":61.5766,
            "매매실거래년":20211217.0,
            "매매실거래가":113000.0,
            "전세실거래년":20201219.0,
            "전세실거래가":63000.0,
            "전세가율":90.0,
            "장기전세가율평균":68.35,
            "전세가율거품지수":-21.65,
            "검색코드":388,
            "세대수":682.0,
            "준공년월":"1994-02-25",
            "준공년차":29.0,
            "가까운역이름":"숭실대입구",
            "가까운역거리":430.98,
            "역세권여부":"역세권",
            "30분이내주요거점역":3,
            "1시간이내주요거점역":17,
            "3km이내백화점수":1,
            "5km이내아울렛몰수":0,
            "1km이내대형먀트수":0,
            "500m이내은행수":2,
            "500m이내병원수":0,
            "5km이내대형병원수":8,
            "500m이내공원수":1,
            "3km이내혐오시설수":0,
            "초등학교학업성취도":87.78,
            "중학교학업성취도":84.9,
            "용적률":295,
            "건폐율":23,
            "Y":37.493569,
            "X":126.957597,
            "rank":58.0,
            "area_info":"31평(102.8), 31평(103.59), 41평(136.62)",
            "last_sales":"2021-12-17,113000.0,41평(136.62)"
        },
        {
            "index":258,
            "아파트명":"이수자이",
            "투자타입":"일반",
            "전용면적(m2)":"122.91",
            "전용면적(평)":"37평",
            "법정동주소":"서울시 동작구 사당동 147-29",
            "도로명주소":"서울시 동작구 사당로 300",
            "세대수":0,
            "입주년차":60,
            "용적률점수":"--",
            "건폐율점수":"--",
            "세대당주차수":80,
            "난방방식":30,
            "공급면적":"--",
            "전용률":"--",
            "욕실수":100,
            "현관타입":100,
            "주거총점":47.0,
            "지역구공급총점":0.0,
            "역세권":50,
            "30분내 이동가능 거점":100,
            "1시간내 이동가능 거점":100,
            "교통총점":75.0,
            "백화점":0,
            "아울렛몰":0,
            "대형마트":80,
            "은행":100,
            "병원":100,
            "종합병원":100,
            "공원":100,
            "혐오시설":0,
            "인프라총점":55.0,
            "초등학군":88.29,
            "중학군":55.3,
            "학군총점":61.898,
            "인구수":44.73,
            "인구증감":-10.33,
            "인구총점":28.212,
            "일자리":13.2,
            "소득수준":62.64,
            "일자리총점":28.032,
            "가치 총점":61.4347,
            "매매실거래년":20201007.0,
            "매매실거래가":180000.0,
            "전세실거래년":20210506.0,
            "전세실거래가":58000.0,
            "전세가율":72.96,
            "장기전세가율평균":68.35,
            "전세가율거품지수":-4.61,
            "검색코드":27866,
            "세대수":140.0,
            "준공년월":"2010-12-15",
            "준공년차":13.0,
            "가까운역이름":"남성",
            "가까운역거리":818.7,
            "역세권여부":"준역세권",
            "30분이내주요거점역":9,
            "1시간이내주요거점역":18,
            "3km이내백화점수":0,
            "5km이내아울렛몰수":0,
            "1km이내대형먀트수":1,
            "500m이내은행수":11,
            "500m이내병원수":81,
            "5km이내대형병원수":3,
            "500m이내공원수":2,
            "3km이내혐오시설수":0,
            "초등학교학업성취도":88.29,
            "중학교학업성취도":91.5,
            "용적률":736,
            "건폐율":59,
            "Y":37.484515,
            "X":126.980529,
            "rank":59.0,
            "area_info":"37평(122.91), 37평(124.81), 41평(137.57), 46평(155.03), 47평(158.63), 48평(160.22), 49평(162.16), 49평(163.64), 61평(202.67), 63평(209.17)",
            "last_sales":"2020-10-07,180000.0,63평(209.17)"
        },
        {
            "index":445,
            "아파트명":"상도휴엔하임(도시형)",
            "투자타입":"일반",
            "전용면적(m2)":"22.32",
            "전용면적(평)":"6평",
            "법정동주소":"서울시 동작구 상도동 363-164",
            "도로명주소":"서울시 동작구 상도로15길 131",
            "세대수":0,
            "입주년차":80,
            "용적률점수":"--",
            "건폐율점수":"--",
            "세대당주차수":0,
            "난방방식":30,
            "공급면적":"--",
            "전용률":"--",
            "욕실수":50,
            "현관타입":10,
            "주거총점":25.0,
            "지역구공급총점":0.0,
            "역세권":80,
            "30분내 이동가능 거점":60,
            "1시간내 이동가능 거점":100,
            "교통총점":78.0,
            "백화점":100,
            "아울렛몰":0,
            "대형마트":0,
            "은행":70,
            "병원":80,
            "종합병원":100,
            "공원":100,
            "혐오시설":0,
            "인프라총점":68.0,
            "초등학군":86.09,
            "중학군":47.1,
            "학군총점":54.898,
            "인구수":44.73,
            "인구증감":-10.33,
            "인구총점":28.212,
            "일자리":13.2,
            "소득수준":62.64,
            "일자리총점":28.032,
            "가치 총점":60.9347,
            "매매실거래년":20220103.0,
            "매매실거래가":14200.0,
            "전세실거래년":20220110.0,
            "전세실거래가":15000.0,
            "전세가율":105.63,
            "장기전세가율평균":68.35,
            "전세가율거품지수":-37.28,
            "검색코드":111611,
            "세대수":298.0,
            "준공년월":"2016-02-24",
            "준공년차":7.0,
            "가까운역이름":"장승배기",
            "가까운역거리":101.07,
            "역세권여부":"역세권",
            "30분이내주요거점역":3,
            "1시간이내주요거점역":18,
            "3km이내백화점수":3,
            "5km이내아울렛몰수":0,
            "1km이내대형먀트수":0,
            "500m이내은행수":3,
            "500m이내병원수":44,
            "5km이내대형병원수":11,
            "500m이내공원수":3,
            "3km이내혐오시설수":0,
            "초등학교학업성취도":86.09,
            "중학교학업성취도":77.5,
            "용적률":0,
            "건폐율":59,
            "Y":37.504989,
            "X":126.93801,
            "rank":60.0,
            "area_info":"6평(22.32), 7평(25.57)",
            "last_sales":"2022-01-03,14200.0,6평(22.32)"
        },
        {
            "index":501,
            "아파트명":"보라매롯데낙천대",
            "투자타입":"일반",
            "전용면적(m2)":"74.93",
            "전용면적(평)":"22평",
            "법정동주소":"서울시 동작구 신대방동 713",
            "도로명주소":"서울시 동작구 여의대방로10길 38",
            "세대수":80,
            "입주년차":20,
            "용적률점수":"--",
            "건폐율점수":"--",
            "세대당주차수":0,
            "난방방식":30,
            "공급면적":"--",
            "전용률":"--",
            "욕실수":100,
            "현관타입":100,
            "주거총점":55.0,
            "지역구공급총점":0.0,
            "역세권":50,
            "30분내 이동가능 거점":60,
            "1시간내 이동가능 거점":100,
            "교통총점":63.0,
            "백화점":100,
            "아울렛몰":100,
            "대형마트":0,
            "은행":0,
            "병원":10,
            "종합병원":100,
            "공원":80,
            "혐오시설":-100,
            "인프라총점":61.4,
            "초등학군":86.02,
            "중학군":54.04,
            "학군총점":60.436,
            "인구수":44.73,
            "인구증감":-10.33,
            "인구총점":28.212,
            "일자리":13.2,
            "소득수준":62.64,
            "일자리총점":28.032,
            "가치 총점":60.5354,
            "매매실거래년":20211122.0,
            "매매실거래가":128000.0,
            "전세실거래년":20211230.0,
            "전세실거래가":50500.0,
            "전세가율":54.3,
            "장기전세가율평균":68.35,
            "전세가율거품지수":14.05,
            "검색코드":3386,
            "세대수":734.0,
            "준공년월":"2003-08-02",
            "준공년차":20.0,
            "가까운역이름":"신풍",
            "가까운역거리":682.91,
            "역세권여부":"준역세권",
            "30분이내주요거점역":3,
            "1시간이내주요거점역":17,
            "3km이내백화점수":4,
            "5km이내아울렛몰수":2,
            "1km이내대형먀트수":0,
            "500m이내은행수":1,
            "500m이내병원수":4,
            "5km이내대형병원수":14,
            "500m이내공원수":1,
            "3km이내혐오시설수":2,
            "초등학교학업성취도":86.02,
            "중학교학업성취도":88.6,
            "용적률":340,
            "건폐율":22,
            "Y":37.494631,
            "X":126.913501,
            "rank":61.0,
            "area_info":"22평(74.93), 29평(97.53), 30평(99.91), 30평(100.34), 30평(100.12), 30평(100.17), 39평(129.34)",
            "last_sales":"2021-11-22,128000.0,30평(100.12)"
        },
        {
            "index":553,
            "아파트명":"신대방",
            "투자타입":"일반",
            "전용면적(m2)":"84.79",
            "전용면적(평)":"25평",
            "법정동주소":"서울시 동작구 신대방동 705",
            "도로명주소":"서울시 동작구 보라매로 83",
            "세대수":0,
            "입주년차":0,
            "용적률점수":"--",
            "건폐율점수":"--",
            "세대당주차수":0,
            "난방방식":30,
            "공급면적":"--",
            "전용률":"--",
            "욕실수":50,
            "현관타입":100,
            "주거총점":18.0,
            "지역구공급총점":0.0,
            "역세권":80,
            "30분내 이동가능 거점":60,
            "1시간내 이동가능 거점":100,
            "교통총점":78.0,
            "백화점":100,
            "아울렛몰":100,
            "대형마트":0,
            "은행":20,
            "병원":80,
            "종합병원":100,
            "공원":100,
            "혐오시설":-100,
            "인프라총점":71.0,
            "초등학군":86.15,
            "중학군":47.9,
            "학군총점":55.55,
            "인구수":44.73,
            "인구증감":-10.33,
            "인구총점":28.212,
            "일자리":13.2,
            "소득수준":62.64,
            "일자리총점":28.032,
            "가치 총점":60.5325,
            "매매실거래년":20211005.0,
            "매매실거래가":62000.0,
            "전세실거래년":20200626.0,
            "전세실거래가":34000.0,
            "전세가율":73.91,
            "장기전세가율평균":68.35,
            "전세가율거품지수":-5.56,
            "검색코드":3287,
            "세대수":108.0,
            "준공년월":"1995-05-17",
            "준공년차":28.0,
            "가까운역이름":"신대방삼거리",
            "가까운역거리":350.47,
            "역세권여부":"역세권",
            "30분이내주요거점역":3,
            "1시간이내주요거점역":18,
            "3km이내백화점수":2,
            "5km이내아울렛몰수":2,
            "1km이내대형먀트수":0,
            "500m이내은행수":2,
            "500m이내병원수":50,
            "5km이내대형병원수":11,
            "500m이내공원수":2,
            "3km이내혐오시설수":2,
            "초등학교학업성취도":86.15,
            "중학교학업성취도":79.1,
            "용적률":220,
            "건폐율":30,
            "Y":37.496667,
            "X":126.9272,
            "rank":62.0,
            "area_info":"25평(84.79), 25평(85.72)",
            "last_sales":"2021-10-05,62000.0,25평(85.72)"
        },
        {
            "index":366,
            "아파트명":"상도동원베네스트",
            "투자타입":"일반",
            "전용면적(m2)":"95.18",
            "전용면적(평)":"28평",
            "법정동주소":"서울시 동작구 상도동 528",
            "도로명주소":"서울시 동작구 상도로34길 42",
            "세대수":0,
            "입주년차":40,
            "용적률점수":"--",
            "건폐율점수":"--",
            "세대당주차수":30,
            "난방방식":30,
            "공급면적":"--",
            "전용률":"--",
            "욕실수":100,
            "현관타입":50,
            "주거총점":30.5,
            "지역구공급총점":0.0,
            "역세권":80,
            "30분내 이동가능 거점":60,
            "1시간내 이동가능 거점":100,
            "교통총점":78.0,
            "백화점":100,
            "아울렛몰":0,
            "대형마트":0,
            "은행":20,
            "병원":80,
            "종합병원":100,
            "공원":100,
            "혐오시설":0,
            "인프라총점":63.0,
            "초등학군":85.13,
            "중학군":47.1,
            "학군총점":54.706,
            "인구수":44.73,
            "인구증감":-10.33,
            "인구총점":28.212,
            "일자리":13.2,
            "소득수준":62.64,
            "일자리총점":28.032,
            "가치 총점":60.5059,
            "매매실거래년":20200813.0,
            "매매실거래가":109000.0,
            "전세실거래년":20170909.0,
            "전세실거래가":51000.0,
            "전세가율":111.11,
            "장기전세가율평균":68.35,
            "전세가율거품지수":-42.76,
            "검색코드":23116,
            "세대수":162.0,
            "준공년월":"2008-10-31",
            "준공년차":15.0,
            "가까운역이름":"상도",
            "가까운역거리":296.78,
            "역세권여부":"역세권",
            "30분이내주요거점역":3,
            "1시간이내주요거점역":16,
            "3km이내백화점수":2,
            "5km이내아울렛몰수":0,
            "1km이내대형먀트수":0,
            "500m이내은행수":2,
            "500m이내병원수":36,
            "5km이내대형병원수":10,
            "500m이내공원수":8,
            "3km이내혐오시설수":0,
            "초등학교학업성취도":85.13,
            "중학교학업성취도":77.5,
            "용적률":211,
            "건폐율":21,
            "Y":37.50308,
            "X":126.94456,
            "rank":63.0,
            "area_info":"28평(95.18), 29평(95.91), 32평(108.54), 32평(108.73), 32평(108.34), 32평(108.37), 33평(109.14), 33평(109.53)",
            "last_sales":"2020-08-13,109000.0,33평(109.53)"
        },
        {
            "index":170,
            "아파트명":"래미안이수역로이파크",
            "투자타입":"일반",
            "전용면적(m2)":"80.37",
            "전용면적(평)":"24평",
            "법정동주소":"서울시 동작구 사당동 1159",
            "도로명주소":"서울시 동작구 사당로23길 112",
            "세대수":50,
            "입주년차":80,
            "용적률점수":"--",
            "건폐율점수":"--",
            "세대당주차수":60,
            "난방방식":30,
            "공급면적":"--",
            "전용률":"--",
            "욕실수":100,
            "현관타입":100,
            "주거총점":65.5,
            "지역구공급총점":0.0,
            "역세권":80,
            "30분내 이동가능 거점":60,
            "1시간내 이동가능 거점":100,
            "교통총점":78.0,
            "백화점":0,
            "아울렛몰":0,
            "대형마트":80,
            "은행":0,
            "병원":60,
            "종합병원":100,
            "공원":100,
            "혐오시설":0,
            "인프라총점":41.0,
            "초등학군":80.99,
            "중학군":42.74,
            "학군총점":50.39,
            "인구수":44.73,
            "인구증감":-10.33,
            "인구총점":28.212,
            "일자리":13.2,
            "소득수준":62.64,
            "일자리총점":28.032,
            "가치 총점":60.2585,
            "매매실거래년":20171219.0,
            "매매실거래가":107949.0,
            "전세실거래년":null,
            "전세실거래가":null,
            "전세가율":null,
            "장기전세가율평균":68.35,
            "전세가율거품지수":null,
            "검색코드":111467,
            "세대수":668.0,
            "준공년월":"2018-12-27",
            "준공년차":5.0,
            "가까운역이름":"남성",
            "가까운역거리":470.66,
            "역세권여부":"역세권",
            "30분이내주요거점역":3,
            "1시간이내주요거점역":15,
            "3km이내백화점수":0,
            "5km이내아울렛몰수":0,
            "1km이내대형먀트수":1,
            "500m이내은행수":0,
            "500m이내병원수":22,
            "5km이내대형병원수":5,
            "500m이내공원수":4,
            "3km이내혐오시설수":0,
            "초등학교학업성취도":80.99,
            "중학교학업성취도":70.9,
            "용적률":288,
            "건폐율":20,
            "Y":37.488542,
            "X":126.973181,
            "rank":64.0,
            "area_info":"24평(80.37), 24평(81.5), 32평(105.95), 32평(107.1), 32평(107.27), 32평(108.25), 47평(155.38)",
            "last_sales":"2017-12-19,107949.0,47평(155.38)"
        },
        {
            "index":537,
            "아파트명":"숲속마을신동아파밀리에",
            "투자타입":"일반",
            "전용면적(m2)":"103.77",
            "전용면적(평)":"31평",
            "법정동주소":"서울시 동작구 신대방동 717",
            "도로명주소":"서울시 동작구 여의대방로10길 100",
            "세대수":0,
            "입주년차":40,
            "용적률점수":"--",
            "건폐율점수":"--",
            "세대당주차수":60,
            "난방방식":30,
            "공급면적":"--",
            "전용률":"--",
            "욕실수":100,
            "현관타입":100,
            "주거총점":40.0,
            "지역구공급총점":0.0,
            "역세권":50,
            "30분내 이동가능 거점":80,
            "1시간내 이동가능 거점":100,
            "교통총점":69.0,
            "백화점":100,
            "아울렛몰":100,
            "대형마트":0,
            "은행":0,
            "병원":30,
            "종합병원":100,
            "공원":80,
            "혐오시설":-100,
            "인프라총점":63.4,
            "초등학군":85.41,
            "중학군":54.04,
            "학군총점":60.314,
            "인구수":44.73,
            "인구증감":-10.33,
            "인구총점":28.212,
            "일자리":13.2,
            "소득수준":62.64,
            "일자리총점":28.032,
            "가치 총점":60.2171,
            "매매실거래년":20210722.0,
            "매매실거래가":117000.0,
            "전세실거래년":20211002.0,
            "전세실거래가":52000.0,
            "전세가율":44.44,
            "장기전세가율평균":68.35,
            "전세가율거품지수":23.91,
            "검색코드":22297,
            "세대수":105.0,
            "준공년월":"2005-06-24",
            "준공년차":18.0,
            "가까운역이름":"신대방",
            "가까운역거리":502.24,
            "역세권여부":"준역세권",
            "30분이내주요거점역":4,
            "1시간이내주요거점역":16,
            "3km이내백화점수":4,
            "5km이내아울렛몰수":2,
            "1km이내대형먀트수":0,
            "500m이내은행수":0,
            "500m이내병원수":7,
            "5km이내대형병원수":14,
            "500m이내공원수":1,
            "3km이내혐오시설수":2,
            "초등학교학업성취도":85.41,
            "중학교학업성취도":88.6,
            "용적률":248,
            "건폐율":25,
            "Y":37.491882,
            "X":126.914321,
            "rank":65.0,
            "area_info":"31평(103.77), 41평(136.41), 47평(155.92)",
            "last_sales":"2021-07-22,117000.0,31평(103.77)"
        },
        {
            "index":282,
            "아파트명":"제일",
            "투자타입":"재건축",
            "전용면적(m2)":"82.32",
            "전용면적(평)":"24평",
            "법정동주소":"서울시 동작구 사당동 240-15",
            "도로명주소":"서울시 동작구 사당로16다길 57",
            "세대수":0,
            "입주년차":"--",
            "용적률점수":80,
            "건폐율점수":100,
            "세대당주차수":"--",
            "난방방식":"--",
            "공급면적":70,
            "전용률":60,
            "욕실수":"--",
            "현관타입":"--",
            "주거총점":58.5,
            "지역구공급총점":0.0,
            "역세권":80,
            "30분내 이동가능 거점":100,
            "1시간내 이동가능 거점":100,
            "교통총점":90.0,
            "백화점":0,
            "아울렛몰":0,
            "대형마트":0,
            "은행":0,
            "병원":80,
            "종합병원":100,
            "공원":100,
            "혐오시설":0,
            "인프라총점":31.0,
            "초등학군":87.99,
            "중학군":40.02,
            "학군총점":49.614,
            "인구수":44.73,
            "인구증감":-10.33,
            "인구총점":28.212,
            "일자리":13.2,
            "소득수준":62.64,
            "일자리총점":28.032,
            "가치 총점":59.9421,
            "매매실거래년":20211029.0,
            "매매실거래가":89000.0,
            "전세실거래년":20220108.0,
            "전세실거래가":32500.0,
            "전세가율":36.52,
            "장기전세가율평균":68.35,
            "전세가율거품지수":31.83,
            "검색코드":382,
            "세대수":296.0,
            "준공년월":"1987-02-13",
            "준공년차":36.0,
            "가까운역이름":"남성",
            "가까운역거리":245.19,
            "역세권여부":"역세권",
            "30분이내주요거점역":6,
            "1시간이내주요거점역":17,
            "3km이내백화점수":0,
            "5km이내아울렛몰수":0,
            "1km이내대형먀트수":0,
            "500m이내은행수":1,
            "500m이내병원수":41,
            "5km이내대형병원수":5,
            "500m이내공원수":8,
            "3km이내혐오시설수":0,
            "초등학교학업성취도":87.99,
            "중학교학업성취도":66.7,
            "용적률":174,
            "건폐율":18,
            "Y":37.48295,
            "X":126.969402,
            "rank":66.0,
            "area_info":"24평(82.32)",
            "last_sales":"2021-10-29,89000.0,24평(82.32)"
        },
        {
            "index":132,
            "아파트명":"한신휴플러스",
            "투자타입":"일반",
            "전용면적(m2)":"71.47",
            "전용면적(평)":"21평",
            "법정동주소":"서울시 동작구 본동 487",
            "도로명주소":"서울시 동작구 매봉로 99",
            "세대수":0,
            "입주년차":40,
            "용적률점수":"--",
            "건폐율점수":"--",
            "세대당주차수":80,
            "난방방식":30,
            "공급면적":"--",
            "전용률":"--",
            "욕실수":100,
            "현관타입":10,
            "주거총점":34.0,
            "지역구공급총점":0.0,
            "역세권":80,
            "30분내 이동가능 거점":60,
            "1시간내 이동가능 거점":100,
            "교통총점":78.0,
            "백화점":100,
            "아울렛몰":0,
            "대형마트":0,
            "은행":0,
            "병원":60,
            "종합병원":100,
            "공원":100,
            "혐오시설":-50,
            "인프라총점":58.0,
            "초등학군":84.98,
            "중학군":48.82,
            "학군총점":56.052,
            "인구수":44.73,
            "인구증감":-10.33,
            "인구총점":28.212,
            "일자리":13.2,
            "소득수준":62.64,
            "일자리총점":28.032,
            "가치 총점":59.9078,
            "매매실거래년":20210824.0,
            "매매실거래가":120000.0,
            "전세실거래년":20210225.0,
            "전세실거래가":39900.0,
            "전세가율":50.51,
            "장기전세가율평균":68.35,
            "전세가율거품지수":17.84,
            "검색코드":12010,
            "세대수":247.0,
            "준공년월":"2004-08-07",
            "준공년차":19.0,
            "가까운역이름":"노들",
            "가까운역거리":497.81,
            "역세권여부":"역세권",
            "30분이내주요거점역":3,
            "1시간이내주요거점역":16,
            "3km이내백화점수":1,
            "5km이내아울렛몰수":0,
            "1km이내대형먀트수":0,
            "500m이내은행수":0,
            "500m이내병원수":15,
            "5km이내대형병원수":11,
            "500m이내공원수":4,
            "3km이내혐오시설수":1,
            "초등학교학업성취도":84.98,
            "중학교학업성취도":79.5,
            "용적률":257,
            "건폐율":18,
            "Y":37.509136,
            "X":126.950141,
            "rank":67.0,
            "area_info":"21평(71.47), 21평(71.69), 30평(101.53), 41평(137.52)",
            "last_sales":"2021-08-24,120000.0,41평(137.52)"
        },
        {
            "index":105,
            "아파트명":"경동윈츠리버",
            "투자타입":"일반",
            "전용면적(m2)":"78.93",
            "전용면적(평)":"23평",
            "법정동주소":"서울시 동작구 본동 484",
            "도로명주소":"서울시 동작구 노량진로32길 156",
            "세대수":0,
            "입주년차":40,
            "용적률점수":"--",
            "건폐율점수":"--",
            "세대당주차수":30,
            "난방방식":30,
            "공급면적":"--",
            "전용률":"--",
            "욕실수":50,
            "현관타입":100,
            "주거총점":30.5,
            "지역구공급총점":0.0,
            "역세권":80,
            "30분내 이동가능 거점":40,
            "1시간내 이동가능 거점":100,
            "교통총점":72.0,
            "백화점":100,
            "아울렛몰":0,
            "대형마트":80,
            "은행":0,
            "병원":30,
            "종합병원":100,
            "공원":100,
            "혐오시설":-100,
            "인프라총점":66.0,
            "초등학군":84.5,
            "중학군":48.82,
            "학군총점":55.956,
            "인구수":44.73,
            "인구증감":-10.33,
            "인구총점":28.212,
            "일자리":13.2,
            "소득수준":62.64,
            "일자리총점":28.032,
            "가치 총점":59.4934,
            "매매실거래년":20211029.0,
            "매매실거래가":100000.0,
            "전세실거래년":20220114.0,
            "전세실거래가":58000.0,
            "전세가율":58.0,
            "장기전세가율평균":68.35,
            "전세가율거품지수":10.35,
            "검색코드":9310,
            "세대수":272.0,
            "준공년월":"2004-12-30",
            "준공년차":19.0,
            "가까운역이름":"노들",
            "가까운역거리":335.49,
            "역세권여부":"역세권",
            "30분이내주요거점역":2,
            "1시간이내주요거점역":17,
            "3km이내백화점수":1,
            "5km이내아울렛몰수":0,
            "1km이내대형먀트수":1,
            "500m이내은행수":0,
            "500m이내병원수":6,
            "5km이내대형병원수":10,
            "500m이내공원수":3,
            "3km이내혐오시설수":3,
            "초등학교학업성취도":84.5,
            "중학교학업성취도":79.5,
            "용적률":206,
            "건폐율":23,
            "Y":37.510043,
            "X":126.954492,
            "rank":68.0,
            "area_info":"23평(78.93), 31평(105.07), 40평(134.79)",
            "last_sales":"2021-10-29,100000.0,23평(78.93)"
        },
        {
            "index":92,
            "아파트명":"이수교KCC스위첸",
            "투자타입":"일반",
            "전용면적(m2)":"80.02",
            "전용면적(평)":"24평",
            "법정동주소":"서울시 동작구 동작동 332",
            "도로명주소":"서울시 동작구 동작대로45길 22",
            "세대수":0,
            "입주년차":40,
            "용적률점수":"--",
            "건폐율점수":"--",
            "세대당주차수":60,
            "난방방식":30,
            "공급면적":"--",
            "전용률":"--",
            "욕실수":100,
            "현관타입":100,
            "주거총점":40.0,
            "지역구공급총점":0.0,
            "역세권":50,
            "30분내 이동가능 거점":100,
            "1시간내 이동가능 거점":100,
            "교통총점":75.0,
            "백화점":100,
            "아울렛몰":0,
            "대형마트":0,
            "은행":20,
            "병원":0,
            "종합병원":100,
            "공원":80,
            "혐오시설":0,
            "인프라총점":54.4,
            "초등학군":87.5,
            "중학군":51.76,
            "학군총점":58.908,
            "인구수":44.73,
            "인구증감":-10.33,
            "인구총점":28.212,
            "일자리":13.2,
            "소득수준":62.64,
            "일자리총점":28.032,
            "가치 총점":59.4062,
            "매매실거래년":20211206.0,
            "매매실거래가":150000.0,
            "전세실거래년":20210729.0,
            "전세실거래가":60000.0,
            "전세가율":58.25,
            "장기전세가율평균":68.35,
            "전세가율거품지수":10.1,
            "검색코드":17536,
            "세대수":178.0,
            "준공년월":"2006-03-30",
            "준공년차":17.0,
            "가까운역이름":"동작",
            "가까운역거리":586.05,
            "역세권여부":"준역세권",
            "30분이내주요거점역":7,
            "1시간이내주요거점역":15,
            "3km이내백화점수":1,
            "5km이내아울렛몰수":0,
            "1km이내대형먀트수":0,
            "500m이내은행수":2,
            "500m이내병원수":0,
            "5km이내대형병원수":6,
            "500m이내공원수":1,
            "3km이내혐오시설수":0,
            "초등학교학업성취도":87.5,
            "중학교학업성취도":85.4,
            "용적률":244,
            "건폐율":24,
            "Y":37.497957,
            "X":126.981353,
            "rank":69.0,
            "area_info":"24평(80.02), 32평(106.26), 43평(142.23), 51평(170.29)",
            "last_sales":"2021-12-06,150000.0,43평(142.23)"
        },
        {
            "index":530,
            "아파트명":"보라매파크빌",
            "투자타입":"일반",
            "전용면적(m2)":"108.4",
            "전용면적(평)":"32평",
            "법정동주소":"서울시 동작구 신대방동 711",
            "도로명주소":"서울시 동작구 여의대방로10길 59",
            "세대수":50,
            "입주년차":20,
            "용적률점수":"--",
            "건폐율점수":"--",
            "세대당주차수":30,
            "난방방식":30,
            "공급면적":"--",
            "전용률":"--",
            "욕실수":100,
            "현관타입":100,
            "주거총점":49.0,
            "지역구공급총점":0.0,
            "역세권":50,
            "30분내 이동가능 거점":60,
            "1시간내 이동가능 거점":100,
            "교통총점":63.0,
            "백화점":100,
            "아울렛몰":100,
            "대형마트":0,
            "은행":0,
            "병원":10,
            "종합병원":100,
            "공원":80,
            "혐오시설":-100,
            "인프라총점":61.4,
            "초등학군":86.02,
            "중학군":54.04,
            "학군총점":60.436,
            "인구수":44.73,
            "인구증감":-10.33,
            "인구총점":28.212,
            "일자리":13.2,
            "소득수준":62.64,
            "일자리총점":28.032,
            "가치 총점":59.3354,
            "매매실거래년":20211024.0,
            "매매실거래가":122000.0,
            "전세실거래년":20220108.0,
            "전세실거래가":52000.0,
            "전세가율":42.62,
            "장기전세가율평균":68.35,
            "전세가율거품지수":25.73,
            "검색코드":8388,
            "세대수":423.0,
            "준공년월":"2002-02-27",
            "준공년차":21.0,
            "가까운역이름":"보라매",
            "가까운역거리":742.84,
            "역세권여부":"준역세권",
            "30분이내주요거점역":3,
            "1시간이내주요거점역":18,
            "3km이내백화점수":4,
            "5km이내아울렛몰수":2,
            "1km이내대형먀트수":0,
            "500m이내은행수":0,
            "500m이내병원수":4,
            "5km이내대형병원수":14,
            "500m이내공원수":1,
            "3km이내혐오시설수":2,
            "초등학교학업성취도":86.02,
            "중학교학업성취도":88.6,
            "용적률":218,
            "건폐율":23,
            "Y":37.494505,
            "X":126.915414,
            "rank":70.0,
            "area_info":"32평(108.4), 33평(109.7), 33평(109.96), 33평(109.66), 33평(109.41), 33평(110.58), 33평(110.49)",
            "last_sales":"2021-10-24,122000.0,32평(108.4)"
        },
        {
            "index":573,
            "아파트명":"현진에버빌",
            "투자타입":"일반",
            "전용면적(m2)":"82.06",
            "전용면적(평)":"24평",
            "법정동주소":"서울시 동작구 신대방동 716",
            "도로명주소":"서울시 동작구 신대방1나길 45",
            "세대수":0,
            "입주년차":20,
            "용적률점수":"--",
            "건폐율점수":"--",
            "세대당주차수":0,
            "난방방식":30,
            "공급면적":"--",
            "전용률":"--",
            "욕실수":50,
            "현관타입":100,
            "주거총점":22.0,
            "지역구공급총점":0.0,
            "역세권":50,
            "30분내 이동가능 거점":60,
            "1시간내 이동가능 거점":100,
            "교통총점":63.0,
            "백화점":100,
            "아울렛몰":100,
            "대형마트":100,
            "은행":20,
            "병원":60,
            "종합병원":100,
            "공원":100,
            "혐오시설":0,
            "인프라총점":86.0,
            "초등학군":82.9,
            "중학군":36.18,
            "학군총점":45.524,
            "인구수":44.73,
            "인구증감":-10.33,
            "인구총점":28.212,
            "일자리":13.2,
            "소득수준":62.64,
            "일자리총점":28.032,
            "가치 총점":59.0786,
            "매매실거래년":20210728.0,
            "매매실거래가":74500.0,
            "전세실거래년":20211011.0,
            "전세실거래가":50000.0,
            "전세가율":67.11,
            "장기전세가율평균":68.35,
            "전세가율거품지수":1.24,
            "검색코드":9911,
            "세대수":135.0,
            "준공년월":"2003-10-24",
            "준공년차":20.0,
            "가까운역이름":"구로디지털단지",
            "가까운역거리":502.42,
            "역세권여부":"준역세권",
            "30분이내주요거점역":3,
            "1시간이내주요거점역":19,
            "3km이내백화점수":1,
            "5km이내아울렛몰수":2,
            "1km이내대형먀트수":3,
            "500m이내은행수":2,
            "500m이내병원수":12,
            "5km이내대형병원수":13,
            "500m이내공원수":3,
            "3km이내혐오시설수":0,
            "초등학교학업성취도":82.9,
            "중학교학업성취도":60.3,
            "용적률":318,
            "건폐율":24,
            "Y":37.485921,
            "X":126.907035,
            "rank":71.0,
            "area_info":"24평(82.06), 33평(111.77)",
            "last_sales":"2021-07-28,74500.0,24평(82.06)"
        },
        {
            "index":268,
            "아파트명":"이수푸르지오더프레티움",
            "투자타입":"일반",
            "전용면적(m2)":"57.35",
            "전용면적(평)":"17평",
            "법정동주소":"서울시 동작구 사당동 42번지 일대(사당3 주택재건축정비사업)",
            "도로명주소":"서울시 동작구 동작대로39길 39",
            "세대수":50,
            "입주년차":100,
            "용적률점수":"--",
            "건폐율점수":"--",
            "세대당주차수":30,
            "난방방식":30,
            "공급면적":"--",
            "전용률":"--",
            "욕실수":50,
            "현관타입":100,
            "주거총점":60.0,
            "지역구공급총점":0.0,
            "역세권":0,
            "30분내 이동가능 거점":100,
            "1시간내 이동가능 거점":100,
            "교통총점":50.0,
            "백화점":100,
            "아울렛몰":0,
            "대형마트":80,
            "은행":20,
            "병원":10,
            "종합병원":100,
            "공원":80,
            "혐오시설":0,
            "인프라총점":67.4,
            "초등학군":87.5,
            "중학군":51.76,
            "학군총점":58.908,
            "인구수":44.73,
            "인구증감":-10.33,
            "인구총점":28.212,
            "일자리":13.2,
            "소득수준":62.64,
            "일자리총점":28.032,
            "가치 총점":58.5562,
            "매매실거래년":20210819.0,
            "매매실거래가":185000.0,
            "전세실거래년":20210812.0,
            "전세실거래가":65000.0,
            "전세가율":null,
            "장기전세가율평균":68.35,
            "전세가율거품지수":null,
            "검색코드":127384,
            "세대수":514.0,
            "준공년월":"2021-06-01",
            "준공년차":2.0,
            "가까운역이름":"구반포",
            "가까운역거리":1103.43,
            "역세권여부":"비역세권",
            "30분이내주요거점역":5,
            "1시간이내주요거점역":14,
            "3km이내백화점수":1,
            "5km이내아울렛몰수":0,
            "1km이내대형먀트수":1,
            "500m이내은행수":2,
            "500m이내병원수":4,
            "5km이내대형병원수":6,
            "500m이내공원수":1,
            "3km이내혐오시설수":0,
            "초등학교학업성취도":87.5,
            "중학교학업성취도":85.4,
            "용적률":223,
            "건폐율":27,
            "Y":37.49307,
            "X":126.980465,
            "rank":72.0,
            "area_info":"17평(57.35), 21평(69.69), 23평(77.28), 23평(77.93), 23평(78.56), 24평(80.59), 24평(80.64), 32평(108.02), 32평(108.91), 32평(108.37), 33평(109.2), 33평(109.8), 34평(112.71), 39평(131.1)",
            "last_sales":"2021-08-19,185000.0,32평(108.02)"
        },
        {
            "index":409,
            "아파트명":"상도아이파크",
            "투자타입":"일반",
            "전용면적(m2)":"107.15",
            "전용면적(평)":"32평",
            "법정동주소":"서울시 동작구 상도동 416",
            "도로명주소":"서울시 동작구 장승배기로 26",
            "세대수":50,
            "입주년차":40,
            "용적률점수":"--",
            "건폐율점수":"--",
            "세대당주차수":30,
            "난방방식":30,
            "공급면적":"--",
            "전용률":"--",
            "욕실수":100,
            "현관타입":100,
            "주거총점":53.0,
            "지역구공급총점":0.0,
            "역세권":50,
            "30분내 이동가능 거점":60,
            "1시간내 이동가능 거점":100,
            "교통총점":63.0,
            "백화점":100,
            "아울렛몰":0,
            "대형마트":0,
            "은행":0,
            "병원":60,
            "종합병원":100,
            "공원":100,
            "혐오시설":0,
            "인프라총점":59.0,
            "초등학군":85.13,
            "중학군":47.1,
            "학군총점":54.706,
            "인구수":44.73,
            "인구증감":-10.33,
            "인구총점":28.212,
            "일자리":13.2,
            "소득수준":62.64,
            "일자리총점":28.032,
            "가치 총점":58.5559,
            "매매실거래년":20211006.0,
            "매매실거래가":128500.0,
            "전세실거래년":20211213.0,
            "전세실거래가":50000.0,
            "전세가율":38.91,
            "장기전세가율평균":68.35,
            "전세가율거품지수":29.44,
            "검색코드":8753,
            "세대수":400.0,
            "준공년월":"2004-04-27",
            "준공년차":19.0,
            "가까운역이름":"상도",
            "가까운역거리":507.83,
            "역세권여부":"준역세권",
            "30분이내주요거점역":3,
            "1시간이내주요거점역":17,
            "3km이내백화점수":1,
            "5km이내아울렛몰수":0,
            "1km이내대형먀트수":0,
            "500m이내은행수":1,
            "500m이내병원수":19,
            "5km이내대형병원수":10,
            "500m이내공원수":4,
            "3km이내혐오시설수":0,
            "초등학교학업성취도":85.13,
            "중학교학업성취도":77.5,
            "용적률":299,
            "건폐율":20,
            "Y":37.500888,
            "X":126.942702,
            "rank":73.0,
            "area_info":"32평(107.15), 42평(140.04)",
            "last_sales":"2021-10-06,128500.0,32평(107.15)"
        },
        {
            "index":136,
            "아파트명":"KCC",
            "투자타입":"일반",
            "전용면적(m2)":"102.76",
            "전용면적(평)":"31평",
            "법정동주소":"서울시 동작구 사당동 1153",
            "도로명주소":"서울시 동작구 사당로20나길 57",
            "세대수":0,
            "입주년차":40,
            "용적률점수":"--",
            "건폐율점수":"--",
            "세대당주차수":60,
            "난방방식":30,
            "공급면적":"--",
            "전용률":"--",
            "욕실수":100,
            "현관타입":100,
            "주거총점":40.0,
            "지역구공급총점":0.0,
            "역세권":80,
            "30분내 이동가능 거점":80,
            "1시간내 이동가능 거점":100,
            "교통총점":84.0,
            "백화점":0,
            "아울렛몰":0,
            "대형마트":80,
            "은행":20,
            "병원":80,
            "종합병원":100,
            "공원":100,
            "혐오시설":0,
            "인프라총점":45.0,
            "초등학군":85.67,
            "중학군":40.02,
            "학군총점":49.15,
            "인구수":44.73,
            "인구증감":-10.33,
            "인구총점":28.212,
            "일자리":13.2,
            "소득수준":62.64,
            "일자리총점":28.032,
            "가치 총점":58.2725,
            "매매실거래년":20211017.0,
            "매매실거래가":105500.0,
            "전세실거래년":20211029.0,
            "전세실거래가":53550.0,
            "전세가율":50.76,
            "장기전세가율평균":68.35,
            "전세가율거품지수":17.59,
            "검색코드":22597,
            "세대수":111.0,
            "준공년월":"2007-07-20",
            "준공년차":16.0,
            "가까운역이름":"남성",
            "가까운역거리":446.84,
            "역세권여부":"역세권",
            "30분이내주요거점역":4,
            "1시간이내주요거점역":15,
            "3km이내백화점수":0,
            "5km이내아울렛몰수":0,
            "1km이내대형먀트수":1,
            "500m이내은행수":2,
            "500m이내병원수":35,
            "5km이내대형병원수":4,
            "500m이내공원수":8,
            "3km이내혐오시설수":0,
            "초등학교학업성취도":85.67,
            "중학교학업성취도":66.7,
            "용적률":225,
            "건폐율":24,
            "Y":37.48098,
            "X":126.97346,
            "rank":74.0,
            "area_info":"31평(102.76), 42평(140.74)",
            "last_sales":"2021-10-17,105500.0,31평(102.76)"
        },
        {
            "index":492,
            "아파트명":"벽산",
            "투자타입":"일반",
            "전용면적(m2)":"81.12",
            "전용면적(평)":"24평",
            "법정동주소":"서울시 동작구 신대방동 709",
            "도로명주소":"서울시 동작구 여의대방로22길 24",
            "세대수":0,
            "입주년차":0,
            "용적률점수":"--",
            "건폐율점수":"--",
            "세대당주차수":30,
            "난방방식":30,
            "공급면적":"--",
            "전용률":"--",
            "욕실수":50,
            "현관타입":10,
            "주거총점":13.5,
            "지역구공급총점":0.0,
            "역세권":80,
            "30분내 이동가능 거점":60,
            "1시간내 이동가능 거점":100,
            "교통총점":78.0,
            "백화점":100,
            "아울렛몰":100,
            "대형마트":0,
            "은행":0,
            "병원":60,
            "종합병원":100,
            "공원":80,
            "혐오시설":-100,
            "인프라총점":66.4,
            "초등학군":86.15,
            "중학군":47.9,
            "학군총점":55.55,
            "인구수":44.73,
            "인구증감":-10.33,
            "인구총점":28.212,
            "일자리":13.2,
            "소득수준":62.64,
            "일자리총점":28.032,
            "가치 총점":58.2525,
            "매매실거래년":20210918.0,
            "매매실거래가":79000.0,
            "전세실거래년":20211108.0,
            "전세실거래가":29900.0,
            "전세가율":37.85,
            "장기전세가율평균":68.35,
            "전세가율거품지수":30.5,
            "검색코드":936,
            "세대수":132.0,
            "준공년월":"1997-12-12",
            "준공년차":26.0,
            "가까운역이름":"보라매",
            "가까운역거리":295.78,
            "역세권여부":"역세권",
            "30분이내주요거점역":3,
            "1시간이내주요거점역":17,
            "3km이내백화점수":3,
            "5km이내아울렛몰수":2,
            "1km이내대형먀트수":0,
            "500m이내은행수":0,
            "500m이내병원수":10,
            "5km이내대형병원수":13,
            "500m이내공원수":1,
            "3km이내혐오시설수":2,
            "초등학교학업성취도":86.15,
            "중학교학업성취도":79.1,
            "용적률":251,
            "건폐율":22,
            "Y":37.497381,
            "X":126.921604,
            "rank":75.0,
            "area_info":"24평(81.12), 30평(102.39), 34평(115.26)",
            "last_sales":"2021-09-18,79000.0,24평(81.12)"
        },
        {
            "index":511,
            "아파트명":"보라매아카데미타워",
            "투자타입":"일반",
            "전용면적(m2)":"116.54",
            "전용면적(평)":"35평",
            "법정동주소":"서울시 동작구 신대방동 395-69",
            "도로명주소":"서울시 동작구 보라매로5가길 16",
            "세대수":0,
            "입주년차":0,
            "용적률점수":"--",
            "건폐율점수":"--",
            "세대당주차수":100,
            "난방방식":30,
            "공급면적":"--",
            "전용률":"--",
            "욕실수":100,
            "현관타입":10,
            "주거총점":29.0,
            "지역구공급총점":0.0,
            "역세권":50,
            "30분내 이동가능 거점":60,
            "1시간내 이동가능 거점":100,
            "교통총점":63.0,
            "백화점":100,
            "아울렛몰":100,
            "대형마트":0,
            "은행":100,
            "병원":60,
            "종합병원":100,
            "공원":0,
            "혐오시설":-100,
            "인프라총점":74.0,
            "초등학군":86.25,
            "중학군":46.72,
            "학군총점":54.626,
            "인구수":44.73,
            "인구증감":-10.33,
            "인구총점":28.212,
            "일자리":13.2,
            "소득수준":62.64,
            "일자리총점":28.032,
            "가치 총점":58.2439,
            "매매실거래년":20210803.0,
            "매매실거래가":104000.0,
            "전세실거래년":20210724.0,
            "전세실거래가":43050.0,
            "전세가율":54.67,
            "장기전세가율평균":68.35,
            "전세가율거품지수":13.68,
            "검색코드":10967,
            "세대수":225.0,
            "준공년월":"1998-08-17",
            "준공년차":25.0,
            "가까운역이름":"신림",
            "가까운역거리":940.92,
            "역세권여부":"준역세권",
            "30분이내주요거점역":3,
            "1시간이내주요거점역":17,
            "3km이내백화점수":1,
            "5km이내아울렛몰수":2,
            "1km이내대형먀트수":0,
            "500m이내은행수":5,
            "500m이내병원수":16,
            "5km이내대형병원수":12,
            "500m이내공원수":0,
            "3km이내혐오시설수":2,
            "초등학교학업성취도":86.25,
            "중학교학업성취도":77.4,
            "용적률":1094,
            "건폐율":62,
            "Y":37.491394,
            "X":126.924098,
            "rank":76.0,
            "area_info":"35평(116.54), 47평(158.49), 63평(208.87), 71평(235.06), 93평(308.47)",
            "last_sales":"2021-08-03,104000.0,47평(158.49)"
        },
        {
            "index":96,
            "아파트명":"이수힐스테이트",
            "투자타입":"일반",
            "전용면적(m2)":"79.6",
            "전용면적(평)":"24평",
            "법정동주소":"서울시 동작구 동작동 333",
            "도로명주소":"서울시 동작구 동작대로39길 22",
            "세대수":50,
            "입주년차":60,
            "용적률점수":"--",
            "건폐율점수":"--",
            "세대당주차수":30,
            "난방방식":30,
            "공급면적":"--",
            "전용률":"--",
            "욕실수":100,
            "현관타입":100,
            "주거총점":57.0,
            "지역구공급총점":0.0,
            "역세권":50,
            "30분내 이동가능 거점":60,
            "1시간내 이동가능 거점":100,
            "교통총점":63.0,
            "백화점":100,
            "아울렛몰":0,
            "대형마트":0,
            "은행":0,
            "병원":0,
            "종합병원":100,
            "공원":80,
            "혐오시설":0,
            "인프라총점":52.4,
            "초등학군":87.5,
            "중학군":51.76,
            "학군총점":58.908,
            "인구수":44.73,
            "인구증감":-10.33,
            "인구총점":28.212,
            "일자리":13.2,
            "소득수준":62.64,
            "일자리총점":28.032,
            "가치 총점":58.0062,
            "매매실거래년":20211002.0,
            "매매실거래가":145000.0,
            "전세실거래년":20220103.0,
            "전세실거래가":85000.0,
            "전세가율":58.62,
            "장기전세가율평균":68.35,
            "전세가율거품지수":9.73,
            "검색코드":104035,
            "세대수":680.0,
            "준공년월":"2013-02-19",
            "준공년차":10.0,
            "가까운역이름":"동작",
            "가까운역거리":952.3,
            "역세권여부":"준역세권",
            "30분이내주요거점역":3,
            "1시간이내주요거점역":14,
            "3km이내백화점수":1,
            "5km이내아울렛몰수":0,
            "1km이내대형먀트수":0,
            "500m이내은행수":1,
            "500m이내병원수":0,
            "5km이내대형병원수":6,
            "500m이내공원수":1,
            "3km이내혐오시설수":0,
            "초등학교학업성취도":87.5,
            "중학교학업성취도":85.4,
            "용적률":212,
            "건폐율":26,
            "Y":37.494432,
            "X":126.980134,
            "rank":77.0,
            "area_info":"24평(79.6), 24평(80.6), 24평(80.54), 33평(111.46), 34평(113.85), 41평(136.49), 48평(158.92), 50평(168.09), 52평(173.88)",
            "last_sales":"2021-10-02,145000.0,24평(79.6)"
        },
        {
            "index":555,
            "아파트명":"신동아",
            "투자타입":"일반",
            "전용면적(m2)":"56.99",
            "전용면적(평)":"17평",
            "법정동주소":"서울시 동작구 신대방동 360-17",
            "도로명주소":"서울시 동작구 여의대방로22아길 22",
            "세대수":0,
            "입주년차":0,
            "용적률점수":"--",
            "건폐율점수":"--",
            "세대당주차수":0,
            "난방방식":30,
            "공급면적":"--",
            "전용률":"--",
            "욕실수":50,
            "현관타입":10,
            "주거총점":9.0,
            "지역구공급총점":0.0,
            "역세권":80,
            "30분내 이동가능 거점":60,
            "1시간내 이동가능 거점":100,
            "교통총점":78.0,
            "백화점":100,
            "아울렛몰":100,
            "대형마트":0,
            "은행":20,
            "병원":60,
            "종합병원":100,
            "공원":80,
            "혐오시설":-100,
            "인프라총점":68.4,
            "초등학군":86.15,
            "중학군":47.9,
            "학군총점":55.55,
            "인구수":44.73,
            "인구증감":-10.33,
            "인구총점":28.212,
            "일자리":13.2,
            "소득수준":62.64,
            "일자리총점":28.032,
            "가치 총점":57.9525,
            "매매실거래년":20211002.0,
            "매매실거래가":59500.0,
            "전세실거래년":20210817.0,
            "전세실거래가":21000.0,
            "전세가율":52.5,
            "장기전세가율평균":68.35,
            "전세가율거품지수":15.85,
            "검색코드":935,
            "세대수":171.0,
            "준공년월":"1993-01-13",
            "준공년차":30.0,
            "가까운역이름":"보라매",
            "가까운역거리":476.24,
            "역세권여부":"역세권",
            "30분이내주요거점역":3,
            "1시간이내주요거점역":17,
            "3km이내백화점수":3,
            "5km이내아울렛몰수":2,
            "1km이내대형먀트수":0,
            "500m이내은행수":2,
            "500m이내병원수":25,
            "5km이내대형병원수":12,
            "500m이내공원수":1,
            "3km이내혐오시설수":2,
            "초등학교학업성취도":86.15,
            "중학교학업성취도":79.1,
            "용적률":299,
            "건폐율":22,
            "Y":37.496555,
            "X":126.923843,
            "rank":78.0,
            "area_info":"17평(56.99), 22평(72.75)",
            "last_sales":"2021-10-02,59500.0,22평(72.75)"
        },
        {
            "index":312,
            "아파트명":"대림(411)",
            "투자타입":"일반",
            "전용면적(m2)":"90.34",
            "전용면적(평)":"27평",
            "법정동주소":"서울시 동작구 상도동 411",
            "도로명주소":"서울시 동작구 상도로60길 20",
            "세대수":0,
            "입주년차":0,
            "용적률점수":"--",
            "건폐율점수":"--",
            "세대당주차수":30,
            "난방방식":30,
            "공급면적":"--",
            "전용률":"--",
            "욕실수":50,
            "현관타입":10,
            "주거총점":13.5,
            "지역구공급총점":0.0,
            "역세권":80,
            "30분내 이동가능 거점":60,
            "1시간내 이동가능 거점":100,
            "교통총점":78.0,
            "백화점":100,
            "아울렛몰":0,
            "대형마트":0,
            "은행":70,
            "병원":30,
            "종합병원":100,
            "공원":80,
            "혐오시설":0,
            "인프라총점":62.4,
            "초등학군":83.61,
            "중학군":50.2,
            "학군총점":56.882,
            "인구수":44.73,
            "인구증감":-10.33,
            "인구총점":28.212,
            "일자리":13.2,
            "소득수준":62.64,
            "일자리총점":28.032,
            "가치 총점":57.2523,
            "매매실거래년":20210914.0,
            "매매실거래가":97000.0,
            "전세실거래년":20210717.0,
            "전세실거래가":36200.0,
            "전세가율":42.14,
            "장기전세가율평균":68.35,
            "전세가율거품지수":26.21,
            "검색코드":387,
            "세대수":279.0,
            "준공년월":"1995-12-04",
            "준공년차":28.0,
            "가까운역이름":"숭실대입구",
            "가까운역거리":345.82,
            "역세권여부":"역세권",
            "30분이내주요거점역":3,
            "1시간이내주요거점역":16,
            "3km이내백화점수":1,
            "5km이내아울렛몰수":0,
            "1km이내대형먀트수":0,
            "500m이내은행수":3,
            "500m이내병원수":7,
            "5km이내대형병원수":9,
            "500m이내공원수":1,
            "3km이내혐오시설수":0,
            "초등학교학업성취도":83.61,
            "중학교학업성취도":82.6,
            "용적률":314,
            "건폐율":26,
            "Y":37.492962,
            "X":126.953172,
            "rank":79.0,
            "area_info":"27평(90.34), 34평(115.17)",
            "last_sales":"2021-09-14,97000.0,34평(115.17)"
        },
        {
            "index":516,
            "아파트명":"보라매우성",
            "투자타입":"일반",
            "전용면적(m2)":"80.73",
            "전용면적(평)":"24평",
            "법정동주소":"서울시 동작구 신대방동 706",
            "도로명주소":"서울시 동작구 보라매로5길 5",
            "세대수":0,
            "입주년차":0,
            "용적률점수":"--",
            "건폐율점수":"--",
            "세대당주차수":30,
            "난방방식":30,
            "공급면적":"--",
            "전용률":"--",
            "욕실수":50,
            "현관타입":100,
            "주거총점":22.5,
            "지역구공급총점":0.0,
            "역세권":50,
            "30분내 이동가능 거점":60,
            "1시간내 이동가능 거점":100,
            "교통총점":63.0,
            "백화점":100,
            "아울렛몰":100,
            "대형마트":0,
            "은행":100,
            "병원":60,
            "종합병원":100,
            "공원":0,
            "혐오시설":-100,
            "인프라총점":74.0,
            "초등학군":86.25,
            "중학군":47.9,
            "학군총점":55.57,
            "인구수":44.73,
            "인구증감":-10.33,
            "인구총점":28.212,
            "일자리":13.2,
            "소득수준":62.64,
            "일자리총점":28.032,
            "가치 총점":57.0855,
            "매매실거래년":20210928.0,
            "매매실거래가":72000.0,
            "전세실거래년":20210518.0,
            "전세실거래가":34100.0,
            "전세가율":47.36,
            "장기전세가율평균":68.35,
            "전세가율거품지수":20.99,
            "검색코드":12733,
            "세대수":199.0,
            "준공년월":"1995-11-14",
            "준공년차":28.0,
            "가까운역이름":"신대방삼거리",
            "가까운역거리":853.52,
            "역세권여부":"준역세권",
            "30분이내주요거점역":3,
            "1시간이내주요거점역":17,
            "3km이내백화점수":1,
            "5km이내아울렛몰수":2,
            "1km이내대형먀트수":0,
            "500m이내은행수":6,
            "500m이내병원수":16,
            "5km이내대형병원수":12,
            "500m이내공원수":0,
            "3km이내혐오시설수":2,
            "초등학교학업성취도":86.25,
            "중학교학업성취도":79.1,
            "용적률":559,
            "건폐율":39,
            "Y":37.492396,
            "X":126.925305,
            "rank":80.0,
            "area_info":"24평(80.73), 24평(81.14), 33평(110.67), 35평(116.53), 35평(116.5), 46평(155.1), 54평(179.23)",
            "last_sales":"2021-09-28,72000.0,24평(80.73)"
        },
        {
            "index":303,
            "아파트명":"건영",
            "투자타입":"일반",
            "전용면적(m2)":"48.73",
            "전용면적(평)":"14평",
            "법정동주소":"서울시 동작구 상도동 414",
            "도로명주소":"서울시 동작구 만양로 26",
            "세대수":90,
            "입주년차":0,
            "용적률점수":"--",
            "건폐율점수":"--",
            "세대당주차수":0,
            "난방방식":80,
            "공급면적":"--",
            "전용률":"--",
            "욕실수":50,
            "현관타입":10,
            "주거총점":45.5,
            "지역구공급총점":0.0,
            "역세권":50,
            "30분내 이동가능 거점":60,
            "1시간내 이동가능 거점":100,
            "교통총점":63.0,
            "백화점":100,
            "아울렛몰":0,
            "대형마트":0,
            "은행":0,
            "병원":60,
            "종합병원":100,
            "공원":100,
            "혐오시설":-50,
            "인프라총점":58.0,
            "초등학군":87.47,
            "중학군":48.82,
            "학군총점":56.55,
            "인구수":44.73,
            "인구증감":-10.33,
            "인구총점":28.212,
            "일자리":13.2,
            "소득수준":62.64,
            "일자리총점":28.032,
            "가치 총점":57.0325,
            "매매실거래년":20211029.0,
            "매매실거래가":133000.0,
            "전세실거래년":20220117.0,
            "전세실거래가":27300.0,
            "전세가율":44.03,
            "장기전세가율평균":68.35,
            "전세가율거품지수":24.32,
            "검색코드":100235,
            "세대수":1376.0,
            "준공년월":"1997-09-12",
            "준공년차":26.0,
            "가까운역이름":"상도",
            "가까운역거리":581.98,
            "역세권여부":"준역세권",
            "30분이내주요거점역":3,
            "1시간이내주요거점역":16,
            "3km이내백화점수":2,
            "5km이내아울렛몰수":0,
            "1km이내대형먀트수":0,
            "500m이내은행수":0,
            "500m이내병원수":19,
            "5km이내대형병원수":11,
            "500m이내공원수":4,
            "3km이내혐오시설수":1,
            "초등학교학업성취도":87.47,
            "중학교학업성취도":79.5,
            "용적률":297,
            "건폐율":22,
            "Y":37.507801,
            "X":126.94999,
            "rank":81.0,
            "area_info":"14평(48.73), 23평(77.46), 32평(109.02), 42평(141.84)",
            "last_sales":"2021-10-29,133000.0,42평(141.84)"
        },
        {
            "index":569,
            "아파트명":"해태보라매타워",
            "투자타입":"일반",
            "전용면적(m2)":"83.18",
            "전용면적(평)":"25평",
            "법정동주소":"서울시 동작구 신대방동 708",
            "도로명주소":"서울시 동작구 보라매로3길 29",
            "세대수":0,
            "입주년차":0,
            "용적률점수":"--",
            "건폐율점수":"--",
            "세대당주차수":100,
            "난방방식":30,
            "공급면적":"--",
            "전용률":"--",
            "욕실수":50,
            "현관타입":100,
            "주거총점":33.0,
            "지역구공급총점":0.0,
            "역세권":50,
            "30분내 이동가능 거점":40,
            "1시간내 이동가능 거점":100,
            "교통총점":57.0,
            "백화점":100,
            "아울렛몰":100,
            "대형마트":0,
            "은행":100,
            "병원":60,
            "종합병원":100,
            "공원":0,
            "혐오시설":-100,
            "인프라총점":74.0,
            "초등학군":86.25,
            "중학군":46.72,
            "학군총점":54.626,
            "인구수":44.73,
            "인구증감":-10.33,
            "인구총점":28.212,
            "일자리":13.2,
            "소득수준":62.64,
            "일자리총점":28.032,
            "가치 총점":56.9439,
            "매매실거래년":20200704.0,
            "매매실거래가":53500.0,
            "전세실거래년":20211218.0,
            "전세실거래가":36700.0,
            "전세가율":68.6,
            "장기전세가율평균":68.35,
            "전세가율거품지수":-0.25,
            "검색코드":101502,
            "세대수":118.0,
            "준공년월":"1996-10-18",
            "준공년차":27.0,
            "가까운역이름":"신림",
            "가까운역거리":896.68,
            "역세권여부":"준역세권",
            "30분이내주요거점역":2,
            "1시간이내주요거점역":17,
            "3km이내백화점수":1,
            "5km이내아울렛몰수":2,
            "1km이내대형먀트수":0,
            "500m이내은행수":5,
            "500m이내병원수":16,
            "5km이내대형병원수":12,
            "500m이내공원수":0,
            "3km이내혐오시설수":2,
            "초등학교학업성취도":86.25,
            "중학교학업성취도":77.4,
            "용적률":773,
            "건폐율":59,
            "Y":37.491284,
            "X":126.924857,
            "rank":82.0,
            "area_info":"25평(83.18), 35평(116.63)",
            "last_sales":"2020-07-04,53500.0,25평(83.18)"
        },
        {
            "index":487,
            "아파트명":"경남교수",
            "투자타입":"일반",
            "전용면적(m2)":"109.28",
            "전용면적(평)":"33평",
            "법정동주소":"서울시 동작구 신대방동 710",
            "도로명주소":"서울시 동작구 여의대방로10길 14",
            "세대수":0,
            "입주년차":20,
            "용적률점수":"--",
            "건폐율점수":"--",
            "세대당주차수":60,
            "난방방식":30,
            "공급면적":"--",
            "전용률":"--",
            "욕실수":100,
            "현관타입":100,
            "주거총점":36.0,
            "지역구공급총점":0.0,
            "역세권":50,
            "30분내 이동가능 거점":60,
            "1시간내 이동가능 거점":100,
            "교통총점":63.0,
            "백화점":100,
            "아울렛몰":100,
            "대형마트":0,
            "은행":0,
            "병원":10,
            "종합병원":100,
            "공원":80,
            "혐오시설":-100,
            "인프라총점":61.4,
            "초등학군":86.02,
            "중학군":54.04,
            "학군총점":60.436,
            "인구수":44.73,
            "인구증감":-10.33,
            "인구총점":28.212,
            "일자리":13.2,
            "소득수준":62.64,
            "일자리총점":28.032,
            "가치 총점":56.7354,
            "매매실거래년":20210904.0,
            "매매실거래가":134000.0,
            "전세실거래년":20211101.0,
            "전세실거래가":57750.0,
            "전세가율":52.5,
            "장기전세가율평균":68.35,
            "전세가율거품지수":15.85,
            "검색코드":3384,
            "세대수":295.0,
            "준공년월":"2001-08-02",
            "준공년차":22.0,
            "가까운역이름":"신풍",
            "가까운역거리":549.66,
            "역세권여부":"준역세권",
            "30분이내주요거점역":3,
            "1시간이내주요거점역":16,
            "3km이내백화점수":4,
            "5km이내아울렛몰수":2,
            "1km이내대형먀트수":0,
            "500m이내은행수":0,
            "500m이내병원수":4,
            "5km이내대형병원수":14,
            "500m이내공원수":1,
            "3km이내혐오시설수":2,
            "초등학교학업성취도":86.02,
            "중학교학업성취도":88.6,
            "용적률":318,
            "건폐율":20,
            "Y":37.496101,
            "X":126.913627,
            "rank":83.0,
            "area_info":"33평(109.28), 42평(139.88)",
            "last_sales":"2021-09-04,134000.0,42평(139.88)"
        },
        {
            "index":248,
            "아파트명":"신동아5차",
            "투자타입":"일반",
            "전용면적(m2)":"82.98",
            "전용면적(평)":"25평",
            "법정동주소":"서울시 동작구 사당동 1137",
            "도로명주소":"서울시 동작구 동작대로29길 118",
            "세대수":0,
            "입주년차":0,
            "용적률점수":"--",
            "건폐율점수":"--",
            "세대당주차수":60,
            "난방방식":80,
            "공급면적":"--",
            "전용률":"--",
            "욕실수":50,
            "현관타입":10,
            "주거총점":23.0,
            "지역구공급총점":0.0,
            "역세권":50,
            "30분내 이동가능 거점":60,
            "1시간내 이동가능 거점":100,
            "교통총점":63.0,
            "백화점":100,
            "아울렛몰":0,
            "대형마트":80,
            "은행":0,
            "병원":60,
            "종합병원":100,
            "공원":100,
            "혐오시설":0,
            "인프라총점":71.0,
            "초등학군":80.99,
            "중학군":51.76,
            "학군총점":57.606,
            "인구수":44.73,
            "인구증감":-10.33,
            "인구총점":28.212,
            "일자리":13.2,
            "소득수준":62.64,
            "일자리총점":28.032,
            "가치 총점":56.5909,
            "매매실거래년":20210722.0,
            "매매실거래가":104000.0,
            "전세실거래년":20211127.0,
            "전세실거래가":38800.0,
            "전세가율":46.19,
            "장기전세가율평균":68.35,
            "전세가율거품지수":22.16,
            "검색코드":3283,
            "세대수":223.0,
            "준공년월":"1998-11-20",
            "준공년차":25.0,
            "가까운역이름":"남성",
            "가까운역거리":859.45,
            "역세권여부":"준역세권",
            "30분이내주요거점역":3,
            "1시간이내주요거점역":16,
            "3km이내백화점수":1,
            "5km이내아울렛몰수":0,
            "1km이내대형먀트수":1,
            "500m이내은행수":1,
            "500m이내병원수":20,
            "5km이내대형병원수":5,
            "500m이내공원수":3,
            "3km이내혐오시설수":0,
            "초등학교학업성취도":80.99,
            "중학교학업성취도":85.4,
            "용적률":233,
            "건폐율":25,
            "Y":37.49087,
            "X":126.97694,
            "rank":84.0,
            "area_info":"25평(82.98), 33평(109.29), 33평(109.29), 43평(144.79)",
            "last_sales":"2021-07-22,104000.0,43평(144.79)"
        },
        {
            "index":314,
            "아파트명":"래미안상도2차",
            "투자타입":"일반",
            "전용면적(m2)":"76.5",
            "전용면적(평)":"23평",
            "법정동주소":"서울시 동작구 상도동 421",
            "도로명주소":"서울시 동작구 상도로55길 47",
            "세대수":50,
            "입주년차":20,
            "용적률점수":"--",
            "건폐율점수":"--",
            "세대당주차수":30,
            "난방방식":30,
            "공급면적":"--",
            "전용률":"--",
            "욕실수":100,
            "현관타입":100,
            "주거총점":49.0,
            "지역구공급총점":0.0,
            "역세권":80,
            "30분내 이동가능 거점":60,
            "1시간내 이동가능 거점":100,
            "교통총점":78.0,
            "백화점":0,
            "아울렛몰":0,
            "대형마트":0,
            "은행":70,
            "병원":60,
            "종합병원":100,
            "공원":80,
            "혐오시설":0,
            "인프라총점":35.4,
            "초등학군":87.65,
            "중학군":51.86,
            "학군총점":59.018,
            "인구수":44.73,
            "인구증감":-10.33,
            "인구총점":28.212,
            "일자리":13.2,
            "소득수준":62.64,
            "일자리총점":28.032,
            "가치 총점":56.5727,
            "매매실거래년":20210904.0,
            "매매실거래가":114000.0,
            "전세실거래년":20211220.0,
            "전세실거래가":48300.0,
            "전세가율":46.35,
            "장기전세가율평균":68.35,
            "전세가율거품지수":22.0,
            "검색코드":8926,
            "세대수":431.0,
            "준공년월":"2003-10-30",
            "준공년차":20.0,
            "가까운역이름":"숭실대입구",
            "가까운역거리":437.41,
            "역세권여부":"역세권",
            "30분이내주요거점역":3,
            "1시간이내주요거점역":16,
            "3km이내백화점수":0,
            "5km이내아울렛몰수":0,
            "1km이내대형먀트수":0,
            "500m이내은행수":3,
            "500m이내병원수":16,
            "5km이내대형병원수":8,
            "500m이내공원수":1,
            "3km이내혐오시설수":0,
            "초등학교학업성취도":87.65,
            "중학교학업성취도":84.9,
            "용적률":234,
            "건폐율":24,
            "Y":37.498248,
            "X":126.957916,
            "rank":85.0,
            "area_info":"23평(76.5), 30평(102.46), 40평(133.34)",
            "last_sales":"2021-09-04,114000.0,30평(102.46)"
        },
        {
            "index":290,
            "아파트명":"현대",
            "투자타입":"재건축",
            "전용면적(m2)":"63.96",
            "전용면적(평)":"19평",
            "법정동주소":"서울시 동작구 사당동 169-32",
            "도로명주소":"서울시 동작구 사당로17길 111",
            "세대수":0,
            "입주년차":"--",
            "용적률점수":80,
            "건폐율점수":100,
            "세대당주차수":"--",
            "난방방식":"--",
            "공급면적":50,
            "전용률":80,
            "욕실수":"--",
            "현관타입":"--",
            "주거총점":58.5,
            "지역구공급총점":0.0,
            "역세권":80,
            "30분내 이동가능 거점":60,
            "1시간내 이동가능 거점":100,
            "교통총점":78.0,
            "백화점":0,
            "아울렛몰":0,
            "대형마트":0,
            "은행":0,
            "병원":60,
            "종합병원":100,
            "공원":100,
            "혐오시설":0,
            "인프라총점":29.0,
            "초등학군":90.95,
            "중학군":42.74,
            "학군총점":52.382,
            "인구수":44.73,
            "인구증감":-10.33,
            "인구총점":28.212,
            "일자리":13.2,
            "소득수준":62.64,
            "일자리총점":28.032,
            "가치 총점":55.5573,
            "매매실거래년":20210911.0,
            "매매실거래가":125000.0,
            "전세실거래년":20210830.0,
            "전세실거래가":30450.0,
            "전세가율":45.11,
            "장기전세가율평균":68.35,
            "전세가율거품지수":23.24,
            "검색코드":384,
            "세대수":265.0,
            "준공년월":"1991-04-24",
            "준공년차":32.0,
            "가까운역이름":"남성",
            "가까운역거리":417.74,
            "역세권여부":"역세권",
            "30분이내주요거점역":3,
            "1시간이내주요거점역":16,
            "3km이내백화점수":0,
            "5km이내아울렛몰수":0,
            "1km이내대형먀트수":0,
            "500m이내은행수":0,
            "500m이내병원수":14,
            "5km이내대형병원수":6,
            "500m이내공원수":5,
            "3km이내혐오시설수":0,
            "초등학교학업성취도":90.95,
            "중학교학업성취도":70.9,
            "용적률":215,
            "건폐율":18,
            "Y":37.488198,
            "X":126.969906,
            "rank":86.0,
            "area_info":"19평(63.96), 24평(79.38), 40평(132.72)",
            "last_sales":"2021-09-11,125000.0,40평(132.72)"
        },
        {
            "index":74,
            "아파트명":"대방현대2차",
            "투자타입":"일반",
            "전용면적(m2)":"84.84",
            "전용면적(평)":"25평",
            "법정동주소":"서울시 동작구 대방동 506",
            "도로명주소":"서울시 동작구 알마타길 58",
            "세대수":0,
            "입주년차":20,
            "용적률점수":"--",
            "건폐율점수":"--",
            "세대당주차수":30,
            "난방방식":30,
            "공급면적":"--",
            "전용률":"--",
            "욕실수":50,
            "현관타입":10,
            "주거총점":17.5,
            "지역구공급총점":0.0,
            "역세권":50,
            "30분내 이동가능 거점":80,
            "1시간내 이동가능 거점":100,
            "교통총점":69.0,
            "백화점":100,
            "아울렛몰":0,
            "대형마트":80,
            "은행":0,
            "병원":30,
            "종합병원":100,
            "공원":0,
            "혐오시설":0,
            "인프라총점":65.0,
            "초등학군":87.92,
            "중학군":45.4,
            "학군총점":53.904,
            "인구수":44.73,
            "인구증감":-10.33,
            "인구총점":28.212,
            "일자리":13.2,
            "소득수준":62.64,
            "일자리총점":28.032,
            "가치 총점":55.2356,
            "매매실거래년":20210625.0,
            "매매실거래가":85000.0,
            "전세실거래년":20211025.0,
            "전세실거래가":50000.0,
            "전세가율":58.82,
            "장기전세가율평균":68.35,
            "전세가율거품지수":9.53,
            "검색코드":1133,
            "세대수":278.0,
            "준공년월":"1999-12-09",
            "준공년차":24.0,
            "가까운역이름":"대방",
            "가까운역거리":509.64,
            "역세권여부":"준역세권",
            "30분이내주요거점역":4,
            "1시간이내주요거점역":18,
            "3km이내백화점수":4,
            "5km이내아울렛몰수":0,
            "1km이내대형먀트수":1,
            "500m이내은행수":0,
            "500m이내병원수":8,
            "5km이내대형병원수":12,
            "500m이내공원수":0,
            "3km이내혐오시설수":0,
            "초등학교학업성취도":87.92,
            "중학교학업성취도":75.0,
            "용적률":245,
            "건폐율":21,
            "Y":37.51117,
            "X":126.93147,
            "rank":87.0,
            "area_info":"25평(84.84), 32평(107.7), 43평(142.18), 60평(199.42)",
            "last_sales":"2021-06-25,85000.0,25평(84.84)"
        },
        {
            "index":562,
            "아파트명":"우성2차",
            "투자타입":"일반",
            "전용면적(m2)":"74.55",
            "전용면적(평)":"22평",
            "법정동주소":"서울시 동작구 신대방동 565-21",
            "도로명주소":"서울시 동작구 여의대방로 8",
            "세대수":0,
            "입주년차":0,
            "용적률점수":"--",
            "건폐율점수":"--",
            "세대당주차수":30,
            "난방방식":30,
            "공급면적":"--",
            "전용률":"--",
            "욕실수":50,
            "현관타입":10,
            "주거총점":13.5,
            "지역구공급총점":0.0,
            "역세권":50,
            "30분내 이동가능 거점":60,
            "1시간내 이동가능 거점":100,
            "교통총점":63.0,
            "백화점":100,
            "아울렛몰":100,
            "대형마트":0,
            "은행":70,
            "병원":60,
            "종합병원":100,
            "공원":80,
            "혐오시설":0,
            "인프라총점":75.4,
            "초등학군":100.0,
            "중학군":36.18,
            "학군총점":48.944,
            "인구수":44.73,
            "인구증감":-10.33,
            "인구총점":28.212,
            "일자리":13.2,
            "소득수준":62.64,
            "일자리총점":28.032,
            "가치 총점":54.7116,
            "매매실거래년":20211111.0,
            "매매실거래가":99500.0,
            "전세실거래년":20211015.0,
            "전세실거래가":45000.0,
            "전세가율":58.82,
            "장기전세가율평균":68.35,
            "전세가율거품지수":9.53,
            "검색코드":392,
            "세대수":174.0,
            "준공년월":"1995-01-19",
            "준공년차":28.0,
            "가까운역이름":"신대방",
            "가까운역거리":647.33,
            "역세권여부":"준역세권",
            "30분이내주요거점역":3,
            "1시간이내주요거점역":19,
            "3km이내백화점수":4,
            "5km이내아울렛몰수":2,
            "1km이내대형먀트수":0,
            "500m이내은행수":4,
            "500m이내병원수":15,
            "5km이내대형병원수":14,
            "500m이내공원수":1,
            "3km이내혐오시설수":0,
            "초등학교학업성취도":100.0,
            "중학교학업성취도":60.3,
            "용적률":26,
            "건폐율":9,
            "Y":37.492854,
            "X":126.910383,
            "rank":88.0,
            "area_info":"22평(74.55), 27평(90.98), 32평(106.5), 53평(176.99)",
            "last_sales":"2021-11-11,99500.0,32평(106.5)"
        },
        {
            "index":648,
            "아파트명":"흑석한강푸르지오",
            "투자타입":"일반",
            "전용면적(m2)":"77.87",
            "전용면적(평)":"23평",
            "법정동주소":"서울시 동작구 흑석동 336",
            "도로명주소":"서울시 동작구 흑석한강로 27",
            "세대수":80,
            "입주년차":60,
            "용적률점수":"--",
            "건폐율점수":"--",
            "세대당주차수":60,
            "난방방식":30,
            "공급면적":"--",
            "전용률":"--",
            "욕실수":100,
            "현관타입":100,
            "주거총점":72.0,
            "지역구공급총점":0.0,
            "역세권":50,
            "30분내 이동가능 거점":40,
            "1시간내 이동가능 거점":100,
            "교통총점":57.0,
            "백화점":0,
            "아울렛몰":0,
            "대형마트":80,
            "은행":0,
            "병원":60,
            "종합병원":100,
            "공원":100,
            "혐오시설":-100,
            "인프라총점":39.0,
            "초등학군":87.65,
            "중학군":49.5,
            "학군총점":57.13,
            "인구수":44.73,
            "인구증감":-10.33,
            "인구총점":28.212,
            "일자리":13.2,
            "소득수준":62.64,
            "일자리총점":28.032,
            "가치 총점":54.6195,
            "매매실거래년":20200721.0,
            "매매실거래가":168000.0,
            "전세실거래년":20211218.0,
            "전세실거래가":66150.0,
            "전세가율":56.06,
            "장기전세가율평균":68.35,
            "전세가율거품지수":12.29,
            "검색코드":101496,
            "세대수":863.0,
            "준공년월":"2012-08-02",
            "준공년차":11.0,
            "가까운역이름":"흑석",
            "가까운역거리":657.5,
            "역세권여부":"준역세권",
            "30분이내주요거점역":2,
            "1시간이내주요거점역":17,
            "3km이내백화점수":0,
            "5km이내아울렛몰수":0,
            "1km이내대형먀트수":1,
            "500m이내은행수":1,
            "500m이내병원수":13,
            "5km이내대형병원수":7,
            "500m이내공원수":3,
            "3km이내혐오시설수":2,
            "초등학교학업성취도":87.65,
            "중학교학업성취도":80.5,
            "용적률":222,
            "건폐율":22,
            "Y":37.503008,
            "X":126.965382,
            "rank":89.0,
            "area_info":"23평(77.87), 32평(108.76), 33평(109.55), 32평(109.06), 33평(109.5), 44평(147.85), 45평(148.77), 44평(148.07), 49평(162.35)",
            "last_sales":"2020-07-21,168000.0,49평(162.35)"
        },
        {
            "index":81,
            "아파트명":"신한토탈",
            "투자타입":"일반",
            "전용면적(m2)":"50.06",
            "전용면적(평)":"15평",
            "법정동주소":"서울시 동작구 대방동 41",
            "도로명주소":"서울시 동작구 등용로14길 34",
            "세대수":0,
            "입주년차":0,
            "용적률점수":"--",
            "건폐율점수":"--",
            "세대당주차수":0,
            "난방방식":30,
            "공급면적":"--",
            "전용률":"--",
            "욕실수":50,
            "현관타입":10,
            "주거총점":9.0,
            "지역구공급총점":0.0,
            "역세권":50,
            "30분내 이동가능 거점":80,
            "1시간내 이동가능 거점":100,
            "교통총점":69.0,
            "백화점":100,
            "아울렛몰":0,
            "대형마트":80,
            "은행":20,
            "병원":30,
            "종합병원":100,
            "공원":0,
            "혐오시설":0,
            "인프라총점":67.0,
            "초등학군":87.92,
            "중학군":45.4,
            "학군총점":53.904,
            "인구수":44.73,
            "인구증감":-10.33,
            "인구총점":28.212,
            "일자리":13.2,
            "소득수준":62.64,
            "일자리총점":28.032,
            "가치 총점":54.1356,
            "매매실거래년":20211206.0,
            "매매실거래가":82600.0,
            "전세실거래년":20200627.0,
            "전세실거래가":25000.0,
            "전세가율":50.0,
            "장기전세가율평균":68.35,
            "전세가율거품지수":18.35,
            "검색코드":1132,
            "세대수":134.0,
            "준공년월":"1997-11-17",
            "준공년차":26.0,
            "가까운역이름":"대방",
            "가까운역거리":623.25,
            "역세권여부":"준역세권",
            "30분이내주요거점역":4,
            "1시간이내주요거점역":18,
            "3km이내백화점수":4,
            "5km이내아울렛몰수":0,
            "1km이내대형먀트수":1,
            "500m이내은행수":2,
            "500m이내병원수":8,
            "5km이내대형병원수":12,
            "500m이내공원수":0,
            "3km이내혐오시설수":0,
            "초등학교학업성취도":87.92,
            "중학교학업성취도":75.0,
            "용적률":377,
            "건폐율":33,
            "Y":37.51196,
            "X":126.93323,
            "rank":90.0,
            "area_info":"15평(50.06), 22평(75.35), 26평(87.68), 31평(103.03), 32평(107.37), 32평(107.8)",
            "last_sales":"2021-12-06,82600.0,32평(107.37)"
        },
        {
            "index":566,
            "아파트명":"한성",
            "투자타입":"일반",
            "전용면적(m2)":"81.02",
            "전용면적(평)":"24평",
            "법정동주소":"서울시 동작구 신대방동 470-8",
            "도로명주소":"서울시 동작구 여의대방로10길 13",
            "세대수":0,
            "입주년차":0,
            "용적률점수":"--",
            "건폐율점수":"--",
            "세대당주차수":30,
            "난방방식":30,
            "공급면적":"--",
            "전용률":"--",
            "욕실수":50,
            "현관타입":100,
            "주거총점":22.5,
            "지역구공급총점":0.0,
            "역세권":50,
            "30분내 이동가능 거점":60,
            "1시간내 이동가능 거점":100,
            "교통총점":63.0,
            "백화점":100,
            "아울렛몰":100,
            "대형마트":0,
            "은행":0,
            "병원":10,
            "종합병원":100,
            "공원":80,
            "혐오시설":-100,
            "인프라총점":61.4,
            "초등학군":86.02,
            "중학군":54.04,
            "학군총점":60.436,
            "인구수":44.73,
            "인구증감":-10.33,
            "인구총점":28.212,
            "일자리":13.2,
            "소득수준":62.64,
            "일자리총점":28.032,
            "가치 총점":54.0354,
            "매매실거래년":20210912.0,
            "매매실거래가":119200.0,
            "전세실거래년":20211223.0,
            "전세실거래가":50000.0,
            "전세가율":55.87,
            "장기전세가율평균":68.35,
            "전세가율거품지수":12.48,
            "검색코드":395,
            "세대수":272.0,
            "준공년월":"1995-02-18",
            "준공년차":28.0,
            "가까운역이름":"보라매",
            "가까운역거리":643.24,
            "역세권여부":"준역세권",
            "30분이내주요거점역":3,
            "1시간이내주요거점역":17,
            "3km이내백화점수":4,
            "5km이내아울렛몰수":2,
            "1km이내대형먀트수":0,
            "500m이내은행수":0,
            "500m이내병원수":3,
            "5km이내대형병원수":14,
            "500m이내공원수":1,
            "3km이내혐오시설수":2,
            "초등학교학업성취도":86.02,
            "중학교학업성취도":88.6,
            "용적률":221,
            "건폐율":16,
            "Y":37.49572,
            "X":126.915351,
            "rank":91.0,
            "area_info":"24평(81.02), 32평(108.54), 47평(157.84)",
            "last_sales":"2021-09-12,119200.0,32평(108.54)"
        },
        {
            "index":334,
            "아파트명":"상도갑을명가2차",
            "투자타입":"일반",
            "전용면적(m2)":"84.48",
            "전용면적(평)":"25평",
            "법정동주소":"서울시 동작구 상도동 459",
            "도로명주소":"서울시 동작구 국사봉길 175",
            "세대수":0,
            "입주년차":40,
            "용적률점수":"--",
            "건폐율점수":"--",
            "세대당주차수":30,
            "난방방식":30,
            "공급면적":"--",
            "전용률":"--",
            "욕실수":100,
            "현관타입":100,
            "주거총점":35.5,
            "지역구공급총점":0.0,
            "역세권":50,
            "30분내 이동가능 거점":40,
            "1시간내 이동가능 거점":100,
            "교통총점":57.0,
            "백화점":100,
            "아울렛몰":100,
            "대형마트":0,
            "은행":0,
            "병원":10,
            "종합병원":100,
            "공원":100,
            "혐오시설":0,
            "인프라총점":64.0,
            "초등학군":86.25,
            "중학군":39.1,
            "학군총점":48.53,
            "인구수":44.73,
            "인구증감":-10.33,
            "인구총점":28.212,
            "일자리":13.2,
            "소득수준":62.64,
            "일자리총점":28.032,
            "가치 총점":53.5295,
            "매매실거래년":20210223.0,
            "매매실거래가":70000.0,
            "전세실거래년":20190706.0,
            "전세실거래가":30000.0,
            "전세가율":62.5,
            "장기전세가율평균":68.35,
            "전세가율거품지수":5.85,
            "검색코드":18538,
            "세대수":118.0,
            "준공년월":"2006-10-01",
            "준공년차":17.0,
            "가까운역이름":"신대방삼거리",
            "가까운역거리":922.54,
            "역세권여부":"준역세권",
            "30분이내주요거점역":2,
            "1시간이내주요거점역":16,
            "3km이내백화점수":1,
            "5km이내아울렛몰수":2,
            "1km이내대형먀트수":0,
            "500m이내은행수":0,
            "500m이내병원수":3,
            "5km이내대형병원수":11,
            "500m이내공원수":3,
            "3km이내혐오시설수":0,
            "초등학교학업성취도":86.25,
            "중학교학업성취도":64.9,
            "용적률":218,
            "건폐율":25,
            "Y":37.493504,
            "X":126.935229,
            "rank":92.0,
            "area_info":"25평(84.48), 32평(108.15), 32평(108.88)",
            "last_sales":"2021-02-23,70000.0,32평(108.15)"
        },
        {
            "index":322,
            "아파트명":"상도갑을명가1차",
            "투자타입":"일반",
            "전용면적(m2)":"80.16",
            "전용면적(평)":"24평",
            "법정동주소":"서울시 동작구 상도동 458",
            "도로명주소":"서울시 동작구 국사봉길 178",
            "세대수":0,
            "입주년차":40,
            "용적률점수":"--",
            "건폐율점수":"--",
            "세대당주차수":30,
            "난방방식":30,
            "공급면적":"--",
            "전용률":"--",
            "욕실수":100,
            "현관타입":100,
            "주거총점":35.5,
            "지역구공급총점":0.0,
            "역세권":50,
            "30분내 이동가능 거점":40,
            "1시간내 이동가능 거점":100,
            "교통총점":57.0,
            "백화점":100,
            "아울렛몰":100,
            "대형마트":0,
            "은행":0,
            "병원":10,
            "종합병원":100,
            "공원":100,
            "혐오시설":0,
            "인프라총점":64.0,
            "초등학군":86.25,
            "중학군":39.1,
            "학군총점":48.53,
            "인구수":44.73,
            "인구증감":-10.33,
            "인구총점":28.212,
            "일자리":13.2,
            "소득수준":62.64,
            "일자리총점":28.032,
            "가치 총점":53.5295,
            "매매실거래년":20211120.0,
            "매매실거래가":78500.0,
            "전세실거래년":20121019.0,
            "전세실거래가":20000.0,
            "전세가율":28.99,
            "장기전세가율평균":68.35,
            "전세가율거품지수":39.36,
            "검색코드":19219,
            "세대수":123.0,
            "준공년월":"2006-10-16",
            "준공년차":17.0,
            "가까운역이름":"신대방삼거리",
            "가까운역거리":883.68,
            "역세권여부":"준역세권",
            "30분이내주요거점역":2,
            "1시간이내주요거점역":15,
            "3km이내백화점수":1,
            "5km이내아울렛몰수":2,
            "1km이내대형먀트수":0,
            "500m이내은행수":0,
            "500m이내병원수":3,
            "5km이내대형병원수":11,
            "500m이내공원수":4,
            "3km이내혐오시설수":0,
            "초등학교학업성취도":86.25,
            "중학교학업성취도":64.9,
            "용적률":247,
            "건폐율":33,
            "Y":37.493443,
            "X":126.93445,
            "rank":92.0,
            "area_info":"24평(80.16), 30평(99.23), 30평(101.89), 31평(103.16), 31평(104.35), 31평(104.26), 31평(104.38), 31평(104.75), 32평(107.4), 32평(107.58), 32평(107.39), 34평(112.45)",
            "last_sales":"2021-11-20,78500.0,32평(107.4)"
        },
        {
            "index":575,
            "아파트명":"롯데캐슬에듀포레",
            "투자타입":"일반",
            "전용면적(m2)":"81.64",
            "전용면적(평)":"24평",
            "법정동주소":"서울시 동작구 흑석동 340",
            "도로명주소":"서울시 동작구 서달로 123",
            "세대수":50,
            "입주년차":80,
            "용적률점수":"--",
            "건폐율점수":"--",
            "세대당주차수":30,
            "난방방식":30,
            "공급면적":"--",
            "전용률":"--",
            "욕실수":100,
            "현관타입":100,
            "주거총점":61.0,
            "지역구공급총점":0.0,
            "역세권":50,
            "30분내 이동가능 거점":20,
            "1시간내 이동가능 거점":100,
            "교통총점":51.0,
            "백화점":0,
            "아울렛몰":0,
            "대형마트":80,
            "은행":100,
            "병원":60,
            "종합병원":100,
            "공원":100,
            "혐오시설":-100,
            "인프라총점":49.0,
            "초등학군":91.94,
            "중학군":49.5,
            "학군총점":57.988,
            "인구수":44.73,
            "인구증감":-10.33,
            "인구총점":28.212,
            "일자리":13.2,
            "소득수준":62.64,
            "일자리총점":28.032,
            "가치 총점":53.4482,
            "매매실거래년":20211125.0,
            "매매실거래가":195500.0,
            "전세실거래년":20211204.0,
            "전세실거래가":100000.0,
            "전세가율":67.11,
            "장기전세가율평균":68.35,
            "전세가율거품지수":1.24,
            "검색코드":112997,
            "세대수":545.0,
            "준공년월":"2018-11-29",
            "준공년차":5.0,
            "가까운역이름":"흑석",
            "가까운역거리":587.79,
            "역세권여부":"준역세권",
            "30분이내주요거점역":1,
            "1시간이내주요거점역":17,
            "3km이내백화점수":0,
            "5km이내아울렛몰수":0,
            "1km이내대형먀트수":1,
            "500m이내은행수":5,
            "500m이내병원수":25,
            "5km이내대형병원수":9,
            "500m이내공원수":4,
            "3km이내혐오시설수":2,
            "초등학교학업성취도":91.94,
            "중학교학업성취도":80.5,
            "용적률":239,
            "건폐율":21,
            "Y":37.504544,
            "X":126.959705,
            "rank":93.0,
            "area_info":"24평(81.64), 34평(113.61), 34평(114.87), 34평(114.87), 34평(115.2), 34평(115.66), 43평(144.19), 44평(147.77)",
            "last_sales":"2021-11-25,195500.0,34평(114.87)"
        },
        {
            "index":252,
            "아파트명":"이수역리가",
            "투자타입":"일반",
            "전용면적(m2)":"107.02",
            "전용면적(평)":"32평",
            "법정동주소":"서울시 동작구 사당동 1157",
            "도로명주소":"서울시 동작구 사당로27길 130",
            "세대수":50,
            "입주년차":60,
            "용적률점수":"--",
            "건폐율점수":"--",
            "세대당주차수":30,
            "난방방식":30,
            "공급면적":"--",
            "전용률":"--",
            "욕실수":100,
            "현관타입":100,
            "주거총점":57.0,
            "지역구공급총점":0.0,
            "역세권":50,
            "30분내 이동가능 거점":60,
            "1시간내 이동가능 거점":100,
            "교통총점":63.0,
            "백화점":0,
            "아울렛몰":0,
            "대형마트":80,
            "은행":0,
            "병원":60,
            "종합병원":100,
            "공원":100,
            "혐오시설":0,
            "인프라총점":41.0,
            "초등학군":80.99,
            "중학군":42.74,
            "학군총점":50.39,
            "인구수":44.73,
            "인구증감":-10.33,
            "인구총점":28.212,
            "일자리":13.2,
            "소득수준":62.64,
            "일자리총점":28.032,
            "가치 총점":53.3085,
            "매매실거래년":20211108.0,
            "매매실거래가":160000.0,
            "전세실거래년":20220115.0,
            "전세실거래가":68000.0,
            "전세가율":42.5,
            "장기전세가율평균":68.35,
            "전세가율거품지수":25.85,
            "검색코드":102715,
            "세대수":452.0,
            "준공년월":"2013-09-24",
            "준공년차":10.0,
            "가까운역이름":"남성",
            "가까운역거리":596.05,
            "역세권여부":"준역세권",
            "30분이내주요거점역":3,
            "1시간이내주요거점역":15,
            "3km이내백화점수":0,
            "5km이내아울렛몰수":0,
            "1km이내대형먀트수":1,
            "500m이내은행수":0,
            "500m이내병원수":10,
            "5km이내대형병원수":5,
            "500m이내공원수":3,
            "3km이내혐오시설수":0,
            "초등학교학업성취도":80.99,
            "중학교학업성취도":70.9,
            "용적률":224,
            "건폐율":21,
            "Y":37.489495,
            "X":126.973993,
            "rank":94.0,
            "area_info":"32평(107.02), 32평(107.82), 32평(108.61), 32평(108.76), 33평(109.39), 32평(109.06)",
            "last_sales":"2021-11-08,160000.0,32평(107.02)"
        },
        {
            "index":635,
            "아파트명":"흑석한강센트레빌2차",
            "투자타입":"일반",
            "전용면적(m2)":"80.61",
            "전용면적(평)":"24평",
            "법정동주소":"서울시 동작구 흑석동 339",
            "도로명주소":"서울시 동작구 서달로 91",
            "세대수":90,
            "입주년차":60,
            "용적률점수":"--",
            "건폐율점수":"--",
            "세대당주차수":30,
            "난방방식":30,
            "공급면적":"--",
            "전용률":"--",
            "욕실수":100,
            "현관타입":100,
            "주거총점":71.0,
            "지역구공급총점":0.0,
            "역세권":50,
            "30분내 이동가능 거점":40,
            "1시간내 이동가능 거점":100,
            "교통총점":57.0,
            "백화점":0,
            "아울렛몰":0,
            "대형마트":80,
            "은행":20,
            "병원":0,
            "종합병원":100,
            "공원":100,
            "혐오시설":-100,
            "인프라총점":35.0,
            "초등학군":87.65,
            "중학군":49.5,
            "학군총점":57.13,
            "인구수":44.73,
            "인구증감":-10.33,
            "인구총점":28.212,
            "일자리":13.2,
            "소득수준":62.64,
            "일자리총점":28.032,
            "가치 총점":53.2195,
            "매매실거래년":20211115.0,
            "매매실거래가":135000.0,
            "전세실거래년":20210616.0,
            "전세실거래가":80000.0,
            "전세가율":59.26,
            "장기전세가율평균":68.35,
            "전세가율거품지수":9.09,
            "검색코드":102641,
            "세대수":963.0,
            "준공년월":"2012-12-24",
            "준공년차":11.0,
            "가까운역이름":"숭실대입구",
            "가까운역거리":825.86,
            "역세권여부":"준역세권",
            "30분이내주요거점역":2,
            "1시간이내주요거점역":14,
            "3km이내백화점수":0,
            "5km이내아울렛몰수":0,
            "1km이내대형먀트수":1,
            "500m이내은행수":2,
            "500m이내병원수":0,
            "5km이내대형병원수":9,
            "500m이내공원수":3,
            "3km이내혐오시설수":2,
            "초등학교학업성취도":87.65,
            "중학교학업성취도":80.5,
            "용적률":221,
            "건폐율":19,
            "Y":37.502461,
            "X":126.958503,
            "rank":95.0,
            "area_info":"24평(80.61), 24평(80.03), 33평(111.26), 33평(111.14), 33평(111.29), 33평(111.19), 33평(111.34), 33평(111.94), 33평(111.38), 34평(112.48), 45평(151.3), 45평(151.31), 53평(177.17)",
            "last_sales":"2021-11-15,135000.0,24평(80.61)"
        },
        {
            "index":89,
            "아파트명":"동작금강KCC",
            "투자타입":"일반",
            "전용면적(m2)":"84.33",
            "전용면적(평)":"25평",
            "법정동주소":"서울시 동작구 동작동 331",
            "도로명주소":"서울시 동작구 동작대로39가길 55",
            "세대수":0,
            "입주년차":20,
            "용적률점수":"--",
            "건폐율점수":"--",
            "세대당주차수":30,
            "난방방식":30,
            "공급면적":"--",
            "전용률":"--",
            "욕실수":100,
            "현관타입":100,
            "주거총점":31.5,
            "지역구공급총점":0.0,
            "역세권":50,
            "30분내 이동가능 거점":60,
            "1시간내 이동가능 거점":100,
            "교통총점":63.0,
            "백화점":100,
            "아울렛몰":0,
            "대형마트":0,
            "은행":0,
            "병원":0,
            "종합병원":100,
            "공원":80,
            "혐오시설":0,
            "인프라총점":52.4,
            "초등학군":87.5,
            "중학군":51.76,
            "학군총점":58.908,
            "인구수":44.73,
            "인구증감":-10.33,
            "인구총점":28.212,
            "일자리":13.2,
            "소득수준":62.64,
            "일자리총점":28.032,
            "가치 총점":52.9062,
            "매매실거래년":20210814.0,
            "매매실거래가":140000.0,
            "전세실거래년":20210813.0,
            "전세실거래가":47200.0,
            "전세가율":52.62,
            "장기전세가율평균":68.35,
            "전세가율거품지수":15.73,
            "검색코드":9396,
            "세대수":276.0,
            "준공년월":"2003-10-30",
            "준공년차":20.0,
            "가까운역이름":"동작",
            "가까운역거리":971.59,
            "역세권여부":"준역세권",
            "30분이내주요거점역":3,
            "1시간이내주요거점역":16,
            "3km이내백화점수":1,
            "5km이내아울렛몰수":0,
            "1km이내대형먀트수":0,
            "500m이내은행수":1,
            "500m이내병원수":0,
            "5km이내대형병원수":6,
            "500m이내공원수":1,
            "3km이내혐오시설수":0,
            "초등학교학업성취도":87.5,
            "중학교학업성취도":85.4,
            "용적률":246,
            "건폐율":18,
            "Y":37.494272,
            "X":126.97827,
            "rank":96.0,
            "area_info":"25평(84.33), 32평(106.53), 41평(137.53)",
            "last_sales":"2021-08-14,140000.0,32평(106.53)"
        },
        {
            "index":395,
            "아파트명":"상도롯데캐슬비엔",
            "투자타입":"일반",
            "전용면적(m2)":"87.64",
            "전용면적(평)":"26평",
            "법정동주소":"서울시 동작구 상도동 530",
            "도로명주소":"서울시 동작구 양녕로 170",
            "세대수":0,
            "입주년차":60,
            "용적률점수":"--",
            "건폐율점수":"--",
            "세대당주차수":60,
            "난방방식":30,
            "공급면적":"--",
            "전용률":"--",
            "욕실수":100,
            "현관타입":50,
            "주거총점":39.0,
            "지역구공급총점":0.0,
            "역세권":50,
            "30분내 이동가능 거점":40,
            "1시간내 이동가능 거점":100,
            "교통총점":57.0,
            "백화점":100,
            "아울렛몰":0,
            "대형마트":0,
            "은행":0,
            "병원":30,
            "종합병원":100,
            "공원":80,
            "혐오시설":0,
            "인프라총점":55.4,
            "초등학군":85.13,
            "중학군":46.56,
            "학군총점":54.274,
            "인구수":44.73,
            "인구증감":-10.33,
            "인구총점":28.212,
            "일자리":13.2,
            "소득수준":62.64,
            "일자리총점":28.032,
            "가치 총점":52.5111,
            "매매실거래년":20211025.0,
            "매매실거래가":122000.0,
            "전세실거래년":20210929.0,
            "전세실거래가":47000.0,
            "전세가율":53.11,
            "장기전세가율평균":68.35,
            "전세가율거품지수":15.24,
            "검색코드":27524,
            "세대수":141.0,
            "준공년월":"2010-12-30",
            "준공년차":13.0,
            "가까운역이름":"상도",
            "가까운역거리":807.87,
            "역세권여부":"준역세권",
            "30분이내주요거점역":2,
            "1시간이내주요거점역":18,
            "3km이내백화점수":1,
            "5km이내아울렛몰수":0,
            "1km이내대형먀트수":0,
            "500m이내은행수":0,
            "500m이내병원수":6,
            "5km이내대형병원수":10,
            "500m이내공원수":1,
            "3km이내혐오시설수":0,
            "초등학교학업성취도":85.13,
            "중학교학업성취도":77.6,
            "용적률":186,
            "건폐율":29,
            "Y":37.496497,
            "X":126.943431,
            "rank":97.0,
            "area_info":"26평(87.64), 32평(108.13), 32평(108.13), 37평(123.54), 46평(154.72)",
            "last_sales":"2021-10-25,122000.0,32평(108.13)"
        },
        {
            "index":206,
            "아파트명":"사당삼익그린뷰",
            "투자타입":"일반",
            "전용면적(m2)":"76.16",
            "전용면적(평)":"23평",
            "법정동주소":"서울시 동작구 사당동 1150",
            "도로명주소":"서울시 동작구 남부순환로255길 21",
            "세대수":0,
            "입주년차":20,
            "용적률점수":"--",
            "건폐율점수":"--",
            "세대당주차수":30,
            "난방방식":30,
            "공급면적":"--",
            "전용률":"--",
            "욕실수":100,
            "현관타입":100,
            "주거총점":31.5,
            "지역구공급총점":0.0,
            "역세권":80,
            "30분내 이동가능 거점":100,
            "1시간내 이동가능 거점":100,
            "교통총점":90.0,
            "백화점":0,
            "아울렛몰":0,
            "대형마트":0,
            "은행":20,
            "병원":0,
            "종합병원":100,
            "공원":100,
            "혐오시설":0,
            "인프라총점":25.0,
            "초등학군":78.56,
            "중학군":40.02,
            "학군총점":47.728,
            "인구수":44.73,
            "인구증감":-10.33,
            "인구총점":28.212,
            "일자리":13.2,
            "소득수준":62.64,
            "일자리총점":28.032,
            "가치 총점":52.4592,
            "매매실거래년":20210424.0,
            "매매실거래가":68700.0,
            "전세실거래년":20211118.0,
            "전세실거래가":35700.0,
            "전세가율":51.97,
            "장기전세가율평균":68.35,
            "전세가율거품지수":16.38,
            "검색코드":10178,
            "세대수":183.0,
            "준공년월":"2003-10-02",
            "준공년차":20.0,
            "가까운역이름":"낙성대",
            "가까운역거리":475.82,
            "역세권여부":"역세권",
            "30분이내주요거점역":5,
            "1시간이내주요거점역":17,
            "3km이내백화점수":0,
            "5km이내아울렛몰수":0,
            "1km이내대형먀트수":0,
            "500m이내은행수":2,
            "500m이내병원수":1,
            "5km이내대형병원수":4,
            "500m이내공원수":4,
            "3km이내혐오시설수":0,
            "초등학교학업성취도":78.56,
            "중학교학업성취도":66.7,
            "용적률":359,
            "건폐율":27,
            "Y":37.477216,
            "X":126.969073,
            "rank":98.0,
            "area_info":"23평(76.16), 32평(107.63), 41평(138.22)",
            "last_sales":"2021-04-24,68700.0,23평(76.16)"
        },
        {
            "index":307,
            "아파트명":"경향렉스빌",
            "투자타입":"일반",
            "전용면적(m2)":"79.5",
            "전용면적(평)":"24평",
            "법정동주소":"서울시 동작구 상도동 445",
            "도로명주소":"서울시 동작구 양녕로23길 9",
            "세대수":0,
            "입주년차":20,
            "용적률점수":"--",
            "건폐율점수":"--",
            "세대당주차수":30,
            "난방방식":30,
            "공급면적":"--",
            "전용률":"--",
            "욕실수":100,
            "현관타입":100,
            "주거총점":31.5,
            "지역구공급총점":0.0,
            "역세권":50,
            "30분내 이동가능 거점":40,
            "1시간내 이동가능 거점":100,
            "교통총점":57.0,
            "백화점":100,
            "아울렛몰":0,
            "대형마트":0,
            "은행":0,
            "병원":30,
            "종합병원":100,
            "공원":100,
            "혐오시설":0,
            "인프라총점":56.0,
            "초등학군":85.13,
            "중학군":46.56,
            "학군총점":54.274,
            "인구수":44.73,
            "인구증감":-10.33,
            "인구총점":28.212,
            "일자리":13.2,
            "소득수준":62.64,
            "일자리총점":28.032,
            "가치 총점":51.1911,
            "매매실거래년":20211023.0,
            "매매실거래가":105000.0,
            "전세실거래년":20201101.0,
            "전세실거래가":29000.0,
            "전세가율":42.34,
            "장기전세가율평균":68.35,
            "전세가율거품지수":26.01,
            "검색코드":8995,
            "세대수":197.0,
            "준공년월":"2002-10-15",
            "준공년차":21.0,
            "가까운역이름":"상도",
            "가까운역거리":966.54,
            "역세권여부":"준역세권",
            "30분이내주요거점역":2,
            "1시간이내주요거점역":18,
            "3km이내백화점수":1,
            "5km이내아울렛몰수":0,
            "1km이내대형먀트수":0,
            "500m이내은행수":0,
            "500m이내병원수":6,
            "5km이내대형병원수":10,
            "500m이내공원수":2,
            "3km이내혐오시설수":0,
            "초등학교학업성취도":85.13,
            "중학교학업성취도":77.6,
            "용적률":350,
            "건폐율":24,
            "Y":37.495476,
            "X":126.942077,
            "rank":99.0,
            "area_info":"24평(79.5), 25평(83.4), 34평(113.48), 34평(113.76), 46평(152.7)",
            "last_sales":"2021-10-23,105000.0,46평(152.7)"
        },
        {
            "index":456,
            "아파트명":"약수맨션",
            "투자타입":"재건축",
            "전용면적(m2)":"120.53",
            "전용면적(평)":"36평",
            "법정동주소":"서울시 동작구 상도동 211-1",
            "도로명주소":"서울시 동작구 양녕로26길 11",
            "세대수":0,
            "입주년차":"--",
            "용적률점수":0,
            "건폐율점수":0,
            "세대당주차수":"--",
            "난방방식":"--",
            "공급면적":100,
            "전용률":100,
            "욕실수":"--",
            "현관타입":"--",
            "주거총점":10.0,
            "지역구공급총점":0.0,
            "역세권":50,
            "30분내 이동가능 거점":80,
            "1시간내 이동가능 거점":100,
            "교통총점":69.0,
            "백화점":100,
            "아울렛몰":0,
            "대형마트":0,
            "은행":0,
            "병원":30,
            "종합병원":100,
            "공원":80,
            "혐오시설":0,
            "인프라총점":55.4,
            "초등학군":85.13,
            "중학군":46.56,
            "학군총점":54.274,
            "인구수":44.73,
            "인구증감":-10.33,
            "인구총점":28.212,
            "일자리":13.2,
            "소득수준":62.64,
            "일자리총점":28.032,
            "가치 총점":50.9111,
            "매매실거래년":20191129.0,
            "매매실거래가":69000.0,
            "전세실거래년":null,
            "전세실거래가":null,
            "전세가율":null,
            "장기전세가율평균":68.35,
            "전세가율거품지수":null,
            "검색코드":3285,
            "세대수":130.0,
            "준공년월":"1980-03-31",
            "준공년차":43.0,
            "가까운역이름":"상도",
            "가까운역거리":574.1,
            "역세권여부":"준역세권",
            "30분이내주요거점역":4,
            "1시간이내주요거점역":16,
            "3km이내백화점수":1,
            "5km이내아울렛몰수":0,
            "1km이내대형먀트수":0,
            "500m이내은행수":0,
            "500m이내병원수":8,
            "5km이내대형병원수":10,
            "500m이내공원수":1,
            "3km이내혐오시설수":0,
            "초등학교학업성취도":85.13,
            "중학교학업성취도":77.6,
            "용적률":0,
            "건폐율":0,
            "Y":37.498621,
            "X":126.944148,
            "rank":100.0,
            "area_info":"36평(120.53), 36평(121.26), 43평(145.29), 43평(145.32), 44평(145.62), 44평(145.65)",
            "last_sales":"2019-11-29,69000.0,44평(145.62)"
        },
        {
            "index":217,
            "아파트명":"사당우성3단지",
            "투자타입":"일반",
            "전용면적(m2)":"59.13",
            "전용면적(평)":"17평",
            "법정동주소":"서울시 동작구 사당동 105",
            "도로명주소":"서울시 동작구 동작대로29길 115",
            "세대수":80,
            "입주년차":0,
            "용적률점수":"--",
            "건폐율점수":"--",
            "세대당주차수":80,
            "난방방식":80,
            "공급면적":"--",
            "전용률":"--",
            "욕실수":50,
            "현관타입":10,
            "주거총점":54.0,
            "지역구공급총점":0.0,
            "역세권":50,
            "30분내 이동가능 거점":20,
            "1시간내 이동가능 거점":100,
            "교통총점":51.0,
            "백화점":0,
            "아울렛몰":0,
            "대형마트":80,
            "은행":0,
            "병원":60,
            "종합병원":100,
            "공원":100,
            "혐오시설":0,
            "인프라총점":41.0,
            "초등학군":80.99,
            "중학군":51.76,
            "학군총점":57.606,
            "인구수":44.73,
            "인구증감":-10.33,
            "인구총점":28.212,
            "일자리":13.2,
            "소득수준":62.64,
            "일자리총점":28.032,
            "가치 총점":49.5909,
            "매매실거래년":20211130.0,
            "매매실거래가":88000.0,
            "전세실거래년":20220108.0,
            "전세실거래가":29400.0,
            "전세가율":33.41,
            "장기전세가율평균":68.35,
            "전세가율거품지수":34.94,
            "검색코드":381,
            "세대수":855.0,
            "준공년월":"1993-12-21",
            "준공년차":30.0,
            "가까운역이름":"남성",
            "가까운역거리":741.23,
            "역세권여부":"준역세권",
            "30분이내주요거점역":1,
            "1시간이내주요거점역":16,
            "3km이내백화점수":0,
            "5km이내아울렛몰수":0,
            "1km이내대형먀트수":1,
            "500m이내은행수":1,
            "500m이내병원수":13,
            "5km이내대형병원수":5,
            "500m이내공원수":2,
            "3km이내혐오시설수":0,
            "초등학교학업성취도":80.99,
            "중학교학업성취도":85.4,
            "용적률":0,
            "건폐율":0,
            "Y":37.4904,
            "X":126.975383,
            "rank":101.0,
            "area_info":"17평(59.13), 23평(76.51), 32평(108.25), 37평(124.18), 38평(128.16), 41평(135.86), 41평(136.64)",
            "last_sales":"2021-11-30,88000.0,17평(59.13)"
        },
        {
            "index":182,
            "아파트명":"르메이에르",
            "투자타입":"일반",
            "전용면적(m2)":"73.52",
            "전용면적(평)":"22평",
            "법정동주소":"서울시 동작구 사당동 1141",
            "도로명주소":"서울시 동작구 사당로20길 119",
            "세대수":0,
            "입주년차":20,
            "용적률점수":"--",
            "건폐율점수":"--",
            "세대당주차수":30,
            "난방방식":30,
            "공급면적":"--",
            "전용률":"--",
            "욕실수":50,
            "현관타입":100,
            "주거총점":26.5,
            "지역구공급총점":0.0,
            "역세권":50,
            "30분내 이동가능 거점":80,
            "1시간내 이동가능 거점":100,
            "교통총점":69.0,
            "백화점":0,
            "아울렛몰":0,
            "대형마트":80,
            "은행":0,
            "병원":60,
            "종합병원":100,
            "공원":100,
            "혐오시설":0,
            "인프라총점":41.0,
            "초등학군":78.56,
            "중학군":40.02,
            "학군총점":47.728,
            "인구수":44.73,
            "인구증감":-10.33,
            "인구총점":28.212,
            "일자리":13.2,
            "소득수준":62.64,
            "일자리총점":28.032,
            "가치 총점":48.9092,
            "매매실거래년":20211105.0,
            "매매실거래가":97000.0,
            "전세실거래년":20211019.0,
            "전세실거래가":34500.0,
            "전세가율":57.5,
            "장기전세가율평균":68.35,
            "전세가율거품지수":10.85,
            "검색코드":8499,
            "세대수":140.0,
            "준공년월":"2001-12-07",
            "준공년차":22.0,
            "가까운역이름":"남성",
            "가까운역거리":714.64,
            "역세권여부":"준역세권",
            "30분이내주요거점역":4,
            "1시간이내주요거점역":15,
            "3km이내백화점수":0,
            "5km이내아울렛몰수":0,
            "1km이내대형먀트수":1,
            "500m이내은행수":1,
            "500m이내병원수":12,
            "5km이내대형병원수":4,
            "500m이내공원수":6,
            "3km이내혐오시설수":0,
            "초등학교학업성취도":78.56,
            "중학교학업성취도":66.7,
            "용적률":0,
            "건폐율":0,
            "Y":37.47847,
            "X":126.9737,
            "rank":102.0,
            "area_info":"22평(73.52), 30평(100.78), 31평(104.92)",
            "last_sales":"2021-11-05,97000.0,31평(104.92)"
        },
        {
            "index":234,
            "아파트명":"사당휴먼시아",
            "투자타입":"일반",
            "전용면적(m2)":"79.85",
            "전용면적(평)":"24평",
            "법정동주소":"서울시 동작구 사당동 1154",
            "도로명주소":"서울시 동작구 사당로16길 96",
            "세대수":50,
            "입주년차":60,
            "용적률점수":"--",
            "건폐율점수":"--",
            "세대당주차수":30,
            "난방방식":30,
            "공급면적":"--",
            "전용률":"--",
            "욕실수":100,
            "현관타입":100,
            "주거총점":57.0,
            "지역구공급총점":0.0,
            "역세권":50,
            "30분내 이동가능 거점":60,
            "1시간내 이동가능 거점":100,
            "교통총점":63.0,
            "백화점":0,
            "아울렛몰":0,
            "대형마트":0,
            "은행":0,
            "병원":10,
            "종합병원":100,
            "공원":100,
            "혐오시설":0,
            "인프라총점":24.0,
            "초등학군":87.99,
            "중학군":40.02,
            "학군총점":49.614,
            "인구수":44.73,
            "인구증감":-10.33,
            "인구총점":28.212,
            "일자리":13.2,
            "소득수준":62.64,
            "일자리총점":28.032,
            "가치 총점":48.0921,
            "매매실거래년":20210830.0,
            "매매실거래가":118300.0,
            "전세실거래년":20210916.0,
            "전세실거래가":50000.0,
            "전세가율":56.5,
            "장기전세가율평균":68.35,
            "전세가율거품지수":11.85,
            "검색코드":26399,
            "세대수":480.0,
            "준공년월":"2009-03-05",
            "준공년차":14.0,
            "가까운역이름":"낙성대",
            "가까운역거리":597.69,
            "역세권여부":"준역세권",
            "30분이내주요거점역":3,
            "1시간이내주요거점역":16,
            "3km이내백화점수":0,
            "5km이내아울렛몰수":0,
            "1km이내대형먀트수":0,
            "500m이내은행수":1,
            "500m이내병원수":2,
            "5km이내대형병원수":4,
            "500m이내공원수":7,
            "3km이내혐오시설수":0,
            "초등학교학업성취도":87.99,
            "중학교학업성취도":66.7,
            "용적률":239,
            "건폐율":21,
            "Y":37.479026,
            "X":126.96993,
            "rank":103.0,
            "area_info":"24평(79.85), 33평(109.18), 33평(109.4), 33평(109.32), 33평(109.49)",
            "last_sales":"2021-08-30,118300.0,33평(109.18)"
        },
        {
            "index":189,
            "아파트명":"사당롯데캐슬골든포레",
            "투자타입":"일반",
            "전용면적(m2)":"74.3",
            "전용면적(평)":"22평",
            "법정동주소":"서울시 동작구 사당동 181번지 일원",
            "도로명주소":"서울시 동작구 사당로 90",
            "세대수":90,
            "입주년차":100,
            "용적률점수":"--",
            "건폐율점수":"--",
            "세대당주차수":30,
            "난방방식":30,
            "공급면적":"--",
            "전용률":"--",
            "욕실수":50,
            "현관타입":100,
            "주거총점":74.0,
            "지역구공급총점":0.0,
            "역세권":50,
            "30분내 이동가능 거점":20,
            "1시간내 이동가능 거점":100,
            "교통총점":51.0,
            "백화점":0,
            "아울렛몰":0,
            "대형마트":0,
            "은행":0,
            "병원":0,
            "종합병원":100,
            "공원":0,
            "혐오시설":0,
            "인프라총점":20.0,
            "초등학군":90.95,
            "중학군":51.86,
            "학군총점":59.678,
            "인구수":44.73,
            "인구증감":-10.33,
            "인구총점":28.212,
            "일자리":13.2,
            "소득수준":62.64,
            "일자리총점":28.032,
            "가치 총점":47.6017,
            "매매실거래년":20200915.0,
            "매매실거래가":126000.0,
            "전세실거래년":null,
            "전세실거래가":null,
            "전세가율":null,
            "장기전세가율평균":68.35,
            "전세가율거품지수":null,
            "검색코드":115936,
            "세대수":959.0,
            "준공년월":"2020-02-01",
            "준공년차":3.0,
            "가까운역이름":"숭실대입구",
            "가까운역거리":844.16,
            "역세권여부":"준역세권",
            "30분이내주요거점역":1,
            "1시간이내주요거점역":16,
            "3km이내백화점수":0,
            "5km이내아울렛몰수":0,
            "1km이내대형먀트수":0,
            "500m이내은행수":0,
            "500m이내병원수":0,
            "5km이내대형병원수":8,
            "500m이내공원수":0,
            "3km이내혐오시설수":0,
            "초등학교학업성취도":90.95,
            "중학교학업성취도":84.9,
            "용적률":0,
            "건폐율":0,
            "Y":37.492635,
            "X":126.962381,
            "rank":104.0,
            "area_info":"22평(74.3), 25평(83.56), 25평(84.46), 25평(84.88), 25평(85.34), 34평(112.73), 34평(112.51), 34평(113.26), 34평(113.3), 34평(113.86), 41평(137.47)",
            "last_sales":"2020-09-15,126000.0,34평(113.26)"
        },
        {
            "index":228,
            "아파트명":"사당자이",
            "투자타입":"일반",
            "전용면적(m2)":"80.55",
            "전용면적(평)":"24평",
            "법정동주소":"서울시 동작구 사당동 1139",
            "도로명주소":"서울시 동작구 사당로2가길 102",
            "세대수":80,
            "입주년차":20,
            "용적률점수":"--",
            "건폐율점수":"--",
            "세대당주차수":30,
            "난방방식":30,
            "공급면적":"--",
            "전용률":"--",
            "욕실수":50,
            "현관타입":100,
            "주거총점":54.5,
            "지역구공급총점":0.0,
            "역세권":50,
            "30분내 이동가능 거점":40,
            "1시간내 이동가능 거점":100,
            "교통총점":57.0,
            "백화점":0,
            "아울렛몰":0,
            "대형마트":0,
            "은행":20,
            "병원":0,
            "종합병원":100,
            "공원":100,
            "혐오시설":0,
            "인프라총점":25.0,
            "초등학군":90.95,
            "중학군":50.84,
            "학군총점":58.862,
            "인구수":44.73,
            "인구증감":-10.33,
            "인구총점":28.212,
            "일자리":13.2,
            "소득수준":62.64,
            "일자리총점":28.032,
            "가치 총점":47.1793,
            "매매실거래년":20211226.0,
            "매매실거래가":90000.0,
            "전세실거래년":20211211.0,
            "전세실거래가":36750.0,
            "전세가율":40.83,
            "장기전세가율평균":68.35,
            "전세가율거품지수":27.52,
            "검색코드":1138,
            "세대수":719.0,
            "준공년월":"1999-12-28",
            "준공년차":24.0,
            "가까운역이름":"남성",
            "가까운역거리":908.1,
            "역세권여부":"준역세권",
            "30분이내주요거점역":2,
            "1시간이내주요거점역":15,
            "3km이내백화점수":0,
            "5km이내아울렛몰수":0,
            "1km이내대형먀트수":0,
            "500m이내은행수":2,
            "500m이내병원수":0,
            "5km이내대형병원수":8,
            "500m이내공원수":2,
            "3km이내혐오시설수":0,
            "초등학교학업성취도":90.95,
            "중학교학업성취도":83.6,
            "용적률":287,
            "건폐율":21,
            "Y":37.489063,
            "X":126.962635,
            "rank":105.0,
            "area_info":"24평(80.55), 24평(81.42), 24평(81.42), 24평(81.42), 32평(107.64), 43평(142.18)",
            "last_sales":"2021-12-26,90000.0,24평(80.55)"
        },
        {
            "index":177,
            "아파트명":"롯데캐슬",
            "투자타입":"일반",
            "전용면적(m2)":"97.7",
            "전용면적(평)":"29평",
            "법정동주소":"서울시 동작구 사당동 1132",
            "도로명주소":"서울시 동작구 사당로27길 190",
            "세대수":50,
            "입주년차":20,
            "용적률점수":"--",
            "건폐율점수":"--",
            "세대당주차수":60,
            "난방방식":30,
            "공급면적":"--",
            "전용률":"--",
            "욕실수":100,
            "현관타입":100,
            "주거총점":53.5,
            "지역구공급총점":0.0,
            "역세권":50,
            "30분내 이동가능 거점":20,
            "1시간내 이동가능 거점":100,
            "교통총점":51.0,
            "백화점":0,
            "아울렛몰":0,
            "대형마트":80,
            "은행":0,
            "병원":10,
            "종합병원":100,
            "공원":100,
            "혐오시설":0,
            "인프라총점":36.0,
            "초등학군":80.99,
            "중학군":42.74,
            "학군총점":50.39,
            "인구수":44.73,
            "인구증감":-10.33,
            "인구총점":28.212,
            "일자리":13.2,
            "소득수준":62.64,
            "일자리총점":28.032,
            "가치 총점":46.9085,
            "매매실거래년":20210915.0,
            "매매실거래가":130000.0,
            "전세실거래년":20220114.0,
            "전세실거래가":80000.0,
            "전세가율":63.49,
            "장기전세가율평균":68.35,
            "전세가율거품지수":4.86,
            "검색코드":9208,
            "세대수":444.0,
            "준공년월":"2003-10-17",
            "준공년차":20.0,
            "가까운역이름":"남성",
            "가까운역거리":657.64,
            "역세권여부":"준역세권",
            "30분이내주요거점역":1,
            "1시간이내주요거점역":14,
            "3km이내백화점수":0,
            "5km이내아울렛몰수":0,
            "1km이내대형먀트수":1,
            "500m이내은행수":0,
            "500m이내병원수":3,
            "5km이내대형병원수":5,
            "500m이내공원수":2,
            "3km이내혐오시설수":0,
            "초등학교학업성취도":80.99,
            "중학교학업성취도":70.9,
            "용적률":294,
            "건폐율":22,
            "Y":37.490386,
            "X":126.972771,
            "rank":106.0,
            "area_info":"29평(97.7), 36평(121.34), 36평(121.55), 40평(135.31), 54평(178.91)",
            "last_sales":"2021-09-15,130000.0,54평(178.91)"
        },
        {
            "index":624,
            "아파트명":"흑석동양",
            "투자타입":"일반",
            "전용면적(m2)":"79.35",
            "전용면적(평)":"24평",
            "법정동주소":"서울시 동작구 흑석동 328",
            "도로명주소":"서울시 동작구 서달로1길 17",
            "세대수":50,
            "입주년차":20,
            "용적률점수":"--",
            "건폐율점수":"--",
            "세대당주차수":30,
            "난방방식":30,
            "공급면적":"--",
            "전용률":"--",
            "욕실수":50,
            "현관타입":100,
            "주거총점":44.0,
            "지역구공급총점":0.0,
            "역세권":50,
            "30분내 이동가능 거점":20,
            "1시간내 이동가능 거점":100,
            "교통총점":51.0,
            "백화점":0,
            "아울렛몰":0,
            "대형마트":80,
            "은행":20,
            "병원":0,
            "종합병원":100,
            "공원":100,
            "혐오시설":-50,
            "인프라총점":36.0,
            "초등학군":87.65,
            "중학군":49.5,
            "학군총점":57.13,
            "인구수":44.73,
            "인구증감":-10.33,
            "인구총점":28.212,
            "일자리":13.2,
            "소득수준":62.64,
            "일자리총점":28.032,
            "가치 총점":46.0195,
            "매매실거래년":20211001.0,
            "매매실거래가":100000.0,
            "전세실거래년":20220113.0,
            "전세실거래가":47000.0,
            "전세가율":47.0,
            "장기전세가율평균":68.35,
            "전세가율거품지수":21.35,
            "검색코드":9318,
            "세대수":423.0,
            "준공년월":"2003-11-04",
            "준공년차":20.0,
            "가까운역이름":"숭실대입구",
            "가까운역거리":650.61,
            "역세권여부":"준역세권",
            "30분이내주요거점역":1,
            "1시간이내주요거점역":15,
            "3km이내백화점수":0,
            "5km이내아울렛몰수":0,
            "1km이내대형먀트수":1,
            "500m이내은행수":2,
            "500m이내병원수":0,
            "5km이내대형병원수":9,
            "500m이내공원수":2,
            "3km이내혐오시설수":1,
            "초등학교학업성취도":87.65,
            "중학교학업성취도":80.5,
            "용적률":255,
            "건폐율":23,
            "Y":37.50048,
            "X":126.958609,
            "rank":107.0,
            "area_info":"24평(79.35), 33평(109.28), 33평(109.29), 33평(109.28)",
            "last_sales":"2021-10-01,100000.0,24평(79.35)"
        },
        {
            "index":160,
            "아파트명":"동작삼성래미안",
            "투자타입":"일반",
            "전용면적(m2)":"83.01",
            "전용면적(평)":"25평",
            "법정동주소":"서울시 동작구 사당동 1133",
            "도로명주소":"서울시 동작구 사당로23바길 9",
            "세대수":80,
            "입주년차":20,
            "용적률점수":"--",
            "건폐율점수":"--",
            "세대당주차수":60,
            "난방방식":30,
            "공급면적":"--",
            "전용률":"--",
            "욕실수":100,
            "현관타입":100,
            "주거총점":64.0,
            "지역구공급총점":0.0,
            "역세권":50,
            "30분내 이동가능 거점":20,
            "1시간내 이동가능 거점":100,
            "교통총점":51.0,
            "백화점":0,
            "아울렛몰":0,
            "대형마트":0,
            "은행":0,
            "병원":10,
            "종합병원":100,
            "공원":100,
            "혐오시설":0,
            "인프라총점":24.0,
            "초등학군":90.95,
            "중학군":42.74,
            "학군총점":52.382,
            "인구수":44.73,
            "인구증감":-10.33,
            "인구총점":28.212,
            "일자리":13.2,
            "소득수준":62.64,
            "일자리총점":28.032,
            "가치 총점":45.7073,
            "매매실거래년":20210928.0,
            "매매실거래가":133000.0,
            "전세실거래년":20210704.0,
            "전세실거래가":45150.0,
            "전세가율":37.94,
            "장기전세가율평균":68.35,
            "전세가율거품지수":30.41,
            "검색코드":3382,
            "세대수":896.0,
            "준공년월":"2003-02-15",
            "준공년차":20.0,
            "가까운역이름":"남성",
            "가까운역거리":556.48,
            "역세권여부":"준역세권",
            "30분이내주요거점역":1,
            "1시간이내주요거점역":16,
            "3km이내백화점수":0,
            "5km이내아울렛몰수":0,
            "1km이내대형먀트수":0,
            "500m이내은행수":0,
            "500m이내병원수":4,
            "5km이내대형병원수":6,
            "500m이내공원수":3,
            "3km이내혐오시설수":0,
            "초등학교학업성취도":90.95,
            "중학교학업성취도":70.9,
            "용적률":306,
            "건폐율":23,
            "Y":37.489525,
            "X":126.970159,
            "rank":108.0,
            "area_info":"25평(83.01), 34평(114.06), 46평(154.69), 63평(209.83)",
            "last_sales":"2021-09-28,133000.0,34평(114.06)"
        },
        {
            "index":158,
            "아파트명":"대아2차(경남아너스빌)",
            "투자타입":"일반",
            "전용면적(m2)":"75.7",
            "전용면적(평)":"22평",
            "법정동주소":"서울시 동작구 사당동 1135",
            "도로명주소":"서울시 동작구 사당로 165",
            "세대수":0,
            "입주년차":0,
            "용적률점수":"--",
            "건폐율점수":"--",
            "세대당주차수":30,
            "난방방식":30,
            "공급면적":"--",
            "전용률":"--",
            "욕실수":50,
            "현관타입":10,
            "주거총점":13.5,
            "지역구공급총점":0.0,
            "역세권":80,
            "30분내 이동가능 거점":60,
            "1시간내 이동가능 거점":100,
            "교통총점":78.0,
            "백화점":0,
            "아울렛몰":0,
            "대형마트":0,
            "은행":0,
            "병원":30,
            "종합병원":100,
            "공원":100,
            "혐오시설":0,
            "인프라총점":26.0,
            "초등학군":90.95,
            "중학군":42.74,
            "학군총점":52.382,
            "인구수":44.73,
            "인구증감":-10.33,
            "인구총점":28.212,
            "일자리":13.2,
            "소득수준":62.64,
            "일자리총점":28.032,
            "가치 총점":45.6573,
            "매매실거래년":20211015.0,
            "매매실거래가":83000.0,
            "전세실거래년":20211229.0,
            "전세실거래가":50000.0,
            "전세가율":60.24,
            "장기전세가율평균":68.35,
            "전세가율거품지수":8.11,
            "검색코드":1139,
            "세대수":120.0,
            "준공년월":"1998-05-30",
            "준공년차":25.0,
            "가까운역이름":"남성",
            "가까운역거리":428.13,
            "역세권여부":"역세권",
            "30분이내주요거점역":3,
            "1시간이내주요거점역":15,
            "3km이내백화점수":0,
            "5km이내아울렛몰수":0,
            "1km이내대형먀트수":0,
            "500m이내은행수":0,
            "500m이내병원수":8,
            "5km이내대형병원수":6,
            "500m이내공원수":5,
            "3km이내혐오시설수":0,
            "초등학교학업성취도":90.95,
            "중학교학업성취도":70.9,
            "용적률":329,
            "건폐율":27,
            "Y":37.487297,
            "X":126.967793,
            "rank":109.0,
            "area_info":"22평(75.7), 32평(107.38)",
            "last_sales":"2021-10-15,83000.0,22평(75.7)"
        },
        {
            "index":200,
            "아파트명":"사당삼성",
            "투자타입":"일반",
            "전용면적(m2)":"75.73",
            "전용면적(평)":"22평",
            "법정동주소":"서울시 동작구 사당동 1140",
            "도로명주소":"서울시 동작구 동작대로35아길 14",
            "세대수":0,
            "입주년차":20,
            "용적률점수":"--",
            "건폐율점수":"--",
            "세대당주차수":30,
            "난방방식":30,
            "공급면적":"--",
            "전용률":"--",
            "욕실수":50,
            "현관타입":10,
            "주거총점":17.5,
            "지역구공급총점":0.0,
            "역세권":0,
            "30분내 이동가능 거점":60,
            "1시간내 이동가능 거점":100,
            "교통총점":38.0,
            "백화점":100,
            "아울렛몰":0,
            "대형마트":80,
            "은행":0,
            "병원":0,
            "종합병원":100,
            "공원":80,
            "혐오시설":0,
            "인프라총점":64.4,
            "초등학군":87.5,
            "중학군":51.76,
            "학군총점":58.908,
            "인구수":44.73,
            "인구증감":-10.33,
            "인구총점":28.212,
            "일자리":13.2,
            "소득수준":62.64,
            "일자리총점":28.032,
            "가치 총점":44.9562,
            "매매실거래년":20210203.0,
            "매매실거래가":96000.0,
            "전세실거래년":20220115.0,
            "전세실거래가":35000.0,
            "전세가율":48.95,
            "장기전세가율평균":68.35,
            "전세가율거품지수":19.4,
            "검색코드":3281,
            "세대수":113.0,
            "준공년월":"1999-12-31",
            "준공년차":24.0,
            "가까운역이름":"동작",
            "가까운역거리":1064.91,
            "역세권여부":"비역세권",
            "30분이내주요거점역":3,
            "1시간이내주요거점역":16,
            "3km이내백화점수":1,
            "5km이내아울렛몰수":0,
            "1km이내대형먀트수":1,
            "500m이내은행수":1,
            "500m이내병원수":0,
            "5km이내대형병원수":5,
            "500m이내공원수":1,
            "3km이내혐오시설수":0,
            "초등학교학업성취도":87.5,
            "중학교학업성취도":85.4,
            "용적률":0,
            "건폐율":0,
            "Y":37.493396,
            "X":126.979063,
            "rank":110.0,
            "area_info":"22평(75.73), 24평(82.3), 30평(99.66), 32평(105.95), 38평(125.91), 43평(143.22)",
            "last_sales":"2021-02-03,96000.0,32평(105.95)"
        },
        {
            "index":283,
            "아파트명":"진흥",
            "투자타입":"일반",
            "전용면적(m2)":"74.6",
            "전용면적(평)":"22평",
            "법정동주소":"서울시 동작구 사당동 1142",
            "도로명주소":"서울시 동작구 사당로16아길 43",
            "세대수":0,
            "입주년차":40,
            "용적률점수":"--",
            "건폐율점수":"--",
            "세대당주차수":30,
            "난방방식":30,
            "공급면적":"--",
            "전용률":"--",
            "욕실수":50,
            "현관타입":100,
            "주거총점":30.5,
            "지역구공급총점":0.0,
            "역세권":50,
            "30분내 이동가능 거점":60,
            "1시간내 이동가능 거점":100,
            "교통총점":63.0,
            "백화점":0,
            "아울렛몰":0,
            "대형마트":0,
            "은행":0,
            "병원":60,
            "종합병원":100,
            "공원":100,
            "혐오시설":0,
            "인프라총점":29.0,
            "초등학군":87.99,
            "중학군":40.02,
            "학군총점":49.614,
            "인구수":44.73,
            "인구증감":-10.33,
            "인구총점":28.212,
            "일자리":13.2,
            "소득수준":62.64,
            "일자리총점":28.032,
            "가치 총점":44.2921,
            "매매실거래년":20210609.0,
            "매매실거래가":100000.0,
            "전세실거래년":20200207.0,
            "전세실거래가":38000.0,
            "전세가율":57.58,
            "장기전세가율평균":68.35,
            "전세가율거품지수":10.77,
            "검색코드":11260,
            "세대수":140.0,
            "준공년월":"2004-12-29",
            "준공년차":19.0,
            "가까운역이름":"남성",
            "가까운역거리":521.32,
            "역세권여부":"준역세권",
            "30분이내주요거점역":3,
            "1시간이내주요거점역":16,
            "3km이내백화점수":0,
            "5km이내아울렛몰수":0,
            "1km이내대형먀트수":0,
            "500m이내은행수":1,
            "500m이내병원수":11,
            "5km이내대형병원수":4,
            "500m이내공원수":9,
            "3km이내혐오시설수":0,
            "초등학교학업성취도":87.99,
            "중학교학업성취도":66.7,
            "용적률":277,
            "건폐율":32,
            "Y":37.480226,
            "X":126.969111,
            "rank":111.0,
            "area_info":"22평(74.6), 28평(94.45), 32평(105.98), 32평(106.02), 32평(106.04), 32평(106.03), 43평(143.55)",
            "last_sales":"2021-06-09,100000.0,43평(143.55)"
        },
        {
            "index":141,
            "아파트명":"극동",
            "투자타입":"일반",
            "전용면적(m2)":"59.34",
            "전용면적(평)":"17평",
            "법정동주소":"서울시 동작구 사당동 105",
            "도로명주소":"서울시 동작구 동작대로29길 119",
            "세대수":100,
            "입주년차":0,
            "용적률점수":"--",
            "건폐율점수":"--",
            "세대당주차수":0,
            "난방방식":100,
            "공급면적":"--",
            "전용률":"--",
            "욕실수":50,
            "현관타입":10,
            "주거총점":51.0,
            "지역구공급총점":0.0,
            "역세권":50,
            "30분내 이동가능 거점":20,
            "1시간내 이동가능 거점":100,
            "교통총점":51.0,
            "백화점":0,
            "아울렛몰":0,
            "대형마트":0,
            "은행":0,
            "병원":10,
            "종합병원":100,
            "공원":100,
            "혐오시설":0,
            "인프라총점":24.0,
            "초등학군":80.99,
            "중학군":51.76,
            "학군총점":57.606,
            "인구수":44.73,
            "인구증감":-10.33,
            "인구총점":28.212,
            "일자리":13.2,
            "소득수준":62.64,
            "일자리총점":28.032,
            "가치 총점":43.8909,
            "매매실거래년":20211012.0,
            "매매실거래가":134000.0,
            "전세실거래년":20211209.0,
            "전세실거래가":40000.0,
            "전세가율":44.59,
            "장기전세가율평균":68.35,
            "전세가율거품지수":23.76,
            "검색코드":374,
            "세대수":1550.0,
            "준공년월":"1993-12-21",
            "준공년차":30.0,
            "가까운역이름":"남성",
            "가까운역거리":810.84,
            "역세권여부":"준역세권",
            "30분이내주요거점역":1,
            "1시간이내주요거점역":14,
            "3km이내백화점수":0,
            "5km이내아울렛몰수":0,
            "1km이내대형먀트수":0,
            "500m이내은행수":0,
            "500m이내병원수":2,
            "5km이내대형병원수":5,
            "500m이내공원수":2,
            "3km이내혐오시설수":0,
            "초등학교학업성취도":80.99,
            "중학교학업성취도":85.4,
            "용적률":248,
            "건폐율":18,
            "Y":37.491697,
            "X":126.973341,
            "rank":112.0,
            "area_info":"17평(59.34), 20평(67.01), 22평(75.2), 30평(101.35), 38평(126.38), 39평(130.65), 39평(131.01), 40평(133.97), 41평(137.62)",
            "last_sales":"2021-10-12,134000.0,39평(131.01)"
        },
        {
            "index":138,
            "아파트명":"경남아너스빌",
            "투자타입":"일반",
            "전용면적(m2)":"77.02",
            "전용면적(평)":"23평",
            "법정동주소":"서울시 동작구 사당동 1134",
            "도로명주소":"서울시 동작구 사당로9가길 82",
            "세대수":30,
            "입주년차":0,
            "용적률점수":"--",
            "건폐율점수":"--",
            "세대당주차수":30,
            "난방방식":30,
            "공급면적":"--",
            "전용률":"--",
            "욕실수":50,
            "현관타입":10,
            "주거총점":24.0,
            "지역구공급총점":0.0,
            "역세권":80,
            "30분내 이동가능 거점":20,
            "1시간내 이동가능 거점":100,
            "교통총점":66.0,
            "백화점":0,
            "아울렛몰":0,
            "대형마트":0,
            "은행":0,
            "병원":30,
            "종합병원":100,
            "공원":100,
            "혐오시설":0,
            "인프라총점":26.0,
            "초등학군":90.95,
            "중학군":42.74,
            "학군총점":52.382,
            "인구수":44.73,
            "인구증감":-10.33,
            "인구총점":28.212,
            "일자리":13.2,
            "소득수준":62.64,
            "일자리총점":28.032,
            "가치 총점":43.5573,
            "매매실거래년":20210819.0,
            "매매실거래가":106800.0,
            "전세실거래년":20210723.0,
            "전세실거래가":50000.0,
            "전세가율":62.03,
            "장기전세가율평균":68.35,
            "전세가율거품지수":6.32,
            "검색코드":376,
            "세대수":340.0,
            "준공년월":"1997-02-28",
            "준공년차":26.0,
            "가까운역이름":"남성",
            "가까운역거리":491.26,
            "역세권여부":"역세권",
            "30분이내주요거점역":1,
            "1시간이내주요거점역":15,
            "3km이내백화점수":0,
            "5km이내아울렛몰수":0,
            "1km이내대형먀트수":0,
            "500m이내은행수":0,
            "500m이내병원수":8,
            "5km이내대형병원수":6,
            "500m이내공원수":3,
            "3km이내혐오시설수":0,
            "초등학교학업성취도":90.95,
            "중학교학업성취도":70.9,
            "용적률":290,
            "건폐율":29,
            "Y":37.487973,
            "X":126.967661,
            "rank":113.0,
            "area_info":"23평(77.02), 31평(104.55), 39평(129.52)",
            "last_sales":"2021-08-19,106800.0,31평(104.55)"
        },
        {
            "index":617,
            "아파트명":"청호",
            "투자타입":"일반",
            "전용면적(m2)":"80.96",
            "전용면적(평)":"24평",
            "법정동주소":"서울시 동작구 흑석동 327",
            "도로명주소":"서울시 동작구 서달로2길 29",
            "세대수":30,
            "입주년차":0,
            "용적률점수":"--",
            "건폐율점수":"--",
            "세대당주차수":0,
            "난방방식":30,
            "공급면적":"--",
            "전용률":"--",
            "욕실수":50,
            "현관타입":100,
            "주거총점":28.5,
            "지역구공급총점":0.0,
            "역세권":50,
            "30분내 이동가능 거점":20,
            "1시간내 이동가능 거점":100,
            "교통총점":51.0,
            "백화점":0,
            "아울렛몰":0,
            "대형마트":80,
            "은행":0,
            "병원":10,
            "종합병원":100,
            "공원":100,
            "혐오시설":-100,
            "인프라총점":34.0,
            "초등학군":87.65,
            "중학군":49.5,
            "학군총점":57.13,
            "인구수":44.73,
            "인구증감":-10.33,
            "인구총점":28.212,
            "일자리":13.2,
            "소득수준":62.64,
            "일자리총점":28.032,
            "가치 총점":42.3195,
            "매매실거래년":20211123.0,
            "매매실거래가":91000.0,
            "전세실거래년":20220111.0,
            "전세실거래가":3216.0,
            "전세가율":3.53,
            "장기전세가율평균":68.35,
            "전세가율거품지수":64.82,
            "검색코드":399,
            "세대수":346.0,
            "준공년월":"1997-10-14",
            "준공년차":26.0,
            "가까운역이름":"흑석",
            "가까운역거리":838.38,
            "역세권여부":"준역세권",
            "30분이내주요거점역":1,
            "1시간이내주요거점역":16,
            "3km이내백화점수":0,
            "5km이내아울렛몰수":0,
            "1km이내대형먀트수":1,
            "500m이내은행수":1,
            "500m이내병원수":3,
            "5km이내대형병원수":7,
            "500m이내공원수":2,
            "3km이내혐오시설수":2,
            "초등학교학업성취도":87.65,
            "중학교학업성취도":80.5,
            "용적률":131,
            "건폐율":19,
            "Y":37.501241,
            "X":126.963201,
            "rank":114.0,
            "area_info":"24평(80.96)",
            "last_sales":"2021-11-23,91000.0,24평(80.96)"
        },
        {
            "index":239,
            "아파트명":"삼호그린",
            "투자타입":"일반",
            "전용면적(m2)":"80.88",
            "전용면적(평)":"24평",
            "법정동주소":"서울시 동작구 사당동 1138",
            "도로명주소":"서울시 동작구 사당로2가길 188",
            "세대수":0,
            "입주년차":20,
            "용적률점수":"--",
            "건폐율점수":"--",
            "세대당주차수":30,
            "난방방식":30,
            "공급면적":"--",
            "전용률":"--",
            "욕실수":50,
            "현관타입":10,
            "주거총점":17.5,
            "지역구공급총점":0.0,
            "역세권":50,
            "30분내 이동가능 거점":60,
            "1시간내 이동가능 거점":100,
            "교통총점":63.0,
            "백화점":0,
            "아울렛몰":0,
            "대형마트":0,
            "은행":20,
            "병원":30,
            "종합병원":100,
            "공원":100,
            "혐오시설":0,
            "인프라총점":28.0,
            "초등학군":87.99,
            "중학군":42.74,
            "학군총점":51.79,
            "인구수":44.73,
            "인구증감":-10.33,
            "인구총점":28.212,
            "일자리":13.2,
            "소득수준":62.64,
            "일자리총점":28.032,
            "가치 총점":41.7185,
            "매매실거래년":20210709.0,
            "매매실거래가":108000.0,
            "전세실거래년":20210709.0,
            "전세실거래가":32550.0,
            "전세가율":40.69,
            "장기전세가율평균":68.35,
            "전세가율거품지수":27.66,
            "검색코드":1137,
            "세대수":211.0,
            "준공년월":"1999-10-16",
            "준공년차":24.0,
            "가까운역이름":"남성",
            "가까운역거리":549.87,
            "역세권여부":"준역세권",
            "30분이내주요거점역":3,
            "1시간이내주요거점역":15,
            "3km이내백화점수":0,
            "5km이내아울렛몰수":0,
            "1km이내대형먀트수":0,
            "500m이내은행수":2,
            "500m이내병원수":5,
            "5km이내대형병원수":6,
            "500m이내공원수":4,
            "3km이내혐오시설수":0,
            "초등학교학업성취도":87.99,
            "중학교학업성취도":70.9,
            "용적률":0,
            "건폐율":0,
            "Y":37.485977,
            "X":126.965267,
            "rank":115.0,
            "area_info":"24평(80.88), 24평(80.37), 32평(107.7), 43평(144.87)",
            "last_sales":"2021-07-09,108000.0,32평(107.7)"
        },
        {
            "index":436,
            "아파트명":"상도현대",
            "투자타입":"일반",
            "전용면적(m2)":"72.99",
            "전용면적(평)":"22평",
            "법정동주소":"서울시 동작구 상도동 412",
            "도로명주소":"서울시 동작구 사당로2길 2-32",
            "세대수":0,
            "입주년차":20,
            "용적률점수":"--",
            "건폐율점수":"--",
            "세대당주차수":30,
            "난방방식":30,
            "공급면적":"--",
            "전용률":"--",
            "욕실수":50,
            "현관타입":10,
            "주거총점":17.5,
            "지역구공급총점":0.0,
            "역세권":50,
            "30분내 이동가능 거점":60,
            "1시간내 이동가능 거점":100,
            "교통총점":63.0,
            "백화점":0,
            "아울렛몰":0,
            "대형마트":0,
            "은행":20,
            "병원":0,
            "종합병원":100,
            "공원":0,
            "혐오시설":0,
            "인프라총점":22.0,
            "초등학군":87.78,
            "중학군":51.86,
            "학군총점":59.044,
            "인구수":44.73,
            "인구증감":-10.33,
            "인구총점":28.212,
            "일자리":13.2,
            "소득수준":62.64,
            "일자리총점":28.032,
            "가치 총점":41.0066,
            "매매실거래년":20210814.0,
            "매매실거래가":84500.0,
            "전세실거래년":20201203.0,
            "전세실거래가":33600.0,
            "전세가율":39.76,
            "장기전세가율평균":68.35,
            "전세가율거품지수":28.59,
            "검색코드":9176,
            "세대수":194.0,
            "준공년월":"2003-06-16",
            "준공년차":20.0,
            "가까운역이름":"숭실대입구",
            "가까운역거리":533.43,
            "역세권여부":"준역세권",
            "30분이내주요거점역":3,
            "1시간이내주요거점역":17,
            "3km이내백화점수":0,
            "5km이내아울렛몰수":0,
            "1km이내대형먀트수":0,
            "500m이내은행수":2,
            "500m이내병원수":0,
            "5km이내대형병원수":8,
            "500m이내공원수":0,
            "3km이내혐오시설수":0,
            "초등학교학업성취도":87.78,
            "중학교학업성취도":84.9,
            "용적률":227,
            "건폐율":25,
            "Y":37.494216,
            "X":126.95942,
            "rank":116.0,
            "area_info":"22평(72.99), 22평(73.07), 31평(103.85), 31평(103.67)",
            "last_sales":"2021-08-14,84500.0,22평(72.99)"
        },
        {
            "index":224,
            "아파트명":"사당유니드",
            "투자타입":"일반",
            "전용면적(m2)":"80.82",
            "전용면적(평)":"24평",
            "법정동주소":"서울시 동작구 사당동 1155",
            "도로명주소":"서울시 동작구 동작대로29길 195",
            "세대수":0,
            "입주년차":60,
            "용적률점수":"--",
            "건폐율점수":"--",
            "세대당주차수":30,
            "난방방식":30,
            "공급면적":"--",
            "전용률":"--",
            "욕실수":100,
            "현관타입":100,
            "주거총점":39.5,
            "지역구공급총점":0.0,
            "역세권":0,
            "30분내 이동가능 거점":0,
            "1시간내 이동가능 거점":100,
            "교통총점":20.0,
            "백화점":100,
            "아울렛몰":0,
            "대형마트":0,
            "은행":0,
            "병원":0,
            "종합병원":100,
            "공원":80,
            "혐오시설":0,
            "인프라총점":52.4,
            "초등학군":87.5,
            "중학군":51.76,
            "학군총점":58.908,
            "인구수":44.73,
            "인구증감":-10.33,
            "인구총점":28.212,
            "일자리":13.2,
            "소득수준":62.64,
            "일자리총점":28.032,
            "가치 총점":39.4562,
            "매매실거래년":20210629.0,
            "매매실거래가":85500.0,
            "전세실거래년":20210602.0,
            "전세실거래가":57000.0,
            "전세가율":71.25,
            "장기전세가율평균":68.35,
            "전세가율거품지수":-2.9,
            "검색코드":26256,
            "세대수":151.0,
            "준공년월":"2009-02-03",
            "준공년차":14.0,
            "가까운역이름":"남성",
            "가까운역거리":1052.54,
            "역세권여부":"비역세권",
            "30분이내주요거점역":0,
            "1시간이내주요거점역":16,
            "3km이내백화점수":1,
            "5km이내아울렛몰수":0,
            "1km이내대형먀트수":0,
            "500m이내은행수":0,
            "500m이내병원수":0,
            "5km이내대형병원수":5,
            "500m이내공원수":1,
            "3km이내혐오시설수":0,
            "초등학교학업성취도":87.5,
            "중학교학업성취도":85.4,
            "용적률":167,
            "건폐율":28,
            "Y":37.49345,
            "X":126.97547,
            "rank":117.0,
            "area_info":"24평(80.82), 26평(87.72), 33평(110.35), 33평(111.05)",
            "last_sales":"2021-06-29,85500.0,26평(87.72)"
        },
        {
            "index":601,
            "아파트명":"우리유앤미",
            "투자타입":"일반",
            "전용면적(m2)":"81.74",
            "전용면적(평)":"24평",
            "법정동주소":"서울시 동작구 흑석동 329",
            "도로명주소":"서울시 동작구 서달로 83",
            "세대수":0,
            "입주년차":20,
            "용적률점수":"--",
            "건폐율점수":"--",
            "세대당주차수":30,
            "난방방식":30,
            "공급면적":"--",
            "전용률":"--",
            "욕실수":50,
            "현관타입":10,
            "주거총점":17.5,
            "지역구공급총점":0.0,
            "역세권":50,
            "30분내 이동가능 거점":0,
            "1시간내 이동가능 거점":100,
            "교통총점":45.0,
            "백화점":0,
            "아울렛몰":0,
            "대형마트":80,
            "은행":0,
            "병원":0,
            "종합병원":100,
            "공원":100,
            "혐오시설":-50,
            "인프라총점":34.0,
            "초등학군":87.65,
            "중학군":49.5,
            "학군총점":57.13,
            "인구수":44.73,
            "인구증감":-10.33,
            "인구총점":28.212,
            "일자리":13.2,
            "소득수준":62.64,
            "일자리총점":28.032,
            "가치 총점":38.0195,
            "매매실거래년":20211019.0,
            "매매실거래가":97500.0,
            "전세실거래년":20210710.0,
            "전세실거래가":55000.0,
            "전세가율":56.41,
            "장기전세가율평균":68.35,
            "전세가율거품지수":11.94,
            "검색코드":11286,
            "세대수":206.0,
            "준공년월":"2003-12-26",
            "준공년차":20.0,
            "가까운역이름":"숭실대입구",
            "가까운역거리":713.3,
            "역세권여부":"준역세권",
            "30분이내주요거점역":0,
            "1시간이내주요거점역":15,
            "3km이내백화점수":0,
            "5km이내아울렛몰수":0,
            "1km이내대형먀트수":1,
            "500m이내은행수":1,
            "500m이내병원수":0,
            "5km이내대형병원수":8,
            "500m이내공원수":2,
            "3km이내혐오시설수":1,
            "초등학교학업성취도":87.65,
            "중학교학업성취도":80.5,
            "용적률":289,
            "건폐율":25,
            "Y":37.500631,
            "X":126.959455,
            "rank":118.0,
            "area_info":"24평(81.74), 24평(81.74), 24평(82.02), 31평(103.09), 31평(103.09), 40평(135.0)",
            "last_sales":"2021-10-19,97500.0,24평(81.74)"
        },
        {
            "index":185,
            "아파트명":"사당롯데캐슬",
            "투자타입":"일반",
            "전용면적(m2)":"88.57",
            "전용면적(평)":"26평",
            "법정동주소":"서울시 동작구 사당동 1149",
            "도로명주소":"서울시 동작구 사당로27길 181",
            "세대수":0,
            "입주년차":40,
            "용적률점수":"--",
            "건폐율점수":"--",
            "세대당주차수":30,
            "난방방식":30,
            "공급면적":"--",
            "전용률":"--",
            "욕실수":100,
            "현관타입":100,
            "주거총점":35.5,
            "지역구공급총점":0.0,
            "역세권":50,
            "30분내 이동가능 거점":0,
            "1시간내 이동가능 거점":100,
            "교통총점":45.0,
            "백화점":0,
            "아울렛몰":0,
            "대형마트":0,
            "은행":0,
            "병원":10,
            "종합병원":100,
            "공원":100,
            "혐오시설":0,
            "인프라총점":24.0,
            "초등학군":80.99,
            "중학군":42.74,
            "학군총점":50.39,
            "인구수":44.73,
            "인구증감":-10.33,
            "인구총점":28.212,
            "일자리":13.2,
            "소득수준":62.64,
            "일자리총점":28.032,
            "가치 총점":37.6085,
            "매매실거래년":20210501.0,
            "매매실거래가":125500.0,
            "전세실거래년":20210305.0,
            "전세실거래가":63000.0,
            "전세가율":58.69,
            "장기전세가율평균":68.35,
            "전세가율거품지수":9.66,
            "검색코드":10101,
            "세대수":223.0,
            "준공년월":"2004-09-22",
            "준공년차":19.0,
            "가까운역이름":"남성",
            "가까운역거리":625.81,
            "역세권여부":"준역세권",
            "30분이내주요거점역":0,
            "1시간이내주요거점역":14,
            "3km이내백화점수":0,
            "5km이내아울렛몰수":0,
            "1km이내대형먀트수":0,
            "500m이내은행수":0,
            "500m이내병원수":2,
            "5km이내대형병원수":6,
            "500m이내공원수":2,
            "3km이내혐오시설수":0,
            "초등학교학업성취도":80.99,
            "중학교학업성취도":70.9,
            "용적률":297,
            "건폐율":26,
            "Y":37.490221,
            "X":126.971484,
            "rank":119.0,
            "area_info":"26평(88.57), 31평(103.9), 32평(106.03), 41평(135.6)",
            "last_sales":"2021-05-01,125500.0,41평(135.6)"
        },
        {
            "index":150,
            "아파트명":"남해오네뜨",
            "투자타입":"일반",
            "전용면적(m2)":"79.06",
            "전용면적(평)":"23평",
            "법정동주소":"서울시 동작구 사당동 1143",
            "도로명주소":"서울시 동작구 사당로2가길 173",
            "세대수":0,
            "입주년차":20,
            "용적률점수":"--",
            "건폐율점수":"--",
            "세대당주차수":30,
            "난방방식":30,
            "공급면적":"--",
            "전용률":"--",
            "욕실수":50,
            "현관타입":10,
            "주거총점":17.5,
            "지역구공급총점":0.0,
            "역세권":50,
            "30분내 이동가능 거점":20,
            "1시간내 이동가능 거점":100,
            "교통총점":51.0,
            "백화점":0,
            "아울렛몰":0,
            "대형마트":0,
            "은행":0,
            "병원":30,
            "종합병원":100,
            "공원":100,
            "혐오시설":0,
            "인프라총점":26.0,
            "초등학군":90.95,
            "중학군":42.74,
            "학군총점":52.382,
            "인구수":44.73,
            "인구증감":-10.33,
            "인구총점":28.212,
            "일자리":13.2,
            "소득수준":62.64,
            "일자리총점":28.032,
            "가치 총점":37.0073,
            "매매실거래년":20210220.0,
            "매매실거래가":75000.0,
            "전세실거래년":20220105.0,
            "전세실거래가":53000.0,
            "전세가율":70.67,
            "장기전세가율평균":68.35,
            "전세가율거품지수":-2.32,
            "검색코드":9069,
            "세대수":131.0,
            "준공년월":"2002-12-30",
            "준공년차":21.0,
            "가까운역이름":"남성",
            "가까운역거리":594.65,
            "역세권여부":"준역세권",
            "30분이내주요거점역":1,
            "1시간이내주요거점역":16,
            "3km이내백화점수":0,
            "5km이내아울렛몰수":0,
            "1km이내대형먀트수":0,
            "500m이내은행수":0,
            "500m이내병원수":5,
            "5km이내대형병원수":6,
            "500m이내공원수":4,
            "3km이내혐오시설수":0,
            "초등학교학업성취도":90.95,
            "중학교학업성취도":70.9,
            "용적률":385,
            "건폐율":39,
            "Y":37.48705,
            "X":126.965263,
            "rank":120.0,
            "area_info":"23평(79.06), 23평(79.06), 26평(87.79), 32평(106.23), 44평(147.11)",
            "last_sales":"2021-02-20,75000.0,23평(79.06)"
        }
    ]
}