{
    "schema":{
        "fields":[
            {
                "name":"index",
                "type":"integer"
            },
            {
                "name":"아파트명",
                "type":"string"
            },
            {
                "name":"투자타입",
                "type":"string"
            },
            {
                "name":"전용면적(m2)",
                "type":"string"
            },
            {
                "name":"전용면적(평)",
                "type":"string"
            },
            {
                "name":"법정동주소",
                "type":"string"
            },
            {
                "name":"도로명주소",
                "type":"string"
            },
            {
                "name":"세대수",
                "type":"integer"
            },
            {
                "name":"입주년차",
                "type":"string"
            },
            {
                "name":"용적률점수",
                "type":"string"
            },
            {
                "name":"건폐율점수",
                "type":"string"
            },
            {
                "name":"세대당주차수",
                "type":"string"
            },
            {
                "name":"난방방식",
                "type":"string"
            },
            {
                "name":"공급면적",
                "type":"string"
            },
            {
                "name":"전용률",
                "type":"string"
            },
            {
                "name":"욕실수",
                "type":"string"
            },
            {
                "name":"현관타입",
                "type":"string"
            },
            {
                "name":"주거총점",
                "type":"number"
            },
            {
                "name":"지역구공급총점",
                "type":"number"
            },
            {
                "name":"역세권",
                "type":"string"
            },
            {
                "name":"30분내 이동가능 거점",
                "type":"string"
            },
            {
                "name":"1시간내 이동가능 거점",
                "type":"string"
            },
            {
                "name":"교통총점",
                "type":"string"
            },
            {
                "name":"백화점",
                "type":"integer"
            },
            {
                "name":"아울렛몰",
                "type":"integer"
            },
            {
                "name":"대형마트",
                "type":"integer"
            },
            {
                "name":"은행",
                "type":"integer"
            },
            {
                "name":"병원",
                "type":"integer"
            },
            {
                "name":"종합병원",
                "type":"integer"
            },
            {
                "name":"공원",
                "type":"integer"
            },
            {
                "name":"혐오시설",
                "type":"integer"
            },
            {
                "name":"인프라총점",
                "type":"number"
            },
            {
                "name":"초등학군",
                "type":"number"
            },
            {
                "name":"중학군",
                "type":"number"
            },
            {
                "name":"학군총점",
                "type":"number"
            },
            {
                "name":"인구수",
                "type":"number"
            },
            {
                "name":"인구증감",
                "type":"number"
            },
            {
                "name":"인구총점",
                "type":"number"
            },
            {
                "name":"일자리",
                "type":"number"
            },
            {
                "name":"소득수준",
                "type":"number"
            },
            {
                "name":"일자리총점",
                "type":"number"
            },
            {
                "name":"가치 총점",
                "type":"number"
            },
            {
                "name":"매매실거래년",
                "type":"string"
            },
            {
                "name":"매매실거래가",
                "type":"number"
            },
            {
                "name":"전세실거래년",
                "type":"number"
            },
            {
                "name":"전세실거래가",
                "type":"number"
            },
            {
                "name":"전세가율",
                "type":"number"
            },
            {
                "name":"장기전세가율평균",
                "type":"number"
            },
            {
                "name":"전세가율거품지수",
                "type":"number"
            },
            {
                "name":"검색코드",
                "type":"integer"
            },
            {
                "name":"세대수",
                "type":"integer"
            },
            {
                "name":"준공년월",
                "type":"string"
            },
            {
                "name":"준공년차",
                "type":"integer"
            },
            {
                "name":"가까운역이름",
                "type":"string"
            },
            {
                "name":"가까운역거리",
                "type":"string"
            },
            {
                "name":"역세권여부",
                "type":"string"
            },
            {
                "name":"30분이내주요거점역",
                "type":"string"
            },
            {
                "name":"1시간이내주요거점역",
                "type":"string"
            },
            {
                "name":"3km이내백화점수",
                "type":"integer"
            },
            {
                "name":"5km이내아울렛몰수",
                "type":"integer"
            },
            {
                "name":"1km이내대형먀트수",
                "type":"integer"
            },
            {
                "name":"500m이내은행수",
                "type":"integer"
            },
            {
                "name":"500m이내병원수",
                "type":"integer"
            },
            {
                "name":"5km이내대형병원수",
                "type":"integer"
            },
            {
                "name":"500m이내공원수",
                "type":"integer"
            },
            {
                "name":"3km이내혐오시설수",
                "type":"integer"
            },
            {
                "name":"초등학교학업성취도",
                "type":"number"
            },
            {
                "name":"중학교학업성취도",
                "type":"number"
            },
            {
                "name":"용적률",
                "type":"integer"
            },
            {
                "name":"건폐율",
                "type":"integer"
            },
            {
                "name":"Y",
                "type":"number"
            },
            {
                "name":"X",
                "type":"number"
            },
            {
                "name":"rank",
                "type":"number"
            },
            {
                "name":"area_info",
                "type":"string"
            },
            {
                "name":"last_sales",
                "type":"string"
            }
        ],
        "primaryKey":[
            "index"
        ],
        "pandas_version":"1.4.0"
    },
    "data":[
        {
            "index":362,
            "아파트명":"사직쌍용예가",
            "투자타입":"일반",
            "전용면적(m2)":"79.38",
            "전용면적(평)":"24평",
            "법정동주소":"부산시 동래구 사직동 1017",
            "도로명주소":"부산시 동래구 사직로 80",
            "세대수":100,
            "입주년차":40,
            "용적률점수":"--",
            "건폐율점수":"--",
            "세대당주차수":60,
            "난방방식":30,
            "공급면적":"--",
            "전용률":"--",
            "욕실수":100,
            "현관타입":100,
            "주거총점":75.0,
            "지역구공급총점":0.0,
            "역세권":"NA",
            "30분내 이동가능 거점":"NA",
            "1시간내 이동가능 거점":"NA",
            "교통총점":"NA",
            "백화점":100,
            "아울렛몰":0,
            "대형마트":100,
            "은행":70,
            "병원":80,
            "종합병원":100,
            "공원":100,
            "혐오시설":0,
            "인프라총점":83.0,
            "초등학군":94.83,
            "중학군":58.2,
            "학군총점":65.526,
            "인구수":29.7,
            "인구증감":-9.63,
            "인구총점":17.901,
            "일자리":10.4,
            "소득수준":51.37,
            "일자리총점":22.691,
            "가치 총점":75.8315,
            "매매실거래년":20211222.0,
            "매매실거래가":86500.0,
            "전세실거래년":20211223.0,
            "전세실거래가":27000.0,
            "전세가율":56.84,
            "장기전세가율평균":69.64,
            "전세가율거품지수":12.8,
            "검색코드":17246,
            "세대수":2947,
            "준공년월":"2006-12-07",
            "준공년차":17,
            "가까운역이름":"NA",
            "가까운역거리":"NA",
            "역세권여부":"NA",
            "30분이내주요거점역":"NA",
            "1시간이내주요거점역":"NA",
            "3km이내백화점수":1,
            "5km이내아울렛몰수":0,
            "1km이내대형먀트수":2,
            "500m이내은행수":4,
            "500m이내병원수":38,
            "5km이내대형병원수":8,
            "500m이내공원수":2,
            "3km이내혐오시설수":0,
            "초등학교학업성취도":94.83,
            "중학교학업성취도":93.2,
            "용적률":306,
            "건폐율":19,
            "Y":35.197058,
            "X":129.05581,
            "rank":1.0,
            "area_info":"24평(79.38), 32평(105.89), 42평(139.31), 49평(162.78), 56평(185.27)",
            "last_sales":"2021-12-22,86500.0,42평(139.31)"
        },
        {
            "index":556,
            "아파트명":"동래3차SK뷰",
            "투자타입":"일반",
            "전용면적(m2)":"81.61",
            "전용면적(평)":"24평",
            "법정동주소":"부산시 동래구 온천동 183-3",
            "도로명주소":"부산시 동래구 온천장로65번길 9",
            "세대수":90,
            "입주년차":100,
            "용적률점수":"--",
            "건폐율점수":"--",
            "세대당주차수":30,
            "난방방식":30,
            "공급면적":"--",
            "전용률":"--",
            "욕실수":100,
            "현관타입":100,
            "주거총점":79.0,
            "지역구공급총점":0.0,
            "역세권":"NA",
            "30분내 이동가능 거점":"NA",
            "1시간내 이동가능 거점":"NA",
            "교통총점":"NA",
            "백화점":100,
            "아울렛몰":0,
            "대형마트":100,
            "은행":70,
            "병원":60,
            "종합병원":100,
            "공원":80,
            "혐오시설":0,
            "인프라총점":80.4,
            "초등학군":93.26,
            "중학군":54.68,
            "학군총점":62.396,
            "인구수":29.7,
            "인구증감":-9.63,
            "인구총점":17.901,
            "일자리":10.4,
            "소득수준":51.37,
            "일자리총점":22.691,
            "가치 총점":75.409,
            "매매실거래년":20210511.0,
            "매매실거래가":85000.0,
            "전세실거래년":null,
            "전세실거래가":null,
            "전세가율":null,
            "장기전세가율평균":69.64,
            "전세가율거품지수":null,
            "검색코드":121631,
            "세대수":999,
            "준공년월":"2021-12-01",
            "준공년차":2,
            "가까운역이름":"NA",
            "가까운역거리":"NA",
            "역세권여부":"NA",
            "30분이내주요거점역":"NA",
            "1시간이내주요거점역":"NA",
            "3km이내백화점수":1,
            "5km이내아울렛몰수":0,
            "1km이내대형먀트수":3,
            "500m이내은행수":4,
            "500m이내병원수":17,
            "5km이내대형병원수":4,
            "500m이내공원수":1,
            "3km이내혐오시설수":0,
            "초등학교학업성취도":93.26,
            "중학교학업성취도":88.2,
            "용적률":949,
            "건폐율":49,
            "Y":35.21721,
            "X":129.080882,
            "rank":2.0,
            "area_info":"24평(81.61), 24평(82.55), 25평(83.8), 30평(100.41), 34평(113.89), 34평(114.49), 35평(116.39)",
            "last_sales":"2021-05-11,85000.0,35평(116.39)"
        },
        {
            "index":330,
            "아파트명":"사직롯데캐슬더클래식",
            "투자타입":"일반",
            "전용면적(m2)":"86.03",
            "전용면적(평)":"26평",
            "법정동주소":"부산시 동래구 사직동 1041",
            "도로명주소":"부산시 동래구 아시아드대로146번길 1",
            "세대수":90,
            "입주년차":80,
            "용적률점수":"--",
            "건폐율점수":"--",
            "세대당주차수":60,
            "난방방식":30,
            "공급면적":"--",
            "전용률":"--",
            "욕실수":100,
            "현관타입":100,
            "주거총점":79.5,
            "지역구공급총점":0.0,
            "역세권":"NA",
            "30분내 이동가능 거점":"NA",
            "1시간내 이동가능 거점":"NA",
            "교통총점":"NA",
            "백화점":100,
            "아울렛몰":0,
            "대형마트":100,
            "은행":0,
            "병원":60,
            "종합병원":100,
            "공원":100,
            "혐오시설":0,
            "인프라총점":74.0,
            "초등학군":100.0,
            "중학군":54.58,
            "학군총점":63.664,
            "인구수":29.7,
            "인구증감":-9.63,
            "인구총점":17.901,
            "일자리":10.4,
            "소득수준":51.37,
            "일자리총점":22.691,
            "가치 총점":73.341,
            "매매실거래년":20211224.0,
            "매매실거래가":83500.0,
            "전세실거래년":20220105.0,
            "전세실거래가":40000.0,
            "전세가율":47.9,
            "장기전세가율평균":69.64,
            "전세가율거품지수":21.74,
            "검색코드":107577,
            "세대수":1064,
            "준공년월":"2017-01-16",
            "준공년차":6,
            "가까운역이름":"NA",
            "가까운역거리":"NA",
            "역세권여부":"NA",
            "30분이내주요거점역":"NA",
            "1시간이내주요거점역":"NA",
            "3km이내백화점수":1,
            "5km이내아울렛몰수":0,
            "1km이내대형먀트수":2,
            "500m이내은행수":1,
            "500m이내병원수":18,
            "5km이내대형병원수":6,
            "500m이내공원수":4,
            "3km이내혐오시설수":0,
            "초등학교학업성취도":100.0,
            "중학교학업성취도":88.5,
            "용적률":264,
            "건폐율":13,
            "Y":35.197943,
            "X":129.067596,
            "rank":3.0,
            "area_info":"26평(86.03), 33평(110.69), 33평(112.05), 33평(112.33), 44평(148.32), 45평(150.33), 49평(162.95), 49평(163.22)",
            "last_sales":"2021-12-24,83500.0,26평(86.03)"
        },
        {
            "index":392,
            "아파트명":"쌍용더플래티넘사직아시아드",
            "투자타입":"일반",
            "전용면적(m2)":"87.5",
            "전용면적(평)":"26평",
            "법정동주소":"부산시 동래구 사직동 1058",
            "도로명주소":"부산시 동래구 아시아드대로134번길 14",
            "세대수":90,
            "입주년차":100,
            "용적률점수":"--",
            "건폐율점수":"--",
            "세대당주차수":30,
            "난방방식":30,
            "공급면적":"--",
            "전용률":"--",
            "욕실수":100,
            "현관타입":100,
            "주거총점":79.0,
            "지역구공급총점":0.0,
            "역세권":"NA",
            "30분내 이동가능 거점":"NA",
            "1시간내 이동가능 거점":"NA",
            "교통총점":"NA",
            "백화점":100,
            "아울렛몰":0,
            "대형마트":100,
            "은행":20,
            "병원":30,
            "종합병원":100,
            "공원":100,
            "혐오시설":0,
            "인프라총점":73.0,
            "초등학군":100.0,
            "중학군":54.58,
            "학군총점":63.664,
            "인구수":29.7,
            "인구증감":-9.63,
            "인구총점":17.901,
            "일자리":10.4,
            "소득수준":51.37,
            "일자리총점":22.691,
            "가치 총점":72.766,
            "매매실거래년":20211130.0,
            "매매실거래가":83000.0,
            "전세실거래년":20211211.0,
            "전세실거래가":31500.0,
            "전세가율":37.95,
            "장기전세가율평균":69.64,
            "전세가율거품지수":31.69,
            "검색코드":107994,
            "세대수":914,
            "준공년월":"2020-02-28",
            "준공년차":3,
            "가까운역이름":"NA",
            "가까운역거리":"NA",
            "역세권여부":"NA",
            "30분이내주요거점역":"NA",
            "1시간이내주요거점역":"NA",
            "3km이내백화점수":1,
            "5km이내아울렛몰수":0,
            "1km이내대형먀트수":2,
            "500m이내은행수":2,
            "500m이내병원수":8,
            "5km이내대형병원수":6,
            "500m이내공원수":3,
            "3km이내혐오시설수":0,
            "초등학교학업성취도":100.0,
            "중학교학업성취도":88.5,
            "용적률":402,
            "건폐율":37,
            "Y":35.196465,
            "X":129.067822,
            "rank":4.0,
            "area_info":"26평(87.5), 30평(100.78), 34평(113.8), 34평(114.5), 35평(115.82), 34평(115.22)",
            "last_sales":"2021-11-30,83000.0,26평(87.5)"
        },
        {
            "index":607,
            "아파트명":"동래효성해링턴플레이스",
            "투자타입":"일반",
            "전용면적(m2)":"116.45",
            "전용면적(평)":"35평",
            "법정동주소":"부산시 동래구 온천동 1838",
            "도로명주소":"부산시 동래구 아시아드대로255번길 14",
            "세대수":80,
            "입주년차":100,
            "용적률점수":"--",
            "건폐율점수":"--",
            "세대당주차수":30,
            "난방방식":30,
            "공급면적":"--",
            "전용률":"--",
            "욕실수":100,
            "현관타입":100,
            "주거총점":75.5,
            "지역구공급총점":0.0,
            "역세권":"NA",
            "30분내 이동가능 거점":"NA",
            "1시간내 이동가능 거점":"NA",
            "교통총점":"NA",
            "백화점":100,
            "아울렛몰":0,
            "대형마트":100,
            "은행":20,
            "병원":60,
            "종합병원":100,
            "공원":100,
            "혐오시설":0,
            "인프라총점":76.0,
            "초등학군":92.06,
            "중학군":53.64,
            "학군총점":61.324,
            "인구수":29.7,
            "인구증감":-9.63,
            "인구총점":17.901,
            "일자리":10.4,
            "소득수준":51.37,
            "일자리총점":22.691,
            "가치 총점":72.156,
            "매매실거래년":20210821.0,
            "매매실거래가":76800.0,
            "전세실거래년":20211216.0,
            "전세실거래가":42000.0,
            "전세가율":52.5,
            "장기전세가율평균":69.64,
            "전세가율거품지수":17.14,
            "검색코드":110276,
            "세대수":762,
            "준공년월":"2019-06-30",
            "준공년차":4,
            "가까운역이름":"NA",
            "가까운역거리":"NA",
            "역세권여부":"NA",
            "30분이내주요거점역":"NA",
            "1시간이내주요거점역":"NA",
            "3km이내백화점수":1,
            "5km이내아울렛몰수":0,
            "1km이내대형먀트수":2,
            "500m이내은행수":2,
            "500m이내병원수":25,
            "5km이내대형병원수":5,
            "500m이내공원수":4,
            "3km이내혐오시설수":0,
            "초등학교학업성취도":92.06,
            "중학교학업성취도":86.4,
            "용적률":758,
            "건폐율":49,
            "Y":35.207503,
            "X":129.068801,
            "rank":5.0,
            "area_info":"35평(116.45), 35평(116.45), 35평(117.02), 35평(118.94), 43평(144.92), 43평(144.93)",
            "last_sales":"2021-08-21,76800.0,35평(118.94)"
        },
        {
            "index":307,
            "아파트명":"사직KCC스위첸",
            "투자타입":"일반",
            "전용면적(m2)":"78.3",
            "전용면적(평)":"23평",
            "법정동주소":"부산시 동래구 사직동 1022",
            "도로명주소":"부산시 동래구 사직북로 64",
            "세대수":90,
            "입주년차":80,
            "용적률점수":"--",
            "건폐율점수":"--",
            "세대당주차수":30,
            "난방방식":30,
            "공급면적":"--",
            "전용률":"--",
            "욕실수":100,
            "현관타입":50,
            "주거총점":70.0,
            "지역구공급총점":0.0,
            "역세권":"NA",
            "30분내 이동가능 거점":"NA",
            "1시간내 이동가능 거점":"NA",
            "교통총점":"NA",
            "백화점":100,
            "아울렛몰":0,
            "대형마트":80,
            "은행":70,
            "병원":80,
            "종합병원":100,
            "공원":100,
            "혐오시설":0,
            "인프라총점":80.0,
            "초등학군":95.24,
            "중학군":52.5,
            "학군총점":61.048,
            "인구수":29.7,
            "인구증감":-9.63,
            "인구총점":17.901,
            "일자리":10.4,
            "소득수준":51.37,
            "일자리총점":22.691,
            "가치 총점":71.762,
            "매매실거래년":20210721.0,
            "매매실거래가":77500.0,
            "전세실거래년":20210914.0,
            "전세실거래가":24675.0,
            "전세가율":62.47,
            "장기전세가율평균":69.64,
            "전세가율거품지수":7.17,
            "검색코드":105939,
            "세대수":999,
            "준공년월":"2016-09-13",
            "준공년차":7,
            "가까운역이름":"NA",
            "가까운역거리":"NA",
            "역세권여부":"NA",
            "30분이내주요거점역":"NA",
            "1시간이내주요거점역":"NA",
            "3km이내백화점수":1,
            "5km이내아울렛몰수":0,
            "1km이내대형먀트수":1,
            "500m이내은행수":4,
            "500m이내병원수":39,
            "5km이내대형병원수":8,
            "500m이내공원수":4,
            "3km이내혐오시설수":0,
            "초등학교학업성취도":95.24,
            "중학교학업성취도":85.3,
            "용적률":266,
            "건폐율":16,
            "Y":35.200188,
            "X":129.05745,
            "rank":6.0,
            "area_info":"23평(78.3), 26평(86.55), 26평(86.19), 29평(97.35), 33평(110.82), 33평(111.59), 33평(111.83), 33평(111.78), 33평(111.01), 33평(111.26), 33평(111.37), 33평(112.03), 33평(112.14), 38평(127.3), 40평(133.76)",
            "last_sales":"2021-07-21,77500.0,33평(112.14)"
        },
        {
            "index":643,
            "아파트명":"럭키",
            "투자타입":"재건축",
            "전용면적(m2)":"108.87",
            "전용면적(평)":"32평",
            "법정동주소":"부산시 동래구 온천동 707",
            "도로명주소":"부산시 동래구 충렬대로107번길 54",
            "세대수":100,
            "입주년차":"--",
            "용적률점수":20,
            "건폐율점수":100,
            "세대당주차수":"--",
            "난방방식":"--",
            "공급면적":90,
            "전용률":60,
            "욕실수":"--",
            "현관타입":"--",
            "주거총점":65.5,
            "지역구공급총점":0.0,
            "역세권":"NA",
            "30분내 이동가능 거점":"NA",
            "1시간내 이동가능 거점":"NA",
            "교통총점":"NA",
            "백화점":100,
            "아울렛몰":0,
            "대형마트":100,
            "은행":70,
            "병원":80,
            "종합병원":100,
            "공원":100,
            "혐오시설":0,
            "인프라총점":83.0,
            "초등학군":92.36,
            "중학군":50.0,
            "학군총점":58.472,
            "인구수":29.7,
            "인구증감":-9.63,
            "인구총점":17.901,
            "일자리":10.4,
            "소득수준":51.37,
            "일자리총점":22.691,
            "가치 총점":70.743,
            "매매실거래년":20211101.0,
            "매매실거래가":170000.0,
            "전세실거래년":20220105.0,
            "전세실거래가":25000.0,
            "전세가율":21.19,
            "장기전세가율평균":69.64,
            "전세가율거품지수":48.45,
            "검색코드":10340,
            "세대수":1536,
            "준공년월":"1983-11-04",
            "준공년차":40,
            "가까운역이름":"NA",
            "가까운역거리":"NA",
            "역세권여부":"NA",
            "30분이내주요거점역":"NA",
            "1시간이내주요거점역":"NA",
            "3km이내백화점수":1,
            "5km이내아울렛몰수":0,
            "1km이내대형먀트수":3,
            "500m이내은행수":4,
            "500m이내병원수":36,
            "5km이내대형병원수":5,
            "500m이내공원수":3,
            "3km이내혐오시설수":0,
            "초등학교학업성취도":92.36,
            "중학교학업성취도":82.4,
            "용적률":201,
            "건폐율":19,
            "Y":35.208671,
            "X":129.074917,
            "rank":7.0,
            "area_info":"32평(108.87), 33평(109.48), 46평(154.9), 46평(155.04), 57평(189.5), 57평(190.93), 66평(218.4), 66평(219.92)",
            "last_sales":"2021-11-01,170000.0,57평(190.93)"
        },
        {
            "index":82,
            "아파트명":"명륜아이파크1단지",
            "투자타입":"일반",
            "전용면적(m2)":"90.2",
            "전용면적(평)":"27평",
            "법정동주소":"부산시 동래구 명륜동 757",
            "도로명주소":"부산시 동래구 명륜로 170",
            "세대수":90,
            "입주년차":60,
            "용적률점수":"--",
            "건폐율점수":"--",
            "세대당주차수":60,
            "난방방식":30,
            "공급면적":"--",
            "전용률":"--",
            "욕실수":100,
            "현관타입":100,
            "주거총점":75.5,
            "지역구공급총점":0.0,
            "역세권":"NA",
            "30분내 이동가능 거점":"NA",
            "1시간내 이동가능 거점":"NA",
            "교통총점":"NA",
            "백화점":100,
            "아울렛몰":0,
            "대형마트":100,
            "은행":20,
            "병원":60,
            "종합병원":100,
            "공원":0,
            "혐오시설":0,
            "인프라총점":73.0,
            "초등학군":93.67,
            "중학군":50.0,
            "학군총점":58.734,
            "인구수":29.7,
            "인구증감":-9.63,
            "인구총점":17.901,
            "일자리":10.4,
            "소득수준":51.37,
            "일자리총점":22.691,
            "가치 총점":70.3085,
            "매매실거래년":20211220.0,
            "매매실거래가":90000.0,
            "전세실거래년":20211230.0,
            "전세실거래가":40000.0,
            "전세가율":50.76,
            "장기전세가율평균":69.64,
            "전세가율거품지수":18.88,
            "검색코드":103343,
            "세대수":1139,
            "준공년월":"2013-12-30",
            "준공년차":10,
            "가까운역이름":"NA",
            "가까운역거리":"NA",
            "역세권여부":"NA",
            "30분이내주요거점역":"NA",
            "1시간이내주요거점역":"NA",
            "3km이내백화점수":1,
            "5km이내아울렛몰수":0,
            "1km이내대형먀트수":3,
            "500m이내은행수":2,
            "500m이내병원수":11,
            "5km이내대형병원수":5,
            "500m이내공원수":0,
            "3km이내혐오시설수":0,
            "초등학교학업성취도":93.67,
            "중학교학업성취도":82.4,
            "용적률":260,
            "건폐율":19,
            "Y":35.209098,
            "X":129.083403,
            "rank":8.0,
            "area_info":"27평(90.2), 35평(115.98), 35평(115.86), 35평(116.89), 43평(142.92), 43평(143.05), 43평(143.27), 48평(159.94), 48평(159.7), 53평(176.34), 58평(191.97)",
            "last_sales":"2021-12-20,90000.0,35평(115.98)"
        },
        {
            "index":723,
            "아파트명":"온천삼정그린코아더베스트",
            "투자타입":"일반",
            "전용면적(m2)":"111.96",
            "전용면적(평)":"33평",
            "법정동주소":"부산시 동래구 온천동 1842",
            "도로명주소":"부산시 동래구 중앙대로1493번길 16",
            "세대수":30,
            "입주년차":100,
            "용적률점수":"--",
            "건폐율점수":"--",
            "세대당주차수":60,
            "난방방식":30,
            "공급면적":"--",
            "전용률":"--",
            "욕실수":100,
            "현관타입":100,
            "주거총점":62.5,
            "지역구공급총점":0.0,
            "역세권":"NA",
            "30분내 이동가능 거점":"NA",
            "1시간내 이동가능 거점":"NA",
            "교통총점":"NA",
            "백화점":100,
            "아울렛몰":0,
            "대형마트":100,
            "은행":100,
            "병원":80,
            "종합병원":100,
            "공원":0,
            "혐오시설":0,
            "인프라총점":83.0,
            "초등학군":93.26,
            "중학군":50.98,
            "학군총점":59.436,
            "인구수":29.7,
            "인구증감":-9.63,
            "인구총점":17.901,
            "일자리":10.4,
            "소득수준":51.37,
            "일자리총점":22.691,
            "가치 총점":69.934,
            "매매실거래년":20211205.0,
            "매매실거래가":65900.0,
            "전세실거래년":20211229.0,
            "전세실거래가":36900.0,
            "전세가율":55.99,
            "장기전세가율평균":69.64,
            "전세가율거품지수":13.65,
            "검색코드":113083,
            "세대수":340,
            "준공년월":"2019-08-28",
            "준공년차":4,
            "가까운역이름":"NA",
            "가까운역거리":"NA",
            "역세권여부":"NA",
            "30분이내주요거점역":"NA",
            "1시간이내주요거점역":"NA",
            "3km이내백화점수":1,
            "5km이내아울렛몰수":0,
            "1km이내대형먀트수":3,
            "500m이내은행수":6,
            "500m이내병원수":34,
            "5km이내대형병원수":4,
            "500m이내공원수":0,
            "3km이내혐오시설수":0,
            "초등학교학업성취도":93.26,
            "중학교학업성취도":81.7,
            "용적률":803,
            "건폐율":31,
            "Y":35.219376,
            "X":129.084191,
            "rank":9.0,
            "area_info":"33평(111.96), 33평(111.96), 34평(112.46), 33평(112.06)",
            "last_sales":"2021-12-05,65900.0,33평(111.96)"
        },
        {
            "index":371,
            "아파트명":"사직역삼정그린코아더베스트1차",
            "투자타입":"일반",
            "전용면적(m2)":"110.8",
            "전용면적(평)":"33평",
            "법정동주소":"부산시 동래구 사직동 1039",
            "도로명주소":"부산시 동래구 사직로 8",
            "세대수":30,
            "입주년차":80,
            "용적률점수":"--",
            "건폐율점수":"--",
            "세대당주차수":30,
            "난방방식":30,
            "공급면적":"--",
            "전용률":"--",
            "욕실수":100,
            "현관타입":100,
            "주거총점":54.0,
            "지역구공급총점":0.0,
            "역세권":"NA",
            "30분내 이동가능 거점":"NA",
            "1시간내 이동가능 거점":"NA",
            "교통총점":"NA",
            "백화점":100,
            "아울렛몰":0,
            "대형마트":100,
            "은행":100,
            "병원":80,
            "종합병원":100,
            "공원":100,
            "혐오시설":0,
            "인프라총점":86.0,
            "초등학군":85.28,
            "중학군":54.58,
            "학군총점":60.72,
            "인구수":29.7,
            "인구증감":-9.63,
            "인구총점":17.901,
            "일자리":10.4,
            "소득수준":51.37,
            "일자리총점":22.691,
            "가치 총점":68.48,
            "매매실거래년":20211018.0,
            "매매실거래가":117000.0,
            "전세실거래년":20210608.0,
            "전세실거래가":56000.0,
            "전세가율":65.88,
            "장기전세가율평균":69.64,
            "전세가율거품지수":3.76,
            "검색코드":107983,
            "세대수":313,
            "준공년월":"2016-12-26",
            "준공년차":7,
            "가까운역이름":"NA",
            "가까운역거리":"NA",
            "역세권여부":"NA",
            "30분이내주요거점역":"NA",
            "1시간이내주요거점역":"NA",
            "3km이내백화점수":1,
            "5km이내아울렛몰수":0,
            "1km이내대형먀트수":2,
            "500m이내은행수":5,
            "500m이내병원수":49,
            "5km이내대형병원수":6,
            "500m이내공원수":4,
            "3km이내혐오시설수":0,
            "초등학교학업성취도":85.28,
            "중학교학업성취도":88.5,
            "용적률":591,
            "건폐율":32,
            "Y":35.196963,
            "X":129.064698,
            "rank":10.0,
            "area_info":"33평(110.8), 33평(111.63), 33평(111.1), 33평(111.28), 34평(113.41), 35평(118.83), 44평(148.48), 47평(156.81)",
            "last_sales":"2021-10-18,117000.0,47평(156.81)"
        },
        {
            "index":59,
            "아파트명":"명륜2차아이파크1단지",
            "투자타입":"일반",
            "전용면적(m2)":"84.55",
            "전용면적(평)":"25평",
            "법정동주소":"부산시 동래구 명륜동 782",
            "도로명주소":"부산시 동래구 시실로 49",
            "세대수":100,
            "입주년차":80,
            "용적률점수":"--",
            "건폐율점수":"--",
            "세대당주차수":30,
            "난방방식":30,
            "공급면적":"--",
            "전용률":"--",
            "욕실수":100,
            "현관타입":100,
            "주거총점":78.5,
            "지역구공급총점":0.0,
            "역세권":"NA",
            "30분내 이동가능 거점":"NA",
            "1시간내 이동가능 거점":"NA",
            "교통총점":"NA",
            "백화점":100,
            "아울렛몰":0,
            "대형마트":80,
            "은행":0,
            "병원":10,
            "종합병원":100,
            "공원":80,
            "혐오시설":0,
            "인프라총점":65.4,
            "초등학군":88.31,
            "중학군":50.98,
            "학군총점":58.446,
            "인구수":29.7,
            "인구증감":-9.63,
            "인구총점":17.901,
            "일자리":10.4,
            "소득수준":51.37,
            "일자리총점":22.691,
            "가치 총점":68.2465,
            "매매실거래년":20211018.0,
            "매매실거래가":104000.0,
            "전세실거래년":20211229.0,
            "전세실거래가":27300.0,
            "전세가율":45.96,
            "장기전세가율평균":69.64,
            "전세가율거품지수":23.68,
            "검색코드":105814,
            "세대수":1609,
            "준공년월":"2015-11-30",
            "준공년차":8,
            "가까운역이름":"NA",
            "가까운역거리":"NA",
            "역세권여부":"NA",
            "30분이내주요거점역":"NA",
            "1시간이내주요거점역":"NA",
            "3km이내백화점수":1,
            "5km이내아울렛몰수":0,
            "1km이내대형먀트수":1,
            "500m이내은행수":1,
            "500m이내병원수":3,
            "5km이내대형병원수":4,
            "500m이내공원수":1,
            "3km이내혐오시설수":0,
            "초등학교학업성취도":88.31,
            "중학교학업성취도":81.7,
            "용적률":268,
            "건폐율":14,
            "Y":35.215923,
            "X":129.089144,
            "rank":11.0,
            "area_info":"25평(84.55), 34평(114.23), 35평(115.86), 35평(118.43), 42평(141.13), 42평(141.31), 43평(144.62), 49평(163.05), 49평(164.32)",
            "last_sales":"2021-10-18,104000.0,42평(141.13)"
        },
        {
            "index":534,
            "아파트명":"e편한세상동래아시아드",
            "투자타입":"일반",
            "전용면적(m2)":"59.94",
            "전용면적(평)":"18평",
            "법정동주소":"부산시 동래구 온천동 1846",
            "도로명주소":"부산시 동래구 아시아드대로 202",
            "세대수":50,
            "입주년차":100,
            "용적률점수":"--",
            "건폐율점수":"--",
            "세대당주차수":30,
            "난방방식":30,
            "공급면적":"--",
            "전용률":"--",
            "욕실수":50,
            "현관타입":100,
            "주거총점":60.0,
            "지역구공급총점":0.0,
            "역세권":"NA",
            "30분내 이동가능 거점":"NA",
            "1시간내 이동가능 거점":"NA",
            "교통총점":"NA",
            "백화점":100,
            "아울렛몰":0,
            "대형마트":80,
            "은행":70,
            "병원":80,
            "종합병원":100,
            "공원":100,
            "혐오시설":0,
            "인프라총점":80.0,
            "초등학군":92.06,
            "중학군":52.5,
            "학군총점":60.412,
            "인구수":29.7,
            "인구증감":-9.63,
            "인구총점":17.901,
            "일자리":10.4,
            "소득수준":51.37,
            "일자리총점":22.691,
            "가치 총점":68.103,
            "매매실거래년":20201119.0,
            "매매실거래가":44000.0,
            "전세실거래년":null,
            "전세실거래가":null,
            "전세가율":null,
            "장기전세가율평균":69.64,
            "전세가율거품지수":null,
            "검색코드":120091,
            "세대수":439,
            "준공년월":"2020-06-26",
            "준공년차":3,
            "가까운역이름":"NA",
            "가까운역거리":"NA",
            "역세권여부":"NA",
            "30분이내주요거점역":"NA",
            "1시간이내주요거점역":"NA",
            "3km이내백화점수":1,
            "5km이내아울렛몰수":0,
            "1km이내대형먀트수":1,
            "500m이내은행수":3,
            "500m이내병원수":32,
            "5km이내대형병원수":5,
            "500m이내공원수":5,
            "3km이내혐오시설수":0,
            "초등학교학업성취도":92.06,
            "중학교학업성취도":85.3,
            "용적률":366,
            "건폐율":25,
            "Y":35.201676,
            "X":129.066473,
            "rank":12.0,
            "area_info":"18평(59.94), 22평(75.3), 25평(85.05), 33평(111.03), 34평(112.41)",
            "last_sales":"2020-11-19,44000.0,22평(75.3)"
        },
        {
            "index":93,
            "아파트명":"명륜자이",
            "투자타입":"일반",
            "전용면적(m2)":"54.58",
            "전용면적(평)":"16평",
            "법정동주소":"부산시 동래구 명륜동 796",
            "도로명주소":"부산시 동래구 명륜로139번길 22",
            "세대수":50,
            "입주년차":100,
            "용적률점수":"--",
            "건폐율점수":"--",
            "세대당주차수":30,
            "난방방식":30,
            "공급면적":"--",
            "전용률":"--",
            "욕실수":50,
            "현관타입":100,
            "주거총점":60.0,
            "지역구공급총점":0.0,
            "역세권":"NA",
            "30분내 이동가능 거점":"NA",
            "1시간내 이동가능 거점":"NA",
            "교통총점":"NA",
            "백화점":100,
            "아울렛몰":0,
            "대형마트":100,
            "은행":70,
            "병원":80,
            "종합병원":100,
            "공원":0,
            "혐오시설":0,
            "인프라총점":80.0,
            "초등학군":93.67,
            "중학군":50.0,
            "학군총점":58.734,
            "인구수":29.7,
            "인구증감":-9.63,
            "인구총점":17.901,
            "일자리":10.4,
            "소득수준":51.37,
            "일자리총점":22.691,
            "가치 총점":67.6835,
            "매매실거래년":20210121.0,
            "매매실거래가":105500.0,
            "전세실거래년":20190705.0,
            "전세실거래가":15500.0,
            "전세가율":null,
            "장기전세가율평균":69.64,
            "전세가율거품지수":null,
            "검색코드":113713,
            "세대수":671,
            "준공년월":"2019-02-25",
            "준공년차":4,
            "가까운역이름":"NA",
            "가까운역거리":"NA",
            "역세권여부":"NA",
            "30분이내주요거점역":"NA",
            "1시간이내주요거점역":"NA",
            "3km이내백화점수":1,
            "5km이내아울렛몰수":0,
            "1km이내대형먀트수":3,
            "500m이내은행수":4,
            "500m이내병원수":49,
            "5km이내대형병원수":5,
            "500m이내공원수":0,
            "3km이내혐오시설수":0,
            "초등학교학업성취도":93.67,
            "중학교학업성취도":82.4,
            "용적률":267,
            "건폐율":19,
            "Y":35.206847,
            "X":129.080751,
            "rank":13.0,
            "area_info":"16평(54.58), 20평(67.52), 20평(67.35), 24평(81.29), 24평(81.55), 26평(86.97), 26평(87.04), 26평(87.63), 26평(87.04), 34평(112.8), 34평(112.87), 34평(112.92)",
            "last_sales":"2021-01-21,105500.0,34평(112.87)"
        },
        {
            "index":33,
            "아파트명":"포레나동래",
            "투자타입":"일반",
            "전용면적(m2)":"113.98",
            "전용면적(평)":"34평",
            "법정동주소":"부산시 동래구 낙민동 326",
            "도로명주소":"부산시 동래구 온천천로339번길 51",
            "세대수":80,
            "입주년차":100,
            "용적률점수":"--",
            "건폐율점수":"--",
            "세대당주차수":30,
            "난방방식":30,
            "공급면적":"--",
            "전용률":"--",
            "욕실수":100,
            "현관타입":100,
            "주거총점":75.5,
            "지역구공급총점":0.0,
            "역세권":"NA",
            "30분내 이동가능 거점":"NA",
            "1시간내 이동가능 거점":"NA",
            "교통총점":"NA",
            "백화점":100,
            "아울렛몰":0,
            "대형마트":80,
            "은행":0,
            "병원":30,
            "종합병원":100,
            "공원":100,
            "혐오시설":0,
            "인프라총점":68.0,
            "초등학군":93.33,
            "중학군":46.94,
            "학군총점":56.218,
            "인구수":29.7,
            "인구증감":-9.63,
            "인구총점":17.901,
            "일자리":10.4,
            "소득수준":51.37,
            "일자리총점":22.691,
            "가치 총점":67.6795,
            "매매실거래년":20211125.0,
            "매매실거래가":84000.0,
            "전세실거래년":20211221.0,
            "전세실거래가":27000.0,
            "전세가율":32.14,
            "장기전세가율평균":69.64,
            "전세가율거품지수":37.5,
            "검색코드":110948,
            "세대수":732,
            "준공년월":"2019-02-26",
            "준공년차":4,
            "가까운역이름":"NA",
            "가까운역거리":"NA",
            "역세권여부":"NA",
            "30분이내주요거점역":"NA",
            "1시간이내주요거점역":"NA",
            "3km이내백화점수":1,
            "5km이내아울렛몰수":0,
            "1km이내대형먀트수":1,
            "500m이내은행수":1,
            "500m이내병원수":6,
            "5km이내대형병원수":6,
            "500m이내공원수":3,
            "3km이내혐오시설수":0,
            "초등학교학업성취도":93.33,
            "중학교학업성취도":76.9,
            "용적률":565,
            "건폐율":28,
            "Y":35.196222,
            "X":129.090343,
            "rank":14.0,
            "area_info":"34평(113.98), 34평(114.33)",
            "last_sales":"2021-11-25,84000.0,34평(113.98)"
        },
        {
            "index":353,
            "아파트명":"사직삼환나우빌",
            "투자타입":"일반",
            "전용면적(m2)":"84.51",
            "전용면적(평)":"25평",
            "법정동주소":"부산시 동래구 사직동 1019",
            "도로명주소":"부산시 동래구 쇠미로 72",
            "세대수":50,
            "입주년차":60,
            "용적률점수":"--",
            "건폐율점수":"--",
            "세대당주차수":30,
            "난방방식":30,
            "공급면적":"--",
            "전용률":"--",
            "욕실수":100,
            "현관타입":100,
            "주거총점":57.0,
            "지역구공급총점":0.0,
            "역세권":"NA",
            "30분내 이동가능 거점":"NA",
            "1시간내 이동가능 거점":"NA",
            "교통총점":"NA",
            "백화점":100,
            "아울렛몰":0,
            "대형마트":80,
            "은행":70,
            "병원":80,
            "종합병원":100,
            "공원":100,
            "혐오시설":0,
            "인프라총점":80.0,
            "초등학군":95.24,
            "중학군":54.1,
            "학군총점":62.328,
            "인구수":29.7,
            "인구증감":-9.63,
            "인구총점":17.901,
            "일자리":10.4,
            "소득수준":51.37,
            "일자리총점":22.691,
            "가치 총점":67.532,
            "매매실거래년":20211130.0,
            "매매실거래가":58000.0,
            "전세실거래년":20211210.0,
            "전세실거래가":32000.0,
            "전세가율":67.37,
            "장기전세가율평균":69.64,
            "전세가율거품지수":2.27,
            "검색코드":101445,
            "세대수":470,
            "준공년월":"2010-08-02",
            "준공년차":13,
            "가까운역이름":"NA",
            "가까운역거리":"NA",
            "역세권여부":"NA",
            "30분이내주요거점역":"NA",
            "1시간이내주요거점역":"NA",
            "3km이내백화점수":1,
            "5km이내아울렛몰수":0,
            "1km이내대형먀트수":1,
            "500m이내은행수":3,
            "500m이내병원수":33,
            "5km이내대형병원수":8,
            "500m이내공원수":4,
            "3km이내혐오시설수":0,
            "초등학교학업성취도":95.24,
            "중학교학업성취도":86.9,
            "용적률":290,
            "건폐율":15,
            "Y":35.199646,
            "X":129.055668,
            "rank":15.0,
            "area_info":"25평(84.51), 31평(102.96), 31평(103.85), 31평(104.9), 34평(113.66), 34평(113.18), 34평(114.64), 34평(114.9), 38평(125.84)",
            "last_sales":"2021-11-30,58000.0,34평(114.64)"
        },
        {
            "index":713,
            "아파트명":"온천반도보라스카이뷰",
            "투자타입":"일반",
            "전용면적(m2)":"108.66",
            "전용면적(평)":"32평",
            "법정동주소":"부산시 동래구 온천동 1412-1",
            "도로명주소":"부산시 동래구 아시아드대로 234",
            "세대수":90,
            "입주년차":40,
            "용적률점수":"--",
            "건폐율점수":"--",
            "세대당주차수":60,
            "난방방식":30,
            "공급면적":"--",
            "전용률":"--",
            "욕실수":100,
            "현관타입":100,
            "주거총점":71.5,
            "지역구공급총점":0.0,
            "역세권":"NA",
            "30분내 이동가능 거점":"NA",
            "1시간내 이동가능 거점":"NA",
            "교통총점":"NA",
            "백화점":100,
            "아울렛몰":0,
            "대형마트":0,
            "은행":70,
            "병원":60,
            "종합병원":100,
            "공원":100,
            "혐오시설":0,
            "인프라총점":66.0,
            "초등학군":92.06,
            "중학군":53.64,
            "학군총점":61.324,
            "인구수":29.7,
            "인구증감":-9.63,
            "인구총점":17.901,
            "일자리":10.4,
            "소득수준":51.37,
            "일자리총점":22.691,
            "가치 총점":66.756,
            "매매실거래년":20211215.0,
            "매매실거래가":67500.0,
            "전세실거래년":20211106.0,
            "전세실거래가":40000.0,
            "전세가율":62.99,
            "장기전세가율평균":69.64,
            "전세가율거품지수":6.65,
            "검색코드":22759,
            "세대수":1149,
            "준공년월":"2006-01-06",
            "준공년차":17,
            "가까운역이름":"NA",
            "가까운역거리":"NA",
            "역세권여부":"NA",
            "30분이내주요거점역":"NA",
            "1시간이내주요거점역":"NA",
            "3km이내백화점수":1,
            "5km이내아울렛몰수":0,
            "1km이내대형먀트수":0,
            "500m이내은행수":3,
            "500m이내병원수":29,
            "5km이내대형병원수":5,
            "500m이내공원수":2,
            "3km이내혐오시설수":0,
            "초등학교학업성취도":92.06,
            "중학교학업성취도":86.4,
            "용적률":592,
            "건폐율":26,
            "Y":35.204255,
            "X":129.068676,
            "rank":16.0,
            "area_info":"32평(108.66), 32평(108.99), 33평(111.11), 35평(117.61), 39평(131.61), 46평(154.85), 48평(160.69), 57평(190.45), 64평(212.12), 66평(219.82)",
            "last_sales":"2021-12-15,67500.0,35평(117.61)"
        },
        {
            "index":367,
            "아파트명":"사직쌍용예가2차",
            "투자타입":"일반",
            "전용면적(m2)":"107.26",
            "전용면적(평)":"32평",
            "법정동주소":"부산시 동래구 사직동 1020",
            "도로명주소":"부산시 동래구 쇠미로40번길 55",
            "세대수":50,
            "입주년차":60,
            "용적률점수":"--",
            "건폐율점수":"--",
            "세대당주차수":60,
            "난방방식":30,
            "공급면적":"--",
            "전용률":"--",
            "욕실수":100,
            "현관타입":100,
            "주거총점":61.5,
            "지역구공급총점":0.0,
            "역세권":"NA",
            "30분내 이동가능 거점":"NA",
            "1시간내 이동가능 거점":"NA",
            "교통총점":"NA",
            "백화점":100,
            "아울렛몰":0,
            "대형마트":80,
            "은행":20,
            "병원":60,
            "종합병원":100,
            "공원":100,
            "혐오시설":0,
            "인프라총점":73.0,
            "초등학군":95.24,
            "중학군":54.1,
            "학군총점":62.328,
            "인구수":29.7,
            "인구증감":-9.63,
            "인구총점":17.901,
            "일자리":10.4,
            "소득수준":51.37,
            "일자리총점":22.691,
            "가치 총점":66.307,
            "매매실거래년":20211229.0,
            "매매실거래가":80800.0,
            "전세실거래년":20211204.0,
            "전세실거래가":28350.0,
            "전세가율":44.3,
            "장기전세가율평균":69.64,
            "전세가율거품지수":25.34,
            "검색코드":26462,
            "세대수":625,
            "준공년월":"2010-11-22",
            "준공년차":13,
            "가까운역이름":"NA",
            "가까운역거리":"NA",
            "역세권여부":"NA",
            "30분이내주요거점역":"NA",
            "1시간이내주요거점역":"NA",
            "3km이내백화점수":1,
            "5km이내아울렛몰수":0,
            "1km이내대형먀트수":1,
            "500m이내은행수":2,
            "500m이내병원수":13,
            "5km이내대형병원수":8,
            "500m이내공원수":3,
            "3km이내혐오시설수":0,
            "초등학교학업성취도":95.24,
            "중학교학업성취도":86.9,
            "용적률":293,
            "건폐율":18,
            "Y":35.198636,
            "X":129.054645,
            "rank":17.0,
            "area_info":"32평(107.26), 32평(107.99), 45평(151.24), 59평(198.32)",
            "last_sales":"2021-12-29,80800.0,45평(151.24)"
        },
        {
            "index":383,
            "아파트명":"사직자이",
            "투자타입":"일반",
            "전용면적(m2)":"163.66",
            "전용면적(평)":"49평",
            "법정동주소":"부산시 동래구 사직동 93-8",
            "도로명주소":"부산시 동래구 사직로 36",
            "세대수":0,
            "입주년차":40,
            "용적률점수":"--",
            "건폐율점수":"--",
            "세대당주차수":80,
            "난방방식":30,
            "공급면적":"--",
            "전용률":"--",
            "욕실수":100,
            "현관타입":100,
            "주거총점":43.0,
            "지역구공급총점":0.0,
            "역세권":"NA",
            "30분내 이동가능 거점":"NA",
            "1시간내 이동가능 거점":"NA",
            "교통총점":"NA",
            "백화점":100,
            "아울렛몰":0,
            "대형마트":100,
            "은행":100,
            "병원":80,
            "종합병원":100,
            "공원":100,
            "혐오시설":0,
            "인프라총점":86.0,
            "초등학군":94.83,
            "중학군":58.2,
            "학군총점":65.526,
            "인구수":29.7,
            "인구증감":-9.63,
            "인구총점":17.901,
            "일자리":10.4,
            "소득수준":51.37,
            "일자리총점":22.691,
            "가치 총점":65.8315,
            "매매실거래년":20201111.0,
            "매매실거래가":154500.0,
            "전세실거래년":20211106.0,
            "전세실거래가":70000.0,
            "전세가율":61.4,
            "장기전세가율평균":69.64,
            "전세가율거품지수":8.24,
            "검색코드":19761,
            "세대수":249,
            "준공년월":"2007-04-25",
            "준공년차":16,
            "가까운역이름":"NA",
            "가까운역거리":"NA",
            "역세권여부":"NA",
            "30분이내주요거점역":"NA",
            "1시간이내주요거점역":"NA",
            "3km이내백화점수":1,
            "5km이내아울렛몰수":0,
            "1km이내대형먀트수":2,
            "500m이내은행수":6,
            "500m이내병원수":52,
            "5km이내대형병원수":7,
            "500m이내공원수":6,
            "3km이내혐오시설수":0,
            "초등학교학업성취도":94.83,
            "중학교학업성취도":93.2,
            "용적률":276,
            "건폐율":16,
            "Y":35.1972,
            "X":129.062225,
            "rank":18.0,
            "area_info":"49평(163.66), 57평(191.16), 88평(293.75)",
            "last_sales":"2020-11-11,154500.0,57평(191.16)"
        },
        {
            "index":651,
            "아파트명":"벽산아스타",
            "투자타입":"일반",
            "전용면적(m2)":"111.37",
            "전용면적(평)":"33평",
            "법정동주소":"부산시 동래구 온천동 178-7",
            "도로명주소":"부산시 동래구 중앙대로1473번길 13",
            "세대수":50,
            "입주년차":40,
            "용적률점수":"--",
            "건폐율점수":"--",
            "세대당주차수":80,
            "난방방식":30,
            "공급면적":"--",
            "전용률":"--",
            "욕실수":100,
            "현관타입":50,
            "주거총점":55.5,
            "지역구공급총점":0.0,
            "역세권":"NA",
            "30분내 이동가능 거점":"NA",
            "1시간내 이동가능 거점":"NA",
            "교통총점":"NA",
            "백화점":100,
            "아울렛몰":0,
            "대형마트":100,
            "은행":70,
            "병원":60,
            "종합병원":100,
            "공원":0,
            "혐오시설":0,
            "인프라총점":78.0,
            "초등학군":93.26,
            "중학군":50.98,
            "학군총점":59.436,
            "인구수":29.7,
            "인구증감":-9.63,
            "인구총점":17.901,
            "일자리":10.4,
            "소득수준":51.37,
            "일자리총점":22.691,
            "가치 총점":65.484,
            "매매실거래년":20211007.0,
            "매매실거래가":73500.0,
            "전세실거래년":20211120.0,
            "전세실거래가":32000.0,
            "전세가율":52.46,
            "장기전세가율평균":69.64,
            "전세가율거품지수":17.18,
            "검색코드":22398,
            "세대수":648,
            "준공년월":"2008-02-21",
            "준공년차":15,
            "가까운역이름":"NA",
            "가까운역거리":"NA",
            "역세권여부":"NA",
            "30분이내주요거점역":"NA",
            "1시간이내주요거점역":"NA",
            "3km이내백화점수":1,
            "5km이내아울렛몰수":0,
            "1km이내대형먀트수":3,
            "500m이내은행수":4,
            "500m이내병원수":26,
            "5km이내대형병원수":4,
            "500m이내공원수":0,
            "3km이내혐오시설수":0,
            "초등학교학업성취도":93.26,
            "중학교학업성취도":81.7,
            "용적률":0,
            "건폐율":0,
            "Y":35.217148,
            "X":129.082497,
            "rank":19.0,
            "area_info":"33평(111.37), 34평(112.96), 46평(154.62), 46평(154.52), 46평(154.41), 47평(157.22), 52평(174.56), 53평(175.66), 53평(176.38), 66평(221.0), 88평(293.91), 99평(329.39), 99평(329.44)",
            "last_sales":"2021-10-07,73500.0,53평(176.38)"
        },
        {
            "index":0,
            "아파트명":"낙민한일유앤아이",
            "투자타입":"일반",
            "전용면적(m2)":"91.9",
            "전용면적(평)":"27평",
            "법정동주소":"부산시 동래구 낙민동 77-1",
            "도로명주소":"부산시 동래구 온천천로339번길 28",
            "세대수":90,
            "입주년차":40,
            "용적률점수":"--",
            "건폐율점수":"--",
            "세대당주차수":60,
            "난방방식":30,
            "공급면적":"--",
            "전용률":"--",
            "욕실수":100,
            "현관타입":100,
            "주거총점":71.5,
            "지역구공급총점":0.0,
            "역세권":"NA",
            "30분내 이동가능 거점":"NA",
            "1시간내 이동가능 거점":"NA",
            "교통총점":"NA",
            "백화점":100,
            "아울렛몰":0,
            "대형마트":80,
            "은행":0,
            "병원":10,
            "종합병원":100,
            "공원":100,
            "혐오시설":0,
            "인프라총점":66.0,
            "초등학군":89.64,
            "중학군":46.94,
            "학군총점":55.48,
            "인구수":29.7,
            "인구증감":-9.63,
            "인구총점":17.901,
            "일자리":10.4,
            "소득수준":51.37,
            "일자리총점":22.691,
            "가치 총점":65.295,
            "매매실거래년":20211018.0,
            "매매실거래가":81500.0,
            "전세실거래년":20210120.0,
            "전세실거래가":34000.0,
            "전세가율":70.83,
            "장기전세가율평균":69.64,
            "전세가율거품지수":-1.19,
            "검색코드":17749,
            "세대수":935,
            "준공년월":"2007-07-31",
            "준공년차":16,
            "가까운역이름":"NA",
            "가까운역거리":"NA",
            "역세권여부":"NA",
            "30분이내주요거점역":"NA",
            "1시간이내주요거점역":"NA",
            "3km이내백화점수":1,
            "5km이내아울렛몰수":0,
            "1km이내대형먀트수":1,
            "500m이내은행수":1,
            "500m이내병원수":4,
            "5km이내대형병원수":6,
            "500m이내공원수":4,
            "3km이내혐오시설수":0,
            "초등학교학업성취도":89.64,
            "중학교학업성취도":76.9,
            "용적률":452,
            "건폐율":25,
            "Y":35.195511,
            "X":129.091983,
            "rank":20.0,
            "area_info":"27평(91.9), 29평(98.8), 32평(109.05), 33평(111.02), 33평(112.03), 41평(137.4), 43평(143.21), 48평(159.48)",
            "last_sales":"2021-10-18,81500.0,48평(159.48)"
        },
        {
            "index":379,
            "아파트명":"사직역삼정그린코아더베스트2차",
            "투자타입":"일반",
            "전용면적(m2)":"98.02",
            "전용면적(평)":"29평",
            "법정동주소":"부산시 동래구 사직동 1055",
            "도로명주소":"부산시 동래구 사직로 16",
            "세대수":0,
            "입주년차":80,
            "용적률점수":"--",
            "건폐율점수":"--",
            "세대당주차수":30,
            "난방방식":30,
            "공급면적":"--",
            "전용률":"--",
            "욕실수":100,
            "현관타입":100,
            "주거총점":43.5,
            "지역구공급총점":0.0,
            "역세권":"NA",
            "30분내 이동가능 거점":"NA",
            "1시간내 이동가능 거점":"NA",
            "교통총점":"NA",
            "백화점":100,
            "아울렛몰":0,
            "대형마트":100,
            "은행":100,
            "병원":80,
            "종합병원":100,
            "공원":100,
            "혐오시설":0,
            "인프라총점":86.0,
            "초등학군":94.83,
            "중학군":54.58,
            "학군총점":62.63,
            "인구수":29.7,
            "인구증감":-9.63,
            "인구총점":17.901,
            "일자리":10.4,
            "소득수준":51.37,
            "일자리총점":22.691,
            "가치 총점":65.2825,
            "매매실거래년":20210728.0,
            "매매실거래가":74500.0,
            "전세실거래년":20211105.0,
            "전세실거래가":50000.0,
            "전세가율":67.11,
            "장기전세가율평균":69.64,
            "전세가율거품지수":2.53,
            "검색코드":110499,
            "세대수":230,
            "준공년월":"2018-07-18",
            "준공년차":5,
            "가까운역이름":"NA",
            "가까운역거리":"NA",
            "역세권여부":"NA",
            "30분이내주요거점역":"NA",
            "1시간이내주요거점역":"NA",
            "3km이내백화점수":1,
            "5km이내아울렛몰수":0,
            "1km이내대형먀트수":2,
            "500m이내은행수":5,
            "500m이내병원수":51,
            "5km이내대형병원수":6,
            "500m이내공원수":4,
            "3km이내혐오시설수":0,
            "초등학교학업성취도":94.83,
            "중학교학업성취도":88.5,
            "용적률":599,
            "건폐율":28,
            "Y":35.196729,
            "X":129.063778,
            "rank":21.0,
            "area_info":"29평(98.02), 30평(101.94), 33평(110.13), 34평(113.35)",
            "last_sales":"2021-07-28,74500.0,29평(98.02)"
        },
        {
            "index":707,
            "아파트명":"온천동한진스카이뷰",
            "투자타입":"일반",
            "전용면적(m2)":"92.92",
            "전용면적(평)":"28평",
            "법정동주소":"부산시 동래구 온천동 188-2",
            "도로명주소":"부산시 동래구 금강로106번길 26",
            "세대수":0,
            "입주년차":100,
            "용적률점수":"--",
            "건폐율점수":"--",
            "세대당주차수":30,
            "난방방식":30,
            "공급면적":"--",
            "전용률":"--",
            "욕실수":100,
            "현관타입":100,
            "주거총점":47.5,
            "지역구공급총점":0.0,
            "역세권":"NA",
            "30분내 이동가능 거점":"NA",
            "1시간내 이동가능 거점":"NA",
            "교통총점":"NA",
            "백화점":100,
            "아울렛몰":0,
            "대형마트":100,
            "은행":70,
            "병원":60,
            "종합병원":100,
            "공원":100,
            "혐오시설":0,
            "인프라총점":81.0,
            "초등학군":93.26,
            "중학군":54.68,
            "학군총점":62.396,
            "인구수":29.7,
            "인구증감":-9.63,
            "인구총점":17.901,
            "일자리":10.4,
            "소득수준":51.37,
            "일자리총점":22.691,
            "가치 총점":64.624,
            "매매실거래년":20210714.0,
            "매매실거래가":31000.0,
            "전세실거래년":20210219.0,
            "전세실거래가":18800.0,
            "전세가율":55.62,
            "장기전세가율평균":69.64,
            "전세가율거품지수":14.02,
            "검색코드":113188,
            "세대수":141,
            "준공년월":"2019-04-12",
            "준공년차":4,
            "가까운역이름":"NA",
            "가까운역거리":"NA",
            "역세권여부":"NA",
            "30분이내주요거점역":"NA",
            "1시간이내주요거점역":"NA",
            "3km이내백화점수":1,
            "5km이내아울렛몰수":0,
            "1km이내대형먀트수":3,
            "500m이내은행수":3,
            "500m이내병원수":16,
            "5km이내대형병원수":4,
            "500m이내공원수":2,
            "3km이내혐오시설수":0,
            "초등학교학업성취도":93.26,
            "중학교학업성취도":88.2,
            "용적률":716,
            "건폐율":41,
            "Y":35.217905,
            "X":129.080666,
            "rank":22.0,
            "area_info":"28평(92.92), 31평(103.8), 31평(103.03), 31평(103.44), 32평(107.53), 34평(113.08)",
            "last_sales":"2021-07-14,31000.0,34평(113.08)"
        },
        {
            "index":116,
            "아파트명":"명륜힐스테이트",
            "투자타입":"일반",
            "전용면적(m2)":"113.89",
            "전용면적(평)":"34평",
            "법정동주소":"부산시 동래구 명륜동 795",
            "도로명주소":"부산시 동래구 명륜로 222",
            "세대수":50,
            "입주년차":80,
            "용적률점수":"--",
            "건폐율점수":"--",
            "세대당주차수":30,
            "난방방식":30,
            "공급면적":"--",
            "전용률":"--",
            "욕실수":100,
            "현관타입":100,
            "주거총점":61.0,
            "지역구공급총점":0.0,
            "역세권":"NA",
            "30분내 이동가능 거점":"NA",
            "1시간내 이동가능 거점":"NA",
            "교통총점":"NA",
            "백화점":100,
            "아울렛몰":0,
            "대형마트":100,
            "은행":0,
            "병원":60,
            "종합병원":100,
            "공원":0,
            "혐오시설":0,
            "인프라총점":71.0,
            "초등학군":88.31,
            "중학군":50.0,
            "학군총점":57.662,
            "인구수":29.7,
            "인구증감":-9.63,
            "인구총점":17.901,
            "일자리":10.4,
            "소득수준":51.37,
            "일자리총점":22.691,
            "가치 총점":64.1655,
            "매매실거래년":20210710.0,
            "매매실거래가":94800.0,
            "전세실거래년":20211229.0,
            "전세실거래가":41000.0,
            "전세가율":43.25,
            "장기전세가율평균":69.64,
            "전세가율거품지수":26.39,
            "검색코드":112610,
            "세대수":493,
            "준공년월":"2018-12-27",
            "준공년차":5,
            "가까운역이름":"NA",
            "가까운역거리":"NA",
            "역세권여부":"NA",
            "30분이내주요거점역":"NA",
            "1시간이내주요거점역":"NA",
            "3km이내백화점수":1,
            "5km이내아울렛몰수":0,
            "1km이내대형먀트수":3,
            "500m이내은행수":1,
            "500m이내병원수":23,
            "5km이내대형병원수":5,
            "500m이내공원수":0,
            "3km이내혐오시설수":0,
            "초등학교학업성취도":88.31,
            "중학교학업성취도":82.4,
            "용적률":299,
            "건폐율":17,
            "Y":35.213525,
            "X":129.083629,
            "rank":23.0,
            "area_info":"34평(113.89), 39평(132.2)",
            "last_sales":"2021-07-10,94800.0,34평(113.89)"
        },
        {
            "index":563,
            "아파트명":"동래SK뷰1차",
            "투자타입":"일반",
            "전용면적(m2)":"107.93",
            "전용면적(평)":"32평",
            "법정동주소":"부산시 동래구 온천동 758-12",
            "도로명주소":"부산시 동래구 중앙대로1381번길 52",
            "세대수":30,
            "입주년차":40,
            "용적률점수":"--",
            "건폐율점수":"--",
            "세대당주차수":30,
            "난방방식":30,
            "공급면적":"--",
            "전용률":"--",
            "욕실수":100,
            "현관타입":100,
            "주거총점":46.0,
            "지역구공급총점":0.0,
            "역세권":"NA",
            "30분내 이동가능 거점":"NA",
            "1시간내 이동가능 거점":"NA",
            "교통총점":"NA",
            "백화점":100,
            "아울렛몰":0,
            "대형마트":100,
            "은행":70,
            "병원":60,
            "종합병원":100,
            "공원":100,
            "혐오시설":0,
            "인프라총점":81.0,
            "초등학군":93.26,
            "중학군":54.68,
            "학군총점":62.396,
            "인구수":29.7,
            "인구증감":-9.63,
            "인구총점":17.901,
            "일자리":10.4,
            "소득수준":51.37,
            "일자리총점":22.691,
            "가치 총점":64.099,
            "매매실거래년":20210728.0,
            "매매실거래가":75000.0,
            "전세실거래년":20211231.0,
            "전세실거래가":35000.0,
            "전세가율":46.67,
            "장기전세가율평균":69.64,
            "전세가율거품지수":22.97,
            "검색코드":14349,
            "세대수":342,
            "준공년월":"2006-01-20",
            "준공년차":17,
            "가까운역이름":"NA",
            "가까운역거리":"NA",
            "역세권여부":"NA",
            "30분이내주요거점역":"NA",
            "1시간이내주요거점역":"NA",
            "3km이내백화점수":1,
            "5km이내아울렛몰수":0,
            "1km이내대형먀트수":3,
            "500m이내은행수":4,
            "500m이내병원수":26,
            "5km이내대형병원수":5,
            "500m이내공원수":4,
            "3km이내혐오시설수":0,
            "초등학교학업성취도":93.26,
            "중학교학업성취도":88.2,
            "용적률":299,
            "건폐율":17,
            "Y":35.211935,
            "X":129.075761,
            "rank":24.0,
            "area_info":"32평(107.93), 45평(150.55)",
            "last_sales":"2021-07-28,75000.0,32평(107.93)"
        },
        {
            "index":129,
            "아파트명":"e편한세상동래명장",
            "투자타입":"일반",
            "전용면적(m2)":"79.78",
            "전용면적(평)":"24평",
            "법정동주소":"부산시 동래구 명장동 623",
            "도로명주소":"부산시 동래구 명장로 65",
            "세대수":90,
            "입주년차":100,
            "용적률점수":"--",
            "건폐율점수":"--",
            "세대당주차수":30,
            "난방방식":30,
            "공급면적":"--",
            "전용률":"--",
            "욕실수":100,
            "현관타입":100,
            "주거총점":79.0,
            "지역구공급총점":0.0,
            "역세권":"NA",
            "30분내 이동가능 거점":"NA",
            "1시간내 이동가능 거점":"NA",
            "교통총점":"NA",
            "백화점":100,
            "아울렛몰":0,
            "대형마트":0,
            "은행":0,
            "병원":30,
            "종합병원":100,
            "공원":100,
            "혐오시설":0,
            "인프라총점":56.0,
            "초등학군":95.9,
            "중학군":46.02,
            "학군총점":55.996,
            "인구수":29.7,
            "인구증감":-9.63,
            "인구총점":17.901,
            "일자리":10.4,
            "소득수준":51.37,
            "일자리총점":22.691,
            "가치 총점":64.049,
            "매매실거래년":20211016.0,
            "매매실거래가":76500.0,
            "전세실거래년":null,
            "전세실거래가":null,
            "전세가율":null,
            "장기전세가율평균":69.64,
            "전세가율거품지수":null,
            "검색코드":114691,
            "세대수":1384,
            "준공년월":"2019-08-05",
            "준공년차":4,
            "가까운역이름":"NA",
            "가까운역거리":"NA",
            "역세권여부":"NA",
            "30분이내주요거점역":"NA",
            "1시간이내주요거점역":"NA",
            "3km이내백화점수":1,
            "5km이내아울렛몰수":0,
            "1km이내대형먀트수":0,
            "500m이내은행수":1,
            "500m이내병원수":7,
            "5km이내대형병원수":6,
            "500m이내공원수":5,
            "3km이내혐오시설수":0,
            "초등학교학업성취도":95.9,
            "중학교학업성취도":76.1,
            "용적률":249,
            "건폐율":18,
            "Y":35.205338,
            "X":129.107423,
            "rank":25.0,
            "area_info":"24평(79.78), 24평(79.94), 24평(80.95), 26평(86.56), 26평(87.13), 30평(99.66), 30평(100.76), 30평(101.8), 33평(110.84), 33평(111.23), 33평(112.07), 34평(112.96)",
            "last_sales":"2021-10-16,76500.0,34평(112.96)"
        },
        {
            "index":40,
            "아파트명":"동래롯데캐슬퀸",
            "투자타입":"일반",
            "전용면적(m2)":"110.09",
            "전용면적(평)":"33평",
            "법정동주소":"부산시 동래구 명륜동 533-229",
            "도로명주소":"부산시 동래구 온천천로 165",
            "세대수":0,
            "입주년차":100,
            "용적률점수":"--",
            "건폐율점수":"--",
            "세대당주차수":30,
            "난방방식":30,
            "공급면적":"--",
            "전용률":"--",
            "욕실수":100,
            "현관타입":100,
            "주거총점":47.5,
            "지역구공급총점":0.0,
            "역세권":"NA",
            "30분내 이동가능 거점":"NA",
            "1시간내 이동가능 거점":"NA",
            "교통총점":"NA",
            "백화점":100,
            "아울렛몰":0,
            "대형마트":100,
            "은행":70,
            "병원":80,
            "종합병원":100,
            "공원":0,
            "혐오시설":0,
            "인프라총점":80.0,
            "초등학군":93.67,
            "중학군":53.64,
            "학군총점":61.646,
            "인구수":29.7,
            "인구증감":-9.63,
            "인구총점":17.901,
            "일자리":10.4,
            "소득수준":51.37,
            "일자리총점":22.691,
            "가치 총점":64.0365,
            "매매실거래년":20210524.0,
            "매매실거래가":76000.0,
            "전세실거래년":20210816.0,
            "전세실거래가":55000.0,
            "전세가율":72.37,
            "장기전세가율평균":69.64,
            "전세가율거품지수":-2.73,
            "검색코드":119205,
            "세대수":210,
            "준공년월":"2020-12-01",
            "준공년차":3,
            "가까운역이름":"NA",
            "가까운역거리":"NA",
            "역세권여부":"NA",
            "30분이내주요거점역":"NA",
            "1시간이내주요거점역":"NA",
            "3km이내백화점수":1,
            "5km이내아울렛몰수":0,
            "1km이내대형먀트수":3,
            "500m이내은행수":3,
            "500m이내병원수":52,
            "5km이내대형병원수":5,
            "500m이내공원수":0,
            "3km이내혐오시설수":0,
            "초등학교학업성취도":93.67,
            "중학교학업성취도":86.4,
            "용적률":0,
            "건폐율":0,
            "Y":35.204751,
            "X":129.079073,
            "rank":26.0,
            "area_info":"33평(110.09), 33평(111.25), 33평(112.32), 33평(112.04), 34평(113.7), 54평(181.72), 55평(183.52), 56평(187.31)",
            "last_sales":"2021-05-24,76000.0,33평(110.09)"
        },
        {
            "index":52,
            "아파트명":"동래센트럴파크하이츠2차",
            "투자타입":"일반",
            "전용면적(m2)":"112.95",
            "전용면적(평)":"34평",
            "법정동주소":"부산시 동래구 명륜동 756-1",
            "도로명주소":"부산시 동래구 문화로 33",
            "세대수":50,
            "입주년차":60,
            "용적률점수":"--",
            "건폐율점수":"--",
            "세대당주차수":60,
            "난방방식":30,
            "공급면적":"--",
            "전용률":"--",
            "욕실수":100,
            "현관타입":100,
            "주거총점":61.5,
            "지역구공급총점":0.0,
            "역세권":"NA",
            "30분내 이동가능 거점":"NA",
            "1시간내 이동가능 거점":"NA",
            "교통총점":"NA",
            "백화점":100,
            "아울렛몰":0,
            "대형마트":100,
            "은행":0,
            "병원":10,
            "종합병원":100,
            "공원":80,
            "혐오시설":0,
            "인프라총점":68.4,
            "초등학군":93.67,
            "중학군":50.98,
            "학군총점":59.518,
            "인구수":29.7,
            "인구증감":-9.63,
            "인구총점":17.901,
            "일자리":10.4,
            "소득수준":51.37,
            "일자리총점":22.691,
            "가치 총점":63.7645,
            "매매실거래년":20211105.0,
            "매매실거래가":69500.0,
            "전세실거래년":20211110.0,
            "전세실거래가":43000.0,
            "전세가율":61.87,
            "장기전세가율평균":69.64,
            "전세가율거품지수":7.77,
            "검색코드":26285,
            "세대수":680,
            "준공년월":"2010-12-31",
            "준공년차":13,
            "가까운역이름":"NA",
            "가까운역거리":"NA",
            "역세권여부":"NA",
            "30분이내주요거점역":"NA",
            "1시간이내주요거점역":"NA",
            "3km이내백화점수":1,
            "5km이내아울렛몰수":0,
            "1km이내대형먀트수":3,
            "500m이내은행수":1,
            "500m이내병원수":4,
            "5km이내대형병원수":5,
            "500m이내공원수":1,
            "3km이내혐오시설수":0,
            "초등학교학업성취도":93.67,
            "중학교학업성취도":81.7,
            "용적률":278,
            "건폐율":12,
            "Y":35.211688,
            "X":129.086335,
            "rank":27.0,
            "area_info":"34평(112.95), 34평(113.06), 34평(114.49), 50평(165.47), 50평(166.06), 50평(167.95), 65평(217.02)",
            "last_sales":"2021-11-05,69500.0,34평(112.95)"
        },
        {
            "index":740,
            "아파트명":"온천장SK허브올리브",
            "투자타입":"일반",
            "전용면적(m2)":"35.17",
            "전용면적(평)":"10평",
            "법정동주소":"부산시 동래구 온천동 161-1",
            "도로명주소":"부산시 동래구 금강공원로 2",
            "세대수":50,
            "입주년차":40,
            "용적률점수":"--",
            "건폐율점수":"--",
            "세대당주차수":0,
            "난방방식":30,
            "공급면적":"--",
            "전용률":"--",
            "욕실수":50,
            "현관타입":100,
            "주거총점":43.5,
            "지역구공급총점":0.0,
            "역세권":"NA",
            "30분내 이동가능 거점":"NA",
            "1시간내 이동가능 거점":"NA",
            "교통총점":"NA",
            "백화점":100,
            "아울렛몰":0,
            "대형마트":100,
            "은행":100,
            "병원":80,
            "종합병원":100,
            "공원":0,
            "혐오시설":0,
            "인프라총점":83.0,
            "초등학군":93.26,
            "중학군":50.98,
            "학군총점":59.436,
            "인구수":29.7,
            "인구증감":-9.63,
            "인구총점":17.901,
            "일자리":10.4,
            "소득수준":51.37,
            "일자리총점":22.691,
            "가치 총점":63.284,
            "매매실거래년":20220112.0,
            "매매실거래가":9200.0,
            "전세실거래년":20220112.0,
            "전세실거래가":8000.0,
            "전세가율":86.96,
            "장기전세가율평균":69.64,
            "전세가율거품지수":-17.32,
            "검색코드":13046,
            "세대수":440,
            "준공년월":"2006-04-28",
            "준공년차":17,
            "가까운역이름":"NA",
            "가까운역거리":"NA",
            "역세권여부":"NA",
            "30분이내주요거점역":"NA",
            "1시간이내주요거점역":"NA",
            "3km이내백화점수":1,
            "5km이내아울렛몰수":0,
            "1km이내대형먀트수":3,
            "500m이내은행수":6,
            "500m이내병원수":34,
            "5km이내대형병원수":4,
            "500m이내공원수":0,
            "3km이내혐오시설수":0,
            "초등학교학업성취도":93.26,
            "중학교학업성취도":81.7,
            "용적률":0,
            "건폐율":64,
            "Y":35.218666,
            "X":129.084121,
            "rank":28.0,
            "area_info":"10평(35.17), 20평(66.41), 21평(70.85)",
            "last_sales":"2022-01-12,9200.0,10평(35.17)"
        },
        {
            "index":430,
            "아파트명":"새동래3차",
            "투자타입":"재건축",
            "전용면적(m2)":"53.58",
            "전용면적(평)":"16평",
            "법정동주소":"부산시 동래구 수안동 34-1",
            "도로명주소":"부산시 동래구 온천천로285번길 28",
            "세대수":0,
            "입주년차":"--",
            "용적률점수":100,
            "건폐율점수":80,
            "세대당주차수":"--",
            "난방방식":"--",
            "공급면적":50,
            "전용률":60,
            "욕실수":"--",
            "현관타입":"--",
            "주거총점":61.5,
            "지역구공급총점":0.0,
            "역세권":"NA",
            "30분내 이동가능 거점":"NA",
            "1시간내 이동가능 거점":"NA",
            "교통총점":"NA",
            "백화점":100,
            "아울렛몰":0,
            "대형마트":80,
            "은행":0,
            "병원":0,
            "종합병원":100,
            "공원":80,
            "혐오시설":0,
            "인프라총점":64.4,
            "초등학군":93.33,
            "중학군":54.68,
            "학군총점":62.41,
            "인구수":29.7,
            "인구증감":-9.63,
            "인구총점":17.901,
            "일자리":10.4,
            "소득수준":51.37,
            "일자리총점":22.691,
            "가치 총점":62.8875,
            "매매실거래년":20211203.0,
            "매매실거래가":36000.0,
            "전세실거래년":20211015.0,
            "전세실거래가":9000.0,
            "전세가율":30.51,
            "장기전세가율평균":69.64,
            "전세가율거품지수":39.13,
            "검색코드":14087,
            "세대수":200,
            "준공년월":"1981-12-15",
            "준공년차":42,
            "가까운역이름":"NA",
            "가까운역거리":"NA",
            "역세권여부":"NA",
            "30분이내주요거점역":"NA",
            "1시간이내주요거점역":"NA",
            "3km이내백화점수":1,
            "5km이내아울렛몰수":0,
            "1km이내대형먀트수":1,
            "500m이내은행수":1,
            "500m이내병원수":1,
            "5km이내대형병원수":6,
            "500m이내공원수":1,
            "3km이내혐오시설수":0,
            "초등학교학업성취도":93.33,
            "중학교학업성취도":88.4,
            "용적률":137,
            "건폐율":29,
            "Y":35.196021,
            "X":129.086368,
            "rank":29.0,
            "area_info":"16평(53.58), 19평(63.14)",
            "last_sales":"2021-12-03,36000.0,19평(63.14)"
        },
        {
            "index":48,
            "아파트명":"동래센트럴파크하이츠1차",
            "투자타입":"일반",
            "전용면적(m2)":"134.74",
            "전용면적(평)":"40평",
            "법정동주소":"부산시 동래구 명륜동 756",
            "도로명주소":"부산시 동래구 문화로 15",
            "세대수":30,
            "입주년차":60,
            "용적률점수":"--",
            "건폐율점수":"--",
            "세대당주차수":80,
            "난방방식":30,
            "공급면적":"--",
            "전용률":"--",
            "욕실수":100,
            "현관타입":100,
            "주거총점":57.5,
            "지역구공급총점":0.0,
            "역세권":"NA",
            "30분내 이동가능 거점":"NA",
            "1시간내 이동가능 거점":"NA",
            "교통총점":"NA",
            "백화점":100,
            "아울렛몰":0,
            "대형마트":100,
            "은행":20,
            "병원":30,
            "종합병원":100,
            "공원":0,
            "혐오시설":0,
            "인프라총점":70.0,
            "초등학군":93.67,
            "중학군":50.0,
            "학군총점":58.734,
            "인구수":29.7,
            "인구증감":-9.63,
            "인구총점":17.901,
            "일자리":10.4,
            "소득수준":51.37,
            "일자리총점":22.691,
            "가치 총점":62.8085,
            "매매실거래년":20211015.0,
            "매매실거래가":117800.0,
            "전세실거래년":20210827.0,
            "전세실거래가":61000.0,
            "전세가율":93.85,
            "장기전세가율평균":69.64,
            "전세가율거품지수":-24.21,
            "검색코드":26284,
            "세대수":390,
            "준공년월":"2011-01-12",
            "준공년차":12,
            "가까운역이름":"NA",
            "가까운역거리":"NA",
            "역세권여부":"NA",
            "30분이내주요거점역":"NA",
            "1시간이내주요거점역":"NA",
            "3km이내백화점수":1,
            "5km이내아울렛몰수":0,
            "1km이내대형먀트수":3,
            "500m이내은행수":2,
            "500m이내병원수":6,
            "5km이내대형병원수":5,
            "500m이내공원수":0,
            "3km이내혐오시설수":0,
            "초등학교학업성취도":93.67,
            "중학교학업성취도":82.4,
            "용적률":277,
            "건폐율":13,
            "Y":35.211788,
            "X":129.084161,
            "rank":30.0,
            "area_info":"40평(134.74), 50평(167.01), 50평(167.2), 60평(198.7)",
            "last_sales":"2021-10-15,117800.0,50평(167.01)"
        },
        {
            "index":568,
            "아파트명":"동래대우",
            "투자타입":"일반",
            "전용면적(m2)":"86.85",
            "전용면적(평)":"26평",
            "법정동주소":"부산시 동래구 온천동 1457-1",
            "도로명주소":"부산시 동래구 충렬대로140번길 32",
            "세대수":50,
            "입주년차":20,
            "용적률점수":"--",
            "건폐율점수":"--",
            "세대당주차수":0,
            "난방방식":30,
            "공급면적":"--",
            "전용률":"--",
            "욕실수":100,
            "현관타입":100,
            "주거총점":44.5,
            "지역구공급총점":0.0,
            "역세권":"NA",
            "30분내 이동가능 거점":"NA",
            "1시간내 이동가능 거점":"NA",
            "교통총점":"NA",
            "백화점":100,
            "아울렛몰":0,
            "대형마트":100,
            "은행":70,
            "병원":80,
            "종합병원":100,
            "공원":0,
            "혐오시설":0,
            "인프라총점":80.0,
            "초등학군":87.96,
            "중학군":53.64,
            "학군총점":60.504,
            "인구수":29.7,
            "인구증감":-9.63,
            "인구총점":17.901,
            "일자리":10.4,
            "소득수준":51.37,
            "일자리총점":22.691,
            "가치 총점":62.701,
            "매매실거래년":20211018.0,
            "매매실거래가":45800.0,
            "전세실거래년":20211014.0,
            "전세실거래가":28000.0,
            "전세가율":61.14,
            "장기전세가율평균":69.64,
            "전세가율거품지수":8.5,
            "검색코드":10429,
            "세대수":497,
            "준공년월":"2002-01-18",
            "준공년차":21,
            "가까운역이름":"NA",
            "가까운역거리":"NA",
            "역세권여부":"NA",
            "30분이내주요거점역":"NA",
            "1시간이내주요거점역":"NA",
            "3km이내백화점수":1,
            "5km이내아울렛몰수":0,
            "1km이내대형먀트수":3,
            "500m이내은행수":3,
            "500m이내병원수":45,
            "5km이내대형병원수":5,
            "500m이내공원수":0,
            "3km이내혐오시설수":0,
            "초등학교학업성취도":87.96,
            "중학교학업성취도":86.4,
            "용적률":263,
            "건폐율":21,
            "Y":35.20418,
            "X":129.075176,
            "rank":31.0,
            "area_info":"26평(86.85), 26평(87.88), 34평(113.65), 34평(114.86)",
            "last_sales":"2021-10-18,45800.0,26평(86.85)"
        },
        {
            "index":241,
            "아파트명":"우성베스토피아",
            "투자타입":"재건축",
            "전용면적(m2)":"106.03",
            "전용면적(평)":"32평",
            "법정동주소":"부산시 동래구 복천동 500-1",
            "도로명주소":"부산시 동래구 복천로5번길 34",
            "세대수":80,
            "입주년차":"--",
            "용적률점수":0,
            "건폐율점수":80,
            "세대당주차수":"--",
            "난방방식":"--",
            "공급면적":90,
            "전용률":80,
            "욕실수":"--",
            "현관타입":"--",
            "주거총점":48.5,
            "지역구공급총점":0.0,
            "역세권":"NA",
            "30분내 이동가능 거점":"NA",
            "1시간내 이동가능 거점":"NA",
            "교통총점":"NA",
            "백화점":100,
            "아울렛몰":0,
            "대형마트":80,
            "은행":70,
            "병원":60,
            "종합병원":100,
            "공원":100,
            "혐오시설":0,
            "인프라총점":78.0,
            "초등학군":86.92,
            "중학군":50.0,
            "학군총점":57.384,
            "인구수":29.7,
            "인구증감":-9.63,
            "인구총점":17.901,
            "일자리":10.4,
            "소득수준":51.37,
            "일자리총점":22.691,
            "가치 총점":62.521,
            "매매실거래년":20210710.0,
            "매매실거래가":59500.0,
            "전세실거래년":20211222.0,
            "전세실거래가":25000.0,
            "전세가율":42.02,
            "장기전세가율평균":69.64,
            "전세가율거품지수":27.62,
            "검색코드":4831,
            "세대수":744,
            "준공년월":"1989-02-08",
            "준공년차":34,
            "가까운역이름":"NA",
            "가까운역거리":"NA",
            "역세권여부":"NA",
            "30분이내주요거점역":"NA",
            "1시간이내주요거점역":"NA",
            "3km이내백화점수":1,
            "5km이내아울렛몰수":0,
            "1km이내대형먀트수":1,
            "500m이내은행수":4,
            "500m이내병원수":10,
            "5km이내대형병원수":5,
            "500m이내공원수":4,
            "3km이내혐오시설수":0,
            "초등학교학업성취도":86.92,
            "중학교학업성취도":82.4,
            "용적률":243,
            "건폐율":27,
            "Y":35.206761,
            "X":129.087884,
            "rank":32.0,
            "area_info":"32평(106.03), 40평(132.88), 43평(145.33), 47평(156.22), 53평(176.24), 60평(199.27), 69평(229.06), 81평(267.81)",
            "last_sales":"2021-07-10,59500.0,32평(106.03)"
        },
        {
            "index":572,
            "아파트명":"동래삼정그린코아포레스트",
            "투자타입":"일반",
            "전용면적(m2)":"111.84",
            "전용면적(평)":"33평",
            "법정동주소":"부산시 동래구 온천동 1833",
            "도로명주소":"부산시 동래구 쇠미로 153",
            "세대수":50,
            "입주년차":80,
            "용적률점수":"--",
            "건폐율점수":"--",
            "세대당주차수":30,
            "난방방식":30,
            "공급면적":"--",
            "전용률":"--",
            "욕실수":100,
            "현관타입":100,
            "주거총점":61.0,
            "지역구공급총점":0.0,
            "역세권":"NA",
            "30분내 이동가능 거점":"NA",
            "1시간내 이동가능 거점":"NA",
            "교통총점":"NA",
            "백화점":100,
            "아울렛몰":0,
            "대형마트":80,
            "은행":0,
            "병원":0,
            "종합병원":100,
            "공원":100,
            "혐오시설":0,
            "인프라총점":65.0,
            "초등학군":89.28,
            "중학군":52.5,
            "학군총점":59.856,
            "인구수":29.7,
            "인구증감":-9.63,
            "인구총점":17.901,
            "일자리":10.4,
            "소득수준":51.37,
            "일자리총점":22.691,
            "가치 총점":62.314,
            "매매실거래년":20211005.0,
            "매매실거래가":66300.0,
            "전세실거래년":20210914.0,
            "전세실거래가":45000.0,
            "전세가율":71.43,
            "장기전세가율평균":69.64,
            "전세가율거품지수":-1.79,
            "검색코드":110135,
            "세대수":582,
            "준공년월":"2018-04-27",
            "준공년차":5,
            "가까운역이름":"NA",
            "가까운역거리":"NA",
            "역세권여부":"NA",
            "30분이내주요거점역":"NA",
            "1시간이내주요거점역":"NA",
            "3km이내백화점수":1,
            "5km이내아울렛몰수":0,
            "1km이내대형먀트수":1,
            "500m이내은행수":0,
            "500m이내병원수":1,
            "5km이내대형병원수":6,
            "500m이내공원수":4,
            "3km이내혐오시설수":0,
            "초등학교학업성취도":89.28,
            "중학교학업성취도":85.3,
            "용적률":257,
            "건폐율":18,
            "Y":35.20497,
            "X":129.060841,
            "rank":33.0,
            "area_info":"33평(111.84), 33평(111.7), 33평(111.86), 34평(112.59), 33평(112.34)",
            "last_sales":"2021-10-05,66300.0,34평(112.59)"
        },
        {
            "index":734,
            "아파트명":"온천유림노르웨이숲",
            "투자타입":"일반",
            "전용면적(m2)":"98.96",
            "전용면적(평)":"29평",
            "법정동주소":"부산시 동래구 온천동 460-6",
            "도로명주소":"부산시 동래구 중앙대로 1453",
            "세대수":0,
            "입주년차":80,
            "용적률점수":"--",
            "건폐율점수":"--",
            "세대당주차수":30,
            "난방방식":30,
            "공급면적":"--",
            "전용률":"--",
            "욕실수":100,
            "현관타입":100,
            "주거총점":43.5,
            "지역구공급총점":0.0,
            "역세권":"NA",
            "30분내 이동가능 거점":"NA",
            "1시간내 이동가능 거점":"NA",
            "교통총점":"NA",
            "백화점":100,
            "아울렛몰":0,
            "대형마트":100,
            "은행":70,
            "병원":60,
            "종합병원":100,
            "공원":0,
            "혐오시설":0,
            "인프라총점":78.0,
            "초등학군":93.26,
            "중학군":54.68,
            "학군총점":62.396,
            "인구수":29.7,
            "인구증감":-9.63,
            "인구총점":17.901,
            "일자리":10.4,
            "소득수준":51.37,
            "일자리총점":22.691,
            "가치 총점":62.024,
            "매매실거래년":20210924.0,
            "매매실거래가":60300.0,
            "전세실거래년":20191016.0,
            "전세실거래가":25000.0,
            "전세가율":55.56,
            "장기전세가율평균":69.64,
            "전세가율거품지수":14.08,
            "검색코드":109594,
            "세대수":241,
            "준공년월":"2018-01-01",
            "준공년차":5,
            "가까운역이름":"NA",
            "가까운역거리":"NA",
            "역세권여부":"NA",
            "30분이내주요거점역":"NA",
            "1시간이내주요거점역":"NA",
            "3km이내백화점수":1,
            "5km이내아울렛몰수":0,
            "1km이내대형먀트수":3,
            "500m이내은행수":4,
            "500m이내병원수":19,
            "5km이내대형병원수":4,
            "500m이내공원수":0,
            "3km이내혐오시설수":0,
            "초등학교학업성취도":93.26,
            "중학교학업성취도":88.2,
            "용적률":881,
            "건폐율":57,
            "Y":35.216379,
            "X":129.081978,
            "rank":34.0,
            "area_info":"29평(98.96), 29평(98.74), 29평(99.08), 30평(100.27), 30평(101.69), 31평(103.59)",
            "last_sales":"2021-09-24,60300.0,31평(103.59)"
        },
        {
            "index":68,
            "아파트명":"명륜2차아이파크2단지",
            "투자타입":"일반",
            "전용면적(m2)":"113.95",
            "전용면적(평)":"34평",
            "법정동주소":"부산시 동래구 명륜동 788",
            "도로명주소":"부산시 동래구 시실로 73-6",
            "세대수":50,
            "입주년차":80,
            "용적률점수":"--",
            "건폐율점수":"--",
            "세대당주차수":30,
            "난방방식":30,
            "공급면적":"--",
            "전용률":"--",
            "욕실수":100,
            "현관타입":100,
            "주거총점":61.0,
            "지역구공급총점":0.0,
            "역세권":"NA",
            "30분내 이동가능 거점":"NA",
            "1시간내 이동가능 거점":"NA",
            "교통총점":"NA",
            "백화점":100,
            "아울렛몰":0,
            "대형마트":80,
            "은행":0,
            "병원":0,
            "종합병원":100,
            "공원":80,
            "혐오시설":0,
            "인프라총점":64.4,
            "초등학군":88.31,
            "중학군":50.98,
            "학군총점":58.446,
            "인구수":29.7,
            "인구증감":-9.63,
            "인구총점":17.901,
            "일자리":10.4,
            "소득수준":51.37,
            "일자리총점":22.691,
            "가치 총점":61.7215,
            "매매실거래년":20211030.0,
            "매매실거래가":75800.0,
            "전세실거래년":20211206.0,
            "전세실거래가":40000.0,
            "전세가율":58.39,
            "장기전세가율평균":69.64,
            "전세가율거품지수":11.25,
            "검색코드":105815,
            "세대수":449,
            "준공년월":"2015-11-30",
            "준공년차":8,
            "가까운역이름":"NA",
            "가까운역거리":"NA",
            "역세권여부":"NA",
            "30분이내주요거점역":"NA",
            "1시간이내주요거점역":"NA",
            "3km이내백화점수":1,
            "5km이내아울렛몰수":0,
            "1km이내대형먀트수":1,
            "500m이내은행수":0,
            "500m이내병원수":0,
            "5km이내대형병원수":4,
            "500m이내공원수":1,
            "3km이내혐오시설수":0,
            "초등학교학업성취도":88.31,
            "중학교학업성취도":81.7,
            "용적률":258,
            "건폐율":14,
            "Y":35.214425,
            "X":129.091359,
            "rank":35.0,
            "area_info":"34평(113.95), 34평(114.07), 34평(115.28), 42평(139.64), 42평(140.1)",
            "last_sales":"2021-10-30,75800.0,34평(115.28)"
        },
        {
            "index":271,
            "아파트명":"동원(139-5)",
            "투자타입":"재건축",
            "전용면적(m2)":"50.24",
            "전용면적(평)":"15평",
            "법정동주소":"부산시 동래구 사직동 139-5",
            "도로명주소":"부산시 동래구 여고북로 140",
            "세대수":0,
            "입주년차":"--",
            "용적률점수":80,
            "건폐율점수":60,
            "세대당주차수":"--",
            "난방방식":"--",
            "공급면적":50,
            "전용률":80,
            "욕실수":"--",
            "현관타입":"--",
            "주거총점":50.5,
            "지역구공급총점":0.0,
            "역세권":"NA",
            "30분내 이동가능 거점":"NA",
            "1시간내 이동가능 거점":"NA",
            "교통총점":"NA",
            "백화점":100,
            "아울렛몰":0,
            "대형마트":80,
            "은행":0,
            "병원":60,
            "종합병원":100,
            "공원":80,
            "혐오시설":0,
            "인프라총점":70.4,
            "초등학군":94.11,
            "중학군":53.64,
            "학군총점":61.734,
            "인구수":29.7,
            "인구증감":-9.63,
            "인구총점":17.901,
            "일자리":10.4,
            "소득수준":51.37,
            "일자리총점":22.691,
            "가치 총점":61.2685,
            "매매실거래년":20210826.0,
            "매매실거래가":26000.0,
            "전세실거래년":20201222.0,
            "전세실거래가":10000.0,
            "전세가율":83.33,
            "장기전세가율평균":69.64,
            "전세가율거품지수":-13.69,
            "검색코드":4837,
            "세대수":140,
            "준공년월":"1980-09-29",
            "준공년차":43,
            "가까운역이름":"NA",
            "가까운역거리":"NA",
            "역세권여부":"NA",
            "30분이내주요거점역":"NA",
            "1시간이내주요거점역":"NA",
            "3km이내백화점수":1,
            "5km이내아울렛몰수":0,
            "1km이내대형먀트수":1,
            "500m이내은행수":1,
            "500m이내병원수":13,
            "5km이내대형병원수":5,
            "500m이내공원수":1,
            "3km이내혐오시설수":0,
            "초등학교학업성취도":94.11,
            "중학교학업성취도":86.4,
            "용적률":152,
            "건폐율":32,
            "Y":35.201243,
            "X":129.072908,
            "rank":36.0,
            "area_info":"15평(50.24), 15평(50.25), 18평(59.85), 18평(59.83), 18평(59.84), 19평(65.88), 19평(65.87), 20평(67.91), 22평(74.75), 22평(74.74)",
            "last_sales":"2021-08-26,26000.0,20평(67.91)"
        },
        {
            "index":19,
            "아파트명":"온천천경동리인타워1차",
            "투자타입":"일반",
            "전용면적(m2)":"95.27",
            "전용면적(평)":"28평",
            "법정동주소":"부산시 동래구 낙민동 327",
            "도로명주소":"부산시 동래구 수안로8번길 62",
            "세대수":30,
            "입주년차":100,
            "용적률점수":"--",
            "건폐율점수":"--",
            "세대당주차수":30,
            "난방방식":30,
            "공급면적":"--",
            "전용률":"--",
            "욕실수":100,
            "현관타입":100,
            "주거총점":58.0,
            "지역구공급총점":0.0,
            "역세권":"NA",
            "30분내 이동가능 거점":"NA",
            "1시간내 이동가능 거점":"NA",
            "교통총점":"NA",
            "백화점":100,
            "아울렛몰":0,
            "대형마트":80,
            "은행":0,
            "병원":10,
            "종합병원":100,
            "공원":100,
            "혐오시설":0,
            "인프라총점":66.0,
            "초등학군":93.33,
            "중학군":46.7,
            "학군총점":56.026,
            "인구수":29.7,
            "인구증감":-9.63,
            "인구총점":17.901,
            "일자리":10.4,
            "소득수준":51.37,
            "일자리총점":22.691,
            "가치 총점":60.7065,
            "매매실거래년":20210805.0,
            "매매실거래가":75000.0,
            "전세실거래년":20211108.0,
            "전세실거래가":43000.0,
            "전세가율":57.33,
            "장기전세가율평균":69.64,
            "전세가율거품지수":12.31,
            "검색코드":112000,
            "세대수":310,
            "준공년월":"2019-05-30",
            "준공년차":4,
            "가까운역이름":"NA",
            "가까운역거리":"NA",
            "역세권여부":"NA",
            "30분이내주요거점역":"NA",
            "1시간이내주요거점역":"NA",
            "3km이내백화점수":1,
            "5km이내아울렛몰수":0,
            "1km이내대형먀트수":1,
            "500m이내은행수":1,
            "500m이내병원수":3,
            "5km이내대형병원수":6,
            "500m이내공원수":3,
            "3km이내혐오시설수":0,
            "초등학교학업성취도":93.33,
            "중학교학업성취도":75.7,
            "용적률":670,
            "건폐율":32,
            "Y":35.19443,
            "X":129.091183,
            "rank":37.0,
            "area_info":"28평(95.27), 35평(116.44), 35평(116.04), 35평(116.72), 35평(116.03)",
            "last_sales":"2021-08-05,75000.0,28평(95.27)"
        },
        {
            "index":238,
            "아파트명":"명륜아이파크2단지",
            "투자타입":"일반",
            "전용면적(m2)":"115.69",
            "전용면적(평)":"34평",
            "법정동주소":"부산시 동래구 복천동 561",
            "도로명주소":"부산시 동래구 동래로 117",
            "세대수":0,
            "입주년차":60,
            "용적률점수":"--",
            "건폐율점수":"--",
            "세대당주차수":30,
            "난방방식":30,
            "공급면적":"--",
            "전용률":"--",
            "욕실수":100,
            "현관타입":100,
            "주거총점":39.5,
            "지역구공급총점":0.0,
            "역세권":"NA",
            "30분내 이동가능 거점":"NA",
            "1시간내 이동가능 거점":"NA",
            "교통총점":"NA",
            "백화점":100,
            "아울렛몰":0,
            "대형마트":80,
            "은행":100,
            "병원":60,
            "종합병원":100,
            "공원":80,
            "혐오시설":0,
            "인프라총점":80.4,
            "초등학군":93.67,
            "중학군":50.0,
            "학군총점":58.734,
            "인구수":29.7,
            "인구증감":-9.63,
            "인구총점":17.901,
            "일자리":10.4,
            "소득수준":51.37,
            "일자리총점":22.691,
            "가치 총점":60.6685,
            "매매실거래년":20210320.0,
            "매매실거래가":68700.0,
            "전세실거래년":20210624.0,
            "전세실거래가":48000.0,
            "전세가율":69.87,
            "장기전세가율평균":69.64,
            "전세가율거품지수":-0.23,
            "검색코드":103344,
            "세대수":270,
            "준공년월":"2013-12-30",
            "준공년차":10,
            "가까운역이름":"NA",
            "가까운역거리":"NA",
            "역세권여부":"NA",
            "30분이내주요거점역":"NA",
            "1시간이내주요거점역":"NA",
            "3km이내백화점수":1,
            "5km이내아울렛몰수":0,
            "1km이내대형먀트수":1,
            "500m이내은행수":5,
            "500m이내병원수":16,
            "5km이내대형병원수":5,
            "500m이내공원수":1,
            "3km이내혐오시설수":0,
            "초등학교학업성취도":93.67,
            "중학교학업성취도":82.4,
            "용적률":202,
            "건폐율":21,
            "Y":35.206516,
            "X":129.086035,
            "rank":38.0,
            "area_info":"34평(115.69), 34평(115.58), 44평(146.4)",
            "last_sales":"2021-03-20,68700.0,34평(115.69)"
        },
        {
            "index":401,
            "아파트명":"한신",
            "투자타입":"일반",
            "전용면적(m2)":"79.93",
            "전용면적(평)":"24평",
            "법정동주소":"부산시 동래구 사직동 597",
            "도로명주소":"부산시 동래구 쇠미로81번길 33",
            "세대수":80,
            "입주년차":20,
            "용적률점수":"--",
            "건폐율점수":"--",
            "세대당주차수":30,
            "난방방식":30,
            "공급면적":"--",
            "전용률":"--",
            "욕실수":50,
            "현관타입":100,
            "주거총점":54.5,
            "지역구공급총점":0.0,
            "역세권":"NA",
            "30분내 이동가능 거점":"NA",
            "1시간내 이동가능 거점":"NA",
            "교통총점":"NA",
            "백화점":100,
            "아울렛몰":0,
            "대형마트":80,
            "은행":0,
            "병원":0,
            "종합병원":100,
            "공원":100,
            "혐오시설":0,
            "인프라총점":65.0,
            "초등학군":95.24,
            "중학군":54.1,
            "학군총점":62.328,
            "인구수":29.7,
            "인구증감":-9.63,
            "인구총점":17.901,
            "일자리":10.4,
            "소득수준":51.37,
            "일자리총점":22.691,
            "가치 총점":60.657,
            "매매실거래년":20211209.0,
            "매매실거래가":22800.0,
            "전세실거래년":20211129.0,
            "전세실거래가":21000.0,
            "전세가율":92.11,
            "장기전세가율평균":69.64,
            "전세가율거품지수":-22.47,
            "검색코드":4868,
            "세대수":710,
            "준공년월":"1999-03-31",
            "준공년차":24,
            "가까운역이름":"NA",
            "가까운역거리":"NA",
            "역세권여부":"NA",
            "30분이내주요거점역":"NA",
            "1시간이내주요거점역":"NA",
            "3km이내백화점수":1,
            "5km이내아울렛몰수":0,
            "1km이내대형먀트수":1,
            "500m이내은행수":0,
            "500m이내병원수":1,
            "5km이내대형병원수":8,
            "500m이내공원수":2,
            "3km이내혐오시설수":0,
            "초등학교학업성취도":95.24,
            "중학교학업성취도":86.9,
            "용적률":290,
            "건폐율":22,
            "Y":35.201293,
            "X":129.052867,
            "rank":39.0,
            "area_info":"24평(79.93), 24평(80.08), 24평(80.17), 32평(107.83), 46평(152.17), 61평(204.92)",
            "last_sales":"2021-12-09,22800.0,24평(79.93)"
        },
        {
            "index":344,
            "아파트명":"사직삼정그린코아2차",
            "투자타입":"일반",
            "전용면적(m2)":"63.74",
            "전용면적(평)":"19평",
            "법정동주소":"부산시 동래구 사직동 590-3",
            "도로명주소":"부산시 동래구 쇠미로81번길 22",
            "세대수":50,
            "입주년차":40,
            "용적률점수":"--",
            "건폐율점수":"--",
            "세대당주차수":60,
            "난방방식":30,
            "공급면적":"--",
            "전용률":"--",
            "욕실수":50,
            "현관타입":100,
            "주거총점":52.5,
            "지역구공급총점":0.0,
            "역세권":"NA",
            "30분내 이동가능 거점":"NA",
            "1시간내 이동가능 거점":"NA",
            "교통총점":"NA",
            "백화점":100,
            "아울렛몰":0,
            "대형마트":80,
            "은행":0,
            "병원":10,
            "종합병원":100,
            "공원":100,
            "혐오시설":0,
            "인프라총점":66.0,
            "초등학군":95.24,
            "중학군":54.1,
            "학군총점":62.328,
            "인구수":29.7,
            "인구증감":-9.63,
            "인구총점":17.901,
            "일자리":10.4,
            "소득수준":51.37,
            "일자리총점":22.691,
            "가치 총점":60.357,
            "매매실거래년":20210619.0,
            "매매실거래가":50000.0,
            "전세실거래년":20210520.0,
            "전세실거래가":14000.0,
            "전세가율":71.79,
            "장기전세가율평균":69.64,
            "전세가율거품지수":-2.15,
            "검색코드":14301,
            "세대수":560,
            "준공년월":"2006-08-07",
            "준공년차":17,
            "가까운역이름":"NA",
            "가까운역거리":"NA",
            "역세권여부":"NA",
            "30분이내주요거점역":"NA",
            "1시간이내주요거점역":"NA",
            "3km이내백화점수":1,
            "5km이내아울렛몰수":0,
            "1km이내대형먀트수":1,
            "500m이내은행수":0,
            "500m이내병원수":2,
            "5km이내대형병원수":8,
            "500m이내공원수":3,
            "3km이내혐오시설수":0,
            "초등학교학업성취도":95.24,
            "중학교학업성취도":86.9,
            "용적률":281,
            "건폐율":15,
            "Y":35.20255,
            "X":129.054487,
            "rank":40.0,
            "area_info":"19평(63.74), 31평(104.01), 33평(110.95), 33평(110.95), 37평(122.49), 43평(144.03), 43평(144.71), 49평(163.8), 57평(190.16)",
            "last_sales":"2021-06-19,50000.0,49평(163.8)"
        },
        {
            "index":338,
            "아파트명":"사직삼정그린코아1차",
            "투자타입":"일반",
            "전용면적(m2)":"77.24",
            "전용면적(평)":"23평",
            "법정동주소":"부산시 동래구 사직동 981-100",
            "도로명주소":"부산시 동래구 쇠미로 37",
            "세대수":80,
            "입주년차":0,
            "용적률점수":"--",
            "건폐율점수":"--",
            "세대당주차수":30,
            "난방방식":30,
            "공급면적":"--",
            "전용률":"--",
            "욕실수":50,
            "현관타입":100,
            "주거총점":50.5,
            "지역구공급총점":0.0,
            "역세권":"NA",
            "30분내 이동가능 거점":"NA",
            "1시간내 이동가능 거점":"NA",
            "교통총점":"NA",
            "백화점":100,
            "아울렛몰":0,
            "대형마트":80,
            "은행":0,
            "병원":30,
            "종합병원":100,
            "공원":80,
            "혐오시설":0,
            "인프라총점":67.4,
            "초등학군":95.24,
            "중학군":54.1,
            "학군총점":62.328,
            "인구수":29.7,
            "인구증감":-9.63,
            "인구총점":17.901,
            "일자리":10.4,
            "소득수준":51.37,
            "일자리총점":22.691,
            "가치 총점":60.217,
            "매매실거래년":20211215.0,
            "매매실거래가":32000.0,
            "전세실거래년":20211223.0,
            "전세실거래가":18500.0,
            "전세가율":74.0,
            "장기전세가율평균":69.64,
            "전세가율거품지수":-4.36,
            "검색코드":4841,
            "세대수":874,
            "준공년월":"1998-07-25",
            "준공년차":25,
            "가까운역이름":"NA",
            "가까운역거리":"NA",
            "역세권여부":"NA",
            "30분이내주요거점역":"NA",
            "1시간이내주요거점역":"NA",
            "3km이내백화점수":1,
            "5km이내아울렛몰수":0,
            "1km이내대형먀트수":1,
            "500m이내은행수":1,
            "500m이내병원수":7,
            "5km이내대형병원수":8,
            "500m이내공원수":1,
            "3km이내혐오시설수":0,
            "초등학교학업성취도":95.24,
            "중학교학업성취도":86.9,
            "용적률":329,
            "건폐율":24,
            "Y":35.19788,
            "X":129.052505,
            "rank":41.0,
            "area_info":"23평(77.24), 23평(77.27), 28평(93.6), 31평(104.07), 42평(141.49), 52평(174.23)",
            "last_sales":"2021-12-15,32000.0,31평(104.07)"
        },
        {
            "index":453,
            "아파트명":"한진",
            "투자타입":"일반",
            "전용면적(m2)":"81.93",
            "전용면적(평)":"24평",
            "법정동주소":"부산시 동래구 수안동 666-1",
            "도로명주소":"부산시 동래구 충렬대로200번길 25",
            "세대수":50,
            "입주년차":0,
            "용적률점수":"--",
            "건폐율점수":"--",
            "세대당주차수":0,
            "난방방식":30,
            "공급면적":"--",
            "전용률":"--",
            "욕실수":50,
            "현관타입":100,
            "주거총점":35.5,
            "지역구공급총점":0.0,
            "역세권":"NA",
            "30분내 이동가능 거점":"NA",
            "1시간내 이동가능 거점":"NA",
            "교통총점":"NA",
            "백화점":100,
            "아울렛몰":0,
            "대형마트":80,
            "은행":70,
            "병원":100,
            "종합병원":100,
            "공원":80,
            "혐오시설":0,
            "인프라총점":81.4,
            "초등학군":89.32,
            "중학군":53.64,
            "학군총점":60.776,
            "인구수":29.7,
            "인구증감":-9.63,
            "인구총점":17.901,
            "일자리":10.4,
            "소득수준":51.37,
            "일자리총점":22.691,
            "가치 총점":60.179,
            "매매실거래년":20211008.0,
            "매매실거래가":45000.0,
            "전세실거래년":20211209.0,
            "전세실거래가":18900.0,
            "전세가율":42.0,
            "장기전세가율평균":69.64,
            "전세가율거품지수":27.64,
            "검색코드":4886,
            "세대수":499,
            "준공년월":"1996-09-20",
            "준공년차":27,
            "가까운역이름":"NA",
            "가까운역거리":"NA",
            "역세권여부":"NA",
            "30분이내주요거점역":"NA",
            "1시간이내주요거점역":"NA",
            "3km이내백화점수":1,
            "5km이내아울렛몰수":0,
            "1km이내대형먀트수":1,
            "500m이내은행수":4,
            "500m이내병원수":72,
            "5km이내대형병원수":5,
            "500m이내공원수":1,
            "3km이내혐오시설수":0,
            "초등학교학업성취도":89.32,
            "중학교학업성취도":86.4,
            "용적률":332,
            "건폐율":20,
            "Y":35.20216,
            "X":129.080333,
            "rank":42.0,
            "area_info":"24평(81.93), 26평(87.34), 31평(105.34)",
            "last_sales":"2021-10-08,45000.0,24평(81.93)"
        },
        {
            "index":760,
            "아파트명":"협성스카이라인80",
            "투자타입":"일반",
            "전용면적(m2)":"34.81",
            "전용면적(평)":"10평",
            "법정동주소":"부산시 동래구 온천동 172-35",
            "도로명주소":"부산시 동래구 중앙대로1473번길 14-12",
            "세대수":50,
            "입주년차":40,
            "용적률점수":"--",
            "건폐율점수":"--",
            "세대당주차수":0,
            "난방방식":30,
            "공급면적":"--",
            "전용률":"--",
            "욕실수":50,
            "현관타입":10,
            "주거총점":34.5,
            "지역구공급총점":0.0,
            "역세권":"NA",
            "30분내 이동가능 거점":"NA",
            "1시간내 이동가능 거점":"NA",
            "교통총점":"NA",
            "백화점":100,
            "아울렛몰":0,
            "대형마트":100,
            "은행":100,
            "병원":80,
            "종합병원":100,
            "공원":0,
            "혐오시설":0,
            "인프라총점":83.0,
            "초등학군":93.26,
            "중학군":50.98,
            "학군총점":59.436,
            "인구수":29.7,
            "인구증감":-9.63,
            "인구총점":17.901,
            "일자리":10.4,
            "소득수준":51.37,
            "일자리총점":22.691,
            "가치 총점":60.134,
            "매매실거래년":20211209.0,
            "매매실거래가":8400.0,
            "전세실거래년":20210126.0,
            "전세실거래가":6800.0,
            "전세가율":97.14,
            "장기전세가율평균":69.64,
            "전세가율거품지수":-27.5,
            "검색코드":19686,
            "세대수":440,
            "준공년월":"2004-09-03",
            "준공년차":19,
            "가까운역이름":"NA",
            "가까운역거리":"NA",
            "역세권여부":"NA",
            "30분이내주요거점역":"NA",
            "1시간이내주요거점역":"NA",
            "3km이내백화점수":1,
            "5km이내아울렛몰수":0,
            "1km이내대형먀트수":3,
            "500m이내은행수":6,
            "500m이내병원수":34,
            "5km이내대형병원수":4,
            "500m이내공원수":0,
            "3km이내혐오시설수":0,
            "초등학교학업성취도":93.26,
            "중학교학업성취도":81.7,
            "용적률":0,
            "건폐율":76,
            "Y":35.218059,
            "X":129.083454,
            "rank":43.0,
            "area_info":"10평(34.81), 11평(36.48), 11평(37.2), 12평(42.83)",
            "last_sales":"2021-12-09,8400.0,11평(37.2)"
        },
        {
            "index":541,
            "아파트명":"궁전아이브",
            "투자타입":"일반",
            "전용면적(m2)":"86.33",
            "전용면적(평)":"26평",
            "법정동주소":"부산시 동래구 온천동 1444-1",
            "도로명주소":"부산시 동래구 충렬대로100번길 7",
            "세대수":0,
            "입주년차":40,
            "용적률점수":"--",
            "건폐율점수":"--",
            "세대당주차수":30,
            "난방방식":30,
            "공급면적":"--",
            "전용률":"--",
            "욕실수":100,
            "현관타입":100,
            "주거총점":35.5,
            "지역구공급총점":0.0,
            "역세권":"NA",
            "30분내 이동가능 거점":"NA",
            "1시간내 이동가능 거점":"NA",
            "교통총점":"NA",
            "백화점":100,
            "아울렛몰":0,
            "대형마트":100,
            "은행":70,
            "병원":60,
            "종합병원":100,
            "공원":100,
            "혐오시설":0,
            "인프라총점":81.0,
            "초등학군":87.96,
            "중학군":53.64,
            "학군총점":60.504,
            "인구수":29.7,
            "인구증감":-9.63,
            "인구총점":17.901,
            "일자리":10.4,
            "소득수준":51.37,
            "일자리총점":22.691,
            "가치 총점":59.951,
            "매매실거래년":20210125.0,
            "매매실거래가":28000.0,
            "전세실거래년":null,
            "전세실거래가":null,
            "전세가율":null,
            "장기전세가율평균":69.64,
            "전세가율거품지수":null,
            "검색코드":26620,
            "세대수":100,
            "준공년월":"2005-10-14",
            "준공년차":18,
            "가까운역이름":"NA",
            "가까운역거리":"NA",
            "역세권여부":"NA",
            "30분이내주요거점역":"NA",
            "1시간이내주요거점역":"NA",
            "3km이내백화점수":1,
            "5km이내아울렛몰수":0,
            "1km이내대형먀트수":3,
            "500m이내은행수":4,
            "500m이내병원수":24,
            "5km이내대형병원수":5,
            "500m이내공원수":2,
            "3km이내혐오시설수":0,
            "초등학교학업성취도":87.96,
            "중학교학업성취도":86.4,
            "용적률":0,
            "건폐율":84,
            "Y":35.20658,
            "X":129.071792,
            "rank":44.0,
            "area_info":"26평(86.33), 26평(87.07), 29평(97.8), 30평(102.14), 31평(103.06), 31평(104.81)",
            "last_sales":"2021-01-25,28000.0,31평(104.81)"
        },
        {
            "index":565,
            "아파트명":"동래SK뷰2차",
            "투자타입":"일반",
            "전용면적(m2)":"162.55",
            "전용면적(평)":"49평",
            "법정동주소":"부산시 동래구 온천동 423-2",
            "도로명주소":"부산시 동래구 금강로 48",
            "세대수":0,
            "입주년차":40,
            "용적률점수":"--",
            "건폐율점수":"--",
            "세대당주차수":80,
            "난방방식":30,
            "공급면적":"--",
            "전용률":"--",
            "욕실수":100,
            "현관타입":50,
            "주거총점":38.0,
            "지역구공급총점":0.0,
            "역세권":"NA",
            "30분내 이동가능 거점":"NA",
            "1시간내 이동가능 거점":"NA",
            "교통총점":"NA",
            "백화점":100,
            "아울렛몰":0,
            "대형마트":100,
            "은행":20,
            "병원":60,
            "종합병원":100,
            "공원":100,
            "혐오시설":0,
            "인프라총점":76.0,
            "초등학군":93.26,
            "중학군":54.68,
            "학군총점":62.396,
            "인구수":29.7,
            "인구증감":-9.63,
            "인구총점":17.901,
            "일자리":10.4,
            "소득수준":51.37,
            "일자리총점":22.691,
            "가치 총점":59.299,
            "매매실거래년":20210529.0,
            "매매실거래가":115000.0,
            "전세실거래년":20201226.0,
            "전세실거래가":65000.0,
            "전세가율":81.25,
            "장기전세가율평균":69.64,
            "전세가율거품지수":-11.61,
            "검색코드":26278,
            "세대수":190,
            "준공년월":"2008-11-17",
            "준공년차":15,
            "가까운역이름":"NA",
            "가까운역거리":"NA",
            "역세권여부":"NA",
            "30분이내주요거점역":"NA",
            "1시간이내주요거점역":"NA",
            "3km이내백화점수":1,
            "5km이내아울렛몰수":0,
            "1km이내대형먀트수":2,
            "500m이내은행수":2,
            "500m이내병원수":24,
            "5km이내대형병원수":5,
            "500m이내공원수":3,
            "3km이내혐오시설수":0,
            "초등학교학업성취도":93.26,
            "중학교학업성취도":88.2,
            "용적률":296,
            "건폐율":20,
            "Y":35.213523,
            "X":129.076595,
            "rank":45.0,
            "area_info":"49평(162.55), 59평(197.06), 59평(198.24)",
            "last_sales":"2021-05-29,115000.0,59평(198.24)"
        },
        {
            "index":220,
            "아파트명":"조양",
            "투자타입":"재건축",
            "전용면적(m2)":"62.28",
            "전용면적(평)":"18평",
            "법정동주소":"부산시 동래구 명장동 24-1",
            "도로명주소":"부산시 동래구 반송로273번길 2",
            "세대수":30,
            "입주년차":"--",
            "용적률점수":80,
            "건폐율점수":60,
            "세대당주차수":"--",
            "난방방식":"--",
            "공급면적":50,
            "전용률":80,
            "욕실수":"--",
            "현관타입":"--",
            "주거총점":59.5,
            "지역구공급총점":0.0,
            "역세권":"NA",
            "30분내 이동가능 거점":"NA",
            "1시간내 이동가능 거점":"NA",
            "교통총점":"NA",
            "백화점":100,
            "아울렛몰":0,
            "대형마트":0,
            "은행":20,
            "병원":60,
            "종합병원":100,
            "공원":100,
            "혐오시설":0,
            "인프라총점":61.0,
            "초등학군":89.18,
            "중학군":47.32,
            "학군총점":55.692,
            "인구수":29.7,
            "인구증감":-9.63,
            "인구총점":17.901,
            "일자리":10.4,
            "소득수준":51.37,
            "일자리총점":22.691,
            "가치 총점":59.148,
            "매매실거래년":20210930.0,
            "매매실거래가":47500.0,
            "전세실거래년":20210612.0,
            "전세실거래가":13000.0,
            "전세가율":28.89,
            "장기전세가율평균":69.64,
            "전세가율거품지수":40.75,
            "검색코드":4829,
            "세대수":380,
            "준공년월":"1983-10-22",
            "준공년차":40,
            "가까운역이름":"NA",
            "가까운역거리":"NA",
            "역세권여부":"NA",
            "30분이내주요거점역":"NA",
            "1시간이내주요거점역":"NA",
            "3km이내백화점수":1,
            "5km이내아울렛몰수":0,
            "1km이내대형먀트수":0,
            "500m이내은행수":2,
            "500m이내병원수":17,
            "5km이내대형병원수":5,
            "500m이내공원수":2,
            "3km이내혐오시설수":0,
            "초등학교학업성취도":89.18,
            "중학교학업성취도":77.8,
            "용적률":161,
            "건폐율":34,
            "Y":35.205353,
            "X":129.101021,
            "rank":46.0,
            "area_info":"18평(62.28), 19평(65.16), 20평(68.04), 27평(92.22)",
            "last_sales":"2021-09-30,47500.0,19평(65.16)"
        },
        {
            "index":456,
            "아파트명":"강변뜨란채",
            "투자타입":"일반",
            "전용면적(m2)":"82.3",
            "전용면적(평)":"24평",
            "법정동주소":"부산시 동래구 안락동 1251",
            "도로명주소":"부산시 동래구 안남로 79",
            "세대수":80,
            "입주년차":40,
            "용적률점수":"--",
            "건폐율점수":"--",
            "세대당주차수":30,
            "난방방식":30,
            "공급면적":"--",
            "전용률":"--",
            "욕실수":50,
            "현관타입":100,
            "주거총점":58.5,
            "지역구공급총점":0.0,
            "역세권":"NA",
            "30분내 이동가능 거점":"NA",
            "1시간내 이동가능 거점":"NA",
            "교통총점":"NA",
            "백화점":100,
            "아울렛몰":0,
            "대형마트":0,
            "은행":0,
            "병원":60,
            "종합병원":100,
            "공원":80,
            "혐오시설":0,
            "인프라총점":58.4,
            "초등학군":90.66,
            "중학군":53.52,
            "학군총점":60.948,
            "인구수":29.7,
            "인구증감":-9.63,
            "인구총점":17.901,
            "일자리":10.4,
            "소득수준":51.37,
            "일자리총점":22.691,
            "가치 총점":59.072,
            "매매실거래년":20211202.0,
            "매매실거래가":48800.0,
            "전세실거래년":20220104.0,
            "전세실거래가":23000.0,
            "전세가율":47.13,
            "장기전세가율평균":69.64,
            "전세가율거품지수":22.51,
            "검색코드":19241,
            "세대수":814,
            "준공년월":"2006-04-28",
            "준공년차":17,
            "가까운역이름":"NA",
            "가까운역거리":"NA",
            "역세권여부":"NA",
            "30분이내주요거점역":"NA",
            "1시간이내주요거점역":"NA",
            "3km이내백화점수":1,
            "5km이내아울렛몰수":0,
            "1km이내대형먀트수":0,
            "500m이내은행수":1,
            "500m이내병원수":27,
            "5km이내대형병원수":6,
            "500m이내공원수":1,
            "3km이내혐오시설수":0,
            "초등학교학업성취도":90.66,
            "중학교학업성취도":86.4,
            "용적률":191,
            "건폐율":13,
            "Y":35.19515,
            "X":129.100961,
            "rank":47.0,
            "area_info":"24평(82.3), 30평(102.15), 34평(115.56)",
            "last_sales":"2021-12-02,48800.0,24평(82.3)"
        },
        {
            "index":156,
            "아파트명":"동래동일스위트",
            "투자타입":"일반",
            "전용면적(m2)":"89.42",
            "전용면적(평)":"27평",
            "법정동주소":"부산시 동래구 명장동 617",
            "도로명주소":"부산시 동래구 시실로 119",
            "세대수":80,
            "입주년차":80,
            "용적률점수":"--",
            "건폐율점수":"--",
            "세대당주차수":30,
            "난방방식":30,
            "공급면적":"--",
            "전용률":"--",
            "욕실수":100,
            "현관타입":100,
            "주거총점":71.5,
            "지역구공급총점":0.0,
            "역세권":"NA",
            "30분내 이동가능 거점":"NA",
            "1시간내 이동가능 거점":"NA",
            "교통총점":"NA",
            "백화점":100,
            "아울렛몰":0,
            "대형마트":0,
            "은행":0,
            "병원":0,
            "종합병원":100,
            "공원":100,
            "혐오시설":0,
            "인프라총점":53.0,
            "초등학군":89.18,
            "중학군":41.52,
            "학군총점":51.052,
            "인구수":29.7,
            "인구증감":-9.63,
            "인구총점":17.901,
            "일자리":10.4,
            "소득수준":51.37,
            "일자리총점":22.691,
            "가치 총점":58.988,
            "매매실거래년":20210904.0,
            "매매실거래가":49500.0,
            "전세실거래년":20211229.0,
            "전세실거래가":24150.0,
            "전세가율":48.79,
            "장기전세가율평균":69.64,
            "전세가율거품지수":20.85,
            "검색코드":110858,
            "세대수":702,
            "준공년월":"2018-02-02",
            "준공년차":5,
            "가까운역이름":"NA",
            "가까운역거리":"NA",
            "역세권여부":"NA",
            "30분이내주요거점역":"NA",
            "1시간이내주요거점역":"NA",
            "3km이내백화점수":1,
            "5km이내아울렛몰수":0,
            "1km이내대형먀트수":0,
            "500m이내은행수":0,
            "500m이내병원수":0,
            "5km이내대형병원수":4,
            "500m이내공원수":2,
            "3km이내혐오시설수":0,
            "초등학교학업성취도":89.18,
            "중학교학업성취도":67.8,
            "용적률":199,
            "건폐율":57,
            "Y":35.21268,
            "X":129.095021,
            "rank":48.0,
            "area_info":"27평(89.42), 27평(90.86), 30평(99.61), 34평(112.45)",
            "last_sales":"2021-09-04,49500.0,27평(89.42)"
        },
        {
            "index":8,
            "아파트명":"동래벽산",
            "투자타입":"일반",
            "전용면적(m2)":"80.0",
            "전용면적(평)":"24평",
            "법정동주소":"부산시 동래구 낙민동 92-9",
            "도로명주소":"부산시 동래구 안남로 47",
            "세대수":50,
            "입주년차":0,
            "용적률점수":"--",
            "건폐율점수":"--",
            "세대당주차수":0,
            "난방방식":30,
            "공급면적":"--",
            "전용률":"--",
            "욕실수":50,
            "현관타입":100,
            "주거총점":35.5,
            "지역구공급총점":0.0,
            "역세권":"NA",
            "30분내 이동가능 거점":"NA",
            "1시간내 이동가능 거점":"NA",
            "교통총점":"NA",
            "백화점":100,
            "아울렛몰":0,
            "대형마트":80,
            "은행":100,
            "병원":60,
            "종합병원":100,
            "공원":100,
            "혐오시설":0,
            "인프라총점":81.0,
            "초등학군":89.64,
            "중학군":46.94,
            "학군총점":55.48,
            "인구수":29.7,
            "인구증감":-9.63,
            "인구총점":17.901,
            "일자리":10.4,
            "소득수준":51.37,
            "일자리총점":22.691,
            "가치 총점":58.695,
            "매매실거래년":20211206.0,
            "매매실거래가":34300.0,
            "전세실거래년":20210916.0,
            "전세실거래가":23000.0,
            "전세가율":67.06,
            "장기전세가율평균":69.64,
            "전세가율거품지수":2.58,
            "검색코드":4812,
            "세대수":420,
            "준공년월":"1997-02-15",
            "준공년차":26,
            "가까운역이름":"NA",
            "가까운역거리":"NA",
            "역세권여부":"NA",
            "30분이내주요거점역":"NA",
            "1시간이내주요거점역":"NA",
            "3km이내백화점수":1,
            "5km이내아울렛몰수":0,
            "1km이내대형먀트수":1,
            "500m이내은행수":5,
            "500m이내병원수":15,
            "5km이내대형병원수":6,
            "500m이내공원수":3,
            "3km이내혐오시설수":0,
            "초등학교학업성취도":89.64,
            "중학교학업성취도":76.9,
            "용적률":359,
            "건폐율":21,
            "Y":35.195076,
            "X":129.097193,
            "rank":49.0,
            "area_info":"24평(80.0), 32평(107.0)",
            "last_sales":"2021-12-06,34300.0,24평(80.0)"
        },
        {
            "index":235,
            "아파트명":"동래복천현대",
            "투자타입":"일반",
            "전용면적(m2)":"79.64",
            "전용면적(평)":"24평",
            "법정동주소":"부산시 동래구 복천동 446-1",
            "도로명주소":"부산시 동래구 복천로5번길 31",
            "세대수":30,
            "입주년차":0,
            "용적률점수":"--",
            "건폐율점수":"--",
            "세대당주차수":30,
            "난방방식":30,
            "공급면적":"--",
            "전용률":"--",
            "욕실수":50,
            "현관타입":100,
            "주거총점":33.0,
            "지역구공급총점":0.0,
            "역세권":"NA",
            "30분내 이동가능 거점":"NA",
            "1시간내 이동가능 거점":"NA",
            "교통총점":"NA",
            "백화점":100,
            "아울렛몰":0,
            "대형마트":100,
            "은행":70,
            "병원":60,
            "종합병원":100,
            "공원":100,
            "혐오시설":0,
            "인프라총점":81.0,
            "초등학군":93.67,
            "중학군":50.0,
            "학군총점":58.734,
            "인구수":29.7,
            "인구증감":-9.63,
            "인구총점":17.901,
            "일자리":10.4,
            "소득수준":51.37,
            "일자리총점":22.691,
            "가치 총점":58.6335,
            "매매실거래년":20210606.0,
            "매매실거래가":44700.0,
            "전세실거래년":20180219.0,
            "전세실거래가":20000.0,
            "전세가율":57.31,
            "장기전세가율평균":69.64,
            "전세가율거품지수":12.33,
            "검색코드":4834,
            "세대수":370,
            "준공년월":"1996-03-29",
            "준공년차":27,
            "가까운역이름":"NA",
            "가까운역거리":"NA",
            "역세권여부":"NA",
            "30분이내주요거점역":"NA",
            "1시간이내주요거점역":"NA",
            "3km이내백화점수":1,
            "5km이내아울렛몰수":0,
            "1km이내대형먀트수":3,
            "500m이내은행수":3,
            "500m이내병원수":13,
            "5km이내대형병원수":5,
            "500m이내공원수":2,
            "3km이내혐오시설수":0,
            "초등학교학업성취도":93.67,
            "중학교학업성취도":82.4,
            "용적률":0,
            "건폐율":0,
            "Y":35.207412,
            "X":129.086651,
            "rank":50.0,
            "area_info":"24평(79.64), 26평(86.29), 33평(110.49)",
            "last_sales":"2021-06-06,44700.0,33평(110.49)"
        },
        {
            "index":438,
            "아파트명":"성완세띠앙",
            "투자타입":"일반",
            "전용면적(m2)":"56.92",
            "전용면적(평)":"17평",
            "법정동주소":"부산시 동래구 수안동 182",
            "도로명주소":"부산시 동래구 충렬대로238번길 7",
            "세대수":0,
            "입주년차":40,
            "용적률점수":"--",
            "건폐율점수":"--",
            "세대당주차수":30,
            "난방방식":30,
            "공급면적":"--",
            "전용률":"--",
            "욕실수":50,
            "현관타입":100,
            "주거총점":30.5,
            "지역구공급총점":0.0,
            "역세권":"NA",
            "30분내 이동가능 거점":"NA",
            "1시간내 이동가능 거점":"NA",
            "교통총점":"NA",
            "백화점":100,
            "아울렛몰":0,
            "대형마트":80,
            "은행":70,
            "병원":100,
            "종합병원":100,
            "공원":80,
            "혐오시설":0,
            "인프라총점":81.4,
            "초등학군":93.33,
            "중학군":53.64,
            "학군총점":61.578,
            "인구수":29.7,
            "인구증감":-9.63,
            "인구총점":17.901,
            "일자리":10.4,
            "소득수준":51.37,
            "일자리총점":22.691,
            "가치 총점":58.6295,
            "매매실거래년":20210426.0,
            "매매실거래가":44000.0,
            "전세실거래년":20191213.0,
            "전세실거래가":13000.0,
            "전세가율":83.87,
            "장기전세가율평균":69.64,
            "전세가율거품지수":-14.23,
            "검색코드":14369,
            "세대수":128,
            "준공년월":"2005-06-07",
            "준공년차":18,
            "가까운역이름":"NA",
            "가까운역거리":"NA",
            "역세권여부":"NA",
            "30분이내주요거점역":"NA",
            "1시간이내주요거점역":"NA",
            "3km이내백화점수":1,
            "5km이내아울렛몰수":0,
            "1km이내대형먀트수":1,
            "500m이내은행수":4,
            "500m이내병원수":69,
            "5km이내대형병원수":5,
            "500m이내공원수":1,
            "3km이내혐오시설수":0,
            "초등학교학업성취도":93.33,
            "중학교학업성취도":86.4,
            "용적률":886,
            "건폐율":73,
            "Y":35.201267,
            "X":129.085383,
            "rank":51.0,
            "area_info":"17평(56.92), 28평(94.27), 30평(99.54), 31평(104.77), 31평(104.81), 31평(105.29), 32평(106.17), 39평(132.02)",
            "last_sales":"2021-04-26,44000.0,39평(132.02)"
        },
        {
            "index":118,
            "아파트명":"천일스카이원(도시형)",
            "투자타입":"일반",
            "전용면적(m2)":"52.36",
            "전용면적(평)":"15평",
            "법정동주소":"부산시 동래구 명륜동 618-5",
            "도로명주소":"부산시 동래구 명륜로 151",
            "세대수":0,
            "입주년차":80,
            "용적률점수":"--",
            "건폐율점수":"--",
            "세대당주차수":0,
            "난방방식":30,
            "공급면적":"--",
            "전용률":"--",
            "욕실수":50,
            "현관타입":100,
            "주거총점":34.0,
            "지역구공급총점":0.0,
            "역세권":"NA",
            "30분내 이동가능 거점":"NA",
            "1시간내 이동가능 거점":"NA",
            "교통총점":"NA",
            "백화점":100,
            "아울렛몰":0,
            "대형마트":100,
            "은행":70,
            "병원":80,
            "종합병원":100,
            "공원":0,
            "혐오시설":0,
            "인프라총점":80.0,
            "초등학군":93.67,
            "중학군":50.0,
            "학군총점":58.734,
            "인구수":29.7,
            "인구증감":-9.63,
            "인구총점":17.901,
            "일자리":10.4,
            "소득수준":51.37,
            "일자리총점":22.691,
            "가치 총점":58.5835,
            "매매실거래년":20200903.0,
            "매매실거래가":25400.0,
            "전세실거래년":20211014.0,
            "전세실거래가":11000.0,
            "전세가율":71.9,
            "장기전세가율평균":69.64,
            "전세가율거품지수":-2.26,
            "검색코드":112712,
            "세대수":215,
            "준공년월":"2018-01-31",
            "준공년차":5,
            "가까운역이름":"NA",
            "가까운역거리":"NA",
            "역세권여부":"NA",
            "30분이내주요거점역":"NA",
            "1시간이내주요거점역":"NA",
            "3km이내백화점수":1,
            "5km이내아울렛몰수":0,
            "1km이내대형먀트수":3,
            "500m이내은행수":4,
            "500m이내병원수":45,
            "5km이내대형병원수":5,
            "500m이내공원수":0,
            "3km이내혐오시설수":0,
            "초등학교학업성취도":93.67,
            "중학교학업성취도":82.4,
            "용적률":586,
            "건폐율":70,
            "Y":35.207316,
            "X":129.081458,
            "rank":52.0,
            "area_info":"15평(52.36), 21평(69.48), 21평(69.57), 20평(69.33), 21평(70.88), 21평(70.92), 21평(70.68), 21평(70.6), 21평(70.3), 21평(71.01), 21평(71.26)",
            "last_sales":"2020-09-03,25400.0,21평(71.26)"
        },
        {
            "index":173,
            "아파트명":"명장삼보맨션",
            "투자타입":"재건축",
            "전용면적(m2)":"51.94",
            "전용면적(평)":"15평",
            "법정동주소":"부산시 동래구 명장동 290-2",
            "도로명주소":"부산시 동래구 시실로 202",
            "세대수":0,
            "입주년차":"--",
            "용적률점수":100,
            "건폐율점수":60,
            "세대당주차수":"--",
            "난방방식":"--",
            "공급면적":50,
            "전용률":80,
            "욕실수":"--",
            "현관타입":"--",
            "주거총점":58.5,
            "지역구공급총점":0.0,
            "역세권":"NA",
            "30분내 이동가능 거점":"NA",
            "1시간내 이동가능 거점":"NA",
            "교통총점":"NA",
            "백화점":100,
            "아울렛몰":0,
            "대형마트":0,
            "은행":20,
            "병원":60,
            "종합병원":100,
            "공원":80,
            "혐오시설":0,
            "인프라총점":60.4,
            "초등학군":89.18,
            "중학군":47.32,
            "학군총점":55.692,
            "인구수":29.7,
            "인구증감":-9.63,
            "인구총점":17.901,
            "일자리":10.4,
            "소득수준":51.37,
            "일자리총점":22.691,
            "가치 총점":58.558,
            "매매실거래년":20211106.0,
            "매매실거래가":18300.0,
            "전세실거래년":20200516.0,
            "전세실거래가":2000.0,
            "전세가율":12.35,
            "장기전세가율평균":69.64,
            "전세가율거품지수":57.29,
            "검색코드":13242,
            "세대수":174,
            "준공년월":"1986-04-11",
            "준공년차":37,
            "가까운역이름":"NA",
            "가까운역거리":"NA",
            "역세권여부":"NA",
            "30분이내주요거점역":"NA",
            "1시간이내주요거점역":"NA",
            "3km이내백화점수":1,
            "5km이내아울렛몰수":0,
            "1km이내대형먀트수":0,
            "500m이내은행수":2,
            "500m이내병원수":11,
            "5km이내대형병원수":5,
            "500m이내공원수":1,
            "3km이내혐오시설수":0,
            "초등학교학업성취도":89.18,
            "중학교학업성취도":77.8,
            "용적률":138,
            "건폐율":30,
            "Y":35.205958,
            "X":129.098954,
            "rank":53.0,
            "area_info":"15평(51.94), 16평(55.99), 17평(57.53), 19평(63.6), 20평(68.28), 20평(68.6), 23평(76.61), 23평(77.95), 24평(81.39)",
            "last_sales":"2021-11-06,18300.0,17평(57.53)"
        },
        {
            "index":639,
            "아파트명":"두비앙에코힐",
            "투자타입":"일반",
            "전용면적(m2)":"80.85",
            "전용면적(평)":"24평",
            "법정동주소":"부산시 동래구 온천동 1841",
            "도로명주소":"부산시 동래구 쇠미로121번길 91",
            "세대수":0,
            "입주년차":100,
            "용적률점수":"--",
            "건폐율점수":"--",
            "세대당주차수":30,
            "난방방식":30,
            "공급면적":"--",
            "전용률":"--",
            "욕실수":100,
            "현관타입":100,
            "주거총점":47.5,
            "지역구공급총점":0.0,
            "역세권":"NA",
            "30분내 이동가능 거점":"NA",
            "1시간내 이동가능 거점":"NA",
            "교통총점":"NA",
            "백화점":100,
            "아울렛몰":0,
            "대형마트":80,
            "은행":0,
            "병원":10,
            "종합병원":100,
            "공원":100,
            "혐오시설":0,
            "인프라총점":66.0,
            "초등학군":89.28,
            "중학군":52.5,
            "학군총점":59.856,
            "인구수":29.7,
            "인구증감":-9.63,
            "인구총점":17.901,
            "일자리":10.4,
            "소득수준":51.37,
            "일자리총점":22.691,
            "가치 총점":57.989,
            "매매실거래년":20211031.0,
            "매매실거래가":26300.0,
            "전세실거래년":20211215.0,
            "전세실거래가":18900.0,
            "전세가율":71.86,
            "장기전세가율평균":69.64,
            "전세가율거품지수":-2.22,
            "검색코드":110052,
            "세대수":219,
            "준공년월":"2019-06-14",
            "준공년차":4,
            "가까운역이름":"NA",
            "가까운역거리":"NA",
            "역세권여부":"NA",
            "30분이내주요거점역":"NA",
            "1시간이내주요거점역":"NA",
            "3km이내백화점수":1,
            "5km이내아울렛몰수":0,
            "1km이내대형먀트수":1,
            "500m이내은행수":0,
            "500m이내병원수":2,
            "5km이내대형병원수":7,
            "500m이내공원수":3,
            "3km이내혐오시설수":0,
            "초등학교학업성취도":89.28,
            "중학교학업성취도":85.3,
            "용적률":239,
            "건폐율":19,
            "Y":35.204746,
            "X":129.056998,
            "rank":54.0,
            "area_info":"24평(80.85), 29평(96.33), 29평(98.12), 30평(100.16)",
            "last_sales":"2021-10-31,26300.0,24평(80.85)"
        },
        {
            "index":35,
            "아파트명":"한신",
            "투자타입":"일반",
            "전용면적(m2)":"79.71",
            "전용면적(평)":"24평",
            "법정동주소":"부산시 동래구 낙민동 93-1",
            "도로명주소":"부산시 동래구 안남로 46",
            "세대수":50,
            "입주년차":20,
            "용적률점수":"--",
            "건폐율점수":"--",
            "세대당주차수":0,
            "난방방식":30,
            "공급면적":"--",
            "전용률":"--",
            "욕실수":50,
            "현관타입":100,
            "주거총점":39.5,
            "지역구공급총점":0.0,
            "역세권":"NA",
            "30분내 이동가능 거점":"NA",
            "1시간내 이동가능 거점":"NA",
            "교통총점":"NA",
            "백화점":100,
            "아울렛몰":0,
            "대형마트":80,
            "은행":0,
            "병원":60,
            "종합병원":100,
            "공원":100,
            "혐오시설":0,
            "인프라총점":71.0,
            "초등학군":89.64,
            "중학군":52.16,
            "학군총점":59.656,
            "인구수":29.7,
            "인구증감":-9.63,
            "인구총점":17.901,
            "일자리":10.4,
            "소득수준":51.37,
            "일자리총점":22.691,
            "가치 총점":57.139,
            "매매실거래년":20211015.0,
            "매매실거래가":44700.0,
            "전세실거래년":20211126.0,
            "전세실거래가":22500.0,
            "전세가율":71.88,
            "장기전세가율평균":69.64,
            "전세가율거품지수":-2.24,
            "검색코드":4823,
            "세대수":436,
            "준공년월":"1999-04-09",
            "준공년차":24,
            "가까운역이름":"NA",
            "가까운역거리":"NA",
            "역세권여부":"NA",
            "30분이내주요거점역":"NA",
            "1시간이내주요거점역":"NA",
            "3km이내백화점수":1,
            "5km이내아울렛몰수":0,
            "1km이내대형먀트수":1,
            "500m이내은행수":1,
            "500m이내병원수":14,
            "5km이내대형병원수":6,
            "500m이내공원수":3,
            "3km이내혐오시설수":0,
            "초등학교학업성취도":89.64,
            "중학교학업성취도":84.6,
            "용적률":314,
            "건폐율":21,
            "Y":35.194228,
            "X":129.097368,
            "rank":55.0,
            "area_info":"24평(79.71), 24평(79.86), 29평(98.31), 32평(107.63), 45평(149.0)",
            "last_sales":"2021-10-15,44700.0,32평(107.63)"
        },
        {
            "index":449,
            "아파트명":"온천천경동리인타워2차",
            "투자타입":"일반",
            "전용면적(m2)":"118.88",
            "전용면적(평)":"35평",
            "법정동주소":"부산시 동래구 수안동 749",
            "도로명주소":"부산시 동래구 수안로8번길 38",
            "세대수":0,
            "입주년차":100,
            "용적률점수":"--",
            "건폐율점수":"--",
            "세대당주차수":30,
            "난방방식":30,
            "공급면적":"--",
            "전용률":"--",
            "욕실수":100,
            "현관타입":100,
            "주거총점":47.5,
            "지역구공급총점":0.0,
            "역세권":"NA",
            "30분내 이동가능 거점":"NA",
            "1시간내 이동가능 거점":"NA",
            "교통총점":"NA",
            "백화점":100,
            "아울렛몰":0,
            "대형마트":80,
            "은행":0,
            "병원":10,
            "종합병원":100,
            "공원":100,
            "혐오시설":0,
            "인프라총점":66.0,
            "초등학군":93.33,
            "중학군":46.7,
            "학군총점":56.026,
            "인구수":29.7,
            "인구증감":-9.63,
            "인구총점":17.901,
            "일자리":10.4,
            "소득수준":51.37,
            "일자리총점":22.691,
            "가치 총점":57.0315,
            "매매실거래년":20201028.0,
            "매매실거래가":65780.0,
            "전세실거래년":null,
            "전세실거래가":null,
            "전세가율":null,
            "장기전세가율평균":69.64,
            "전세가율거품지수":null,
            "검색코드":117275,
            "세대수":176,
            "준공년월":"2020-09-01",
            "준공년차":3,
            "가까운역이름":"NA",
            "가까운역거리":"NA",
            "역세권여부":"NA",
            "30분이내주요거점역":"NA",
            "1시간이내주요거점역":"NA",
            "3km이내백화점수":1,
            "5km이내아울렛몰수":0,
            "1km이내대형먀트수":1,
            "500m이내은행수":1,
            "500m이내병원수":3,
            "5km이내대형병원수":6,
            "500m이내공원수":3,
            "3km이내혐오시설수":0,
            "초등학교학업성취도":93.33,
            "중학교학업성취도":75.7,
            "용적률":0,
            "건폐율":0,
            "Y":35.194194,
            "X":129.090084,
            "rank":56.0,
            "area_info":"35평(118.88), 35평(118.13), 35평(118.65), 35평(118.65)",
            "last_sales":"2020-10-28,65780.0,35평(118.88)"
        },
        {
            "index":78,
            "아파트명":"명륜쌍용예가",
            "투자타입":"일반",
            "전용면적(m2)":"78.34",
            "전용면적(평)":"23평",
            "법정동주소":"부산시 동래구 명륜동 753",
            "도로명주소":"부산시 동래구 동래로 53",
            "세대수":0,
            "입주년차":40,
            "용적률점수":"--",
            "건폐율점수":"--",
            "세대당주차수":30,
            "난방방식":30,
            "공급면적":"--",
            "전용률":"--",
            "욕실수":50,
            "현관타입":100,
            "주거총점":30.5,
            "지역구공급총점":0.0,
            "역세권":"NA",
            "30분내 이동가능 거점":"NA",
            "1시간내 이동가능 거점":"NA",
            "교통총점":"NA",
            "백화점":100,
            "아울렛몰":0,
            "대형마트":100,
            "은행":70,
            "병원":60,
            "종합병원":100,
            "공원":0,
            "혐오시설":0,
            "인프라총점":78.0,
            "초등학군":93.67,
            "중학군":50.0,
            "학군총점":58.734,
            "인구수":29.7,
            "인구증감":-9.63,
            "인구총점":17.901,
            "일자리":10.4,
            "소득수준":51.37,
            "일자리총점":22.691,
            "가치 총점":56.5585,
            "매매실거래년":20200919.0,
            "매매실거래가":70500.0,
            "전세실거래년":20170715.0,
            "전세실거래가":28000.0,
            "전세가율":68.46,
            "장기전세가율평균":69.64,
            "전세가율거품지수":1.18,
            "검색코드":19493,
            "세대수":269,
            "준공년월":"2007-02-16",
            "준공년차":16,
            "가까운역이름":"NA",
            "가까운역거리":"NA",
            "역세권여부":"NA",
            "30분이내주요거점역":"NA",
            "1시간이내주요거점역":"NA",
            "3km이내백화점수":1,
            "5km이내아울렛몰수":0,
            "1km이내대형먀트수":3,
            "500m이내은행수":4,
            "500m이내병원수":28,
            "5km이내대형병원수":5,
            "500m이내공원수":0,
            "3km이내혐오시설수":0,
            "초등학교학업성취도":93.67,
            "중학교학업성취도":82.4,
            "용적률":296,
            "건폐율":21,
            "Y":35.210523,
            "X":129.080498,
            "rank":57.0,
            "area_info":"23평(78.34), 32평(106.94), 33평(110.79), 42평(139.61)",
            "last_sales":"2020-09-19,70500.0,42평(139.61)"
        },
        {
            "index":73,
            "아파트명":"명륜SK뷰",
            "투자타입":"일반",
            "전용면적(m2)":"107.93",
            "전용면적(평)":"32평",
            "법정동주소":"부산시 동래구 명륜동 752",
            "도로명주소":"부산시 동래구 명륜로236번길 9",
            "세대수":0,
            "입주년차":40,
            "용적률점수":"--",
            "건폐율점수":"--",
            "세대당주차수":30,
            "난방방식":30,
            "공급면적":"--",
            "전용률":"--",
            "욕실수":100,
            "현관타입":100,
            "주거총점":35.5,
            "지역구공급총점":0.0,
            "역세권":"NA",
            "30분내 이동가능 거점":"NA",
            "1시간내 이동가능 거점":"NA",
            "교통총점":"NA",
            "백화점":100,
            "아울렛몰":0,
            "대형마트":100,
            "은행":20,
            "병원":60,
            "종합병원":100,
            "공원":0,
            "혐오시설":0,
            "인프라총점":73.0,
            "초등학군":93.67,
            "중학군":50.98,
            "학군총점":59.518,
            "인구수":29.7,
            "인구증감":-9.63,
            "인구총점":17.901,
            "일자리":10.4,
            "소득수준":51.37,
            "일자리총점":22.691,
            "가치 총점":56.5045,
            "매매실거래년":20211213.0,
            "매매실거래가":50000.0,
            "전세실거래년":20211229.0,
            "전세실거래가":37000.0,
            "전세가율":74.0,
            "장기전세가율평균":69.64,
            "전세가율거품지수":-4.36,
            "검색코드":17311,
            "세대수":281,
            "준공년월":"2006-07-28",
            "준공년차":17,
            "가까운역이름":"NA",
            "가까운역거리":"NA",
            "역세권여부":"NA",
            "30분이내주요거점역":"NA",
            "1시간이내주요거점역":"NA",
            "3km이내백화점수":1,
            "5km이내아울렛몰수":0,
            "1km이내대형먀트수":3,
            "500m이내은행수":2,
            "500m이내병원수":20,
            "5km이내대형병원수":4,
            "500m이내공원수":0,
            "3km이내혐오시설수":0,
            "초등학교학업성취도":93.67,
            "중학교학업성취도":81.7,
            "용적률":294,
            "건폐율":17,
            "Y":35.2146,
            "X":129.08475,
            "rank":58.0,
            "area_info":"32평(107.93), 32평(108.94), 33평(109.63), 48평(159.1), 48평(159.1)",
            "last_sales":"2021-12-13,50000.0,33평(109.63)"
        },
        {
            "index":432,
            "아파트명":"새한센시빌",
            "투자타입":"일반",
            "전용면적(m2)":"97.9",
            "전용면적(평)":"29평",
            "법정동주소":"부산시 동래구 수안동 11-24",
            "도로명주소":"부산시 동래구 명륜로 33",
            "세대수":0,
            "입주년차":40,
            "용적률점수":"--",
            "건폐율점수":"--",
            "세대당주차수":0,
            "난방방식":30,
            "공급면적":"--",
            "전용률":"--",
            "욕실수":100,
            "현관타입":100,
            "주거총점":31.0,
            "지역구공급총점":0.0,
            "역세권":"NA",
            "30분내 이동가능 거점":"NA",
            "1시간내 이동가능 거점":"NA",
            "교통총점":"NA",
            "백화점":100,
            "아울렛몰":0,
            "대형마트":100,
            "은행":0,
            "병원":80,
            "종합병원":100,
            "공원":80,
            "혐오시설":0,
            "인프라총점":75.4,
            "초등학군":89.32,
            "중학군":54.68,
            "학군총점":61.608,
            "인구수":29.7,
            "인구증감":-9.63,
            "인구총점":17.901,
            "일자리":10.4,
            "소득수준":51.37,
            "일자리총점":22.691,
            "가치 총점":56.412,
            "매매실거래년":20210405.0,
            "매매실거래가":28700.0,
            "전세실거래년":20110209.0,
            "전세실거래가":13000.0,
            "전세가율":66.33,
            "장기전세가율평균":69.64,
            "전세가율거품지수":3.31,
            "검색코드":25357,
            "세대수":106,
            "준공년월":"2004-04-23",
            "준공년차":19,
            "가까운역이름":"NA",
            "가까운역거리":"NA",
            "역세권여부":"NA",
            "30분이내주요거점역":"NA",
            "1시간이내주요거점역":"NA",
            "3km이내백화점수":1,
            "5km이내아울렛몰수":0,
            "1km이내대형먀트수":2,
            "500m이내은행수":1,
            "500m이내병원수":40,
            "5km이내대형병원수":6,
            "500m이내공원수":1,
            "3km이내혐오시설수":0,
            "초등학교학업성취도":89.32,
            "중학교학업성취도":88.4,
            "용적률":0,
            "건폐율":0,
            "Y":35.197767,
            "X":129.083712,
            "rank":59.0,
            "area_info":"29평(97.9), 29평(98.11), 30평(99.86), 30평(99.82), 30평(99.95), 30평(99.53)",
            "last_sales":"2021-04-05,28700.0,30평(99.95)"
        },
        {
            "index":671,
            "아파트명":"삼정그린코아",
            "투자타입":"일반",
            "전용면적(m2)":"79.39",
            "전용면적(평)":"24평",
            "법정동주소":"부산시 동래구 온천동 1654",
            "도로명주소":"부산시 동래구 쇠미로129번길 91",
            "세대수":50,
            "입주년차":20,
            "용적률점수":"--",
            "건폐율점수":"--",
            "세대당주차수":30,
            "난방방식":30,
            "공급면적":"--",
            "전용률":"--",
            "욕실수":50,
            "현관타입":100,
            "주거총점":44.0,
            "지역구공급총점":0.0,
            "역세권":"NA",
            "30분내 이동가능 거점":"NA",
            "1시간내 이동가능 거점":"NA",
            "교통총점":"NA",
            "백화점":100,
            "아울렛몰":0,
            "대형마트":80,
            "은행":0,
            "병원":0,
            "종합병원":100,
            "공원":80,
            "혐오시설":0,
            "인프라총점":64.4,
            "초등학군":89.28,
            "중학군":52.5,
            "학군총점":59.856,
            "인구수":29.7,
            "인구증감":-9.63,
            "인구총점":17.901,
            "일자리":10.4,
            "소득수준":51.37,
            "일자리총점":22.691,
            "가치 총점":56.124,
            "매매실거래년":20220112.0,
            "매매실거래가":17900.0,
            "전세실거래년":20211129.0,
            "전세실거래가":15000.0,
            "전세가율":83.8,
            "장기전세가율평균":69.64,
            "전세가율거품지수":-14.16,
            "검색코드":9367,
            "세대수":497,
            "준공년월":"2003-11-13",
            "준공년차":20,
            "가까운역이름":"NA",
            "가까운역거리":"NA",
            "역세권여부":"NA",
            "30분이내주요거점역":"NA",
            "1시간이내주요거점역":"NA",
            "3km이내백화점수":1,
            "5km이내아울렛몰수":0,
            "1km이내대형먀트수":1,
            "500m이내은행수":0,
            "500m이내병원수":0,
            "5km이내대형병원수":7,
            "500m이내공원수":1,
            "3km이내혐오시설수":0,
            "초등학교학업성취도":89.28,
            "중학교학업성취도":85.3,
            "용적률":279,
            "건폐율":33,
            "Y":35.206096,
            "X":129.057124,
            "rank":60.0,
            "area_info":"24평(79.39), 24평(82.43), 27평(90.67), 31평(105.73), 39평(130.73), 45평(149.77)",
            "last_sales":"2022-01-12,17900.0,24평(79.39)"
        },
        {
            "index":584,
            "아파트명":"동래퀸즈W(도시형)",
            "투자타입":"일반",
            "전용면적(m2)":"63.67",
            "전용면적(평)":"19평",
            "법정동주소":"부산시 동래구 온천동 477-5",
            "도로명주소":"부산시 동래구 동래로 9",
            "세대수":0,
            "입주년차":80,
            "용적률점수":"--",
            "건폐율점수":"--",
            "세대당주차수":30,
            "난방방식":30,
            "공급면적":"--",
            "전용률":"--",
            "욕실수":50,
            "현관타입":10,
            "주거총점":29.5,
            "지역구공급총점":0.0,
            "역세권":"NA",
            "30분내 이동가능 거점":"NA",
            "1시간내 이동가능 거점":"NA",
            "교통총점":"NA",
            "백화점":100,
            "아울렛몰":0,
            "대형마트":100,
            "은행":20,
            "병원":60,
            "종합병원":100,
            "공원":80,
            "혐오시설":0,
            "인프라총점":75.4,
            "초등학군":93.26,
            "중학군":54.68,
            "학군총점":62.396,
            "인구수":29.7,
            "인구증감":-9.63,
            "인구총점":17.901,
            "일자리":10.4,
            "소득수준":51.37,
            "일자리총점":22.691,
            "가치 총점":56.084,
            "매매실거래년":20211115.0,
            "매매실거래가":18000.0,
            "전세실거래년":20210606.0,
            "전세실거래가":2000.0,
            "전세가율":11.11,
            "장기전세가율평균":69.64,
            "전세가율거품지수":58.53,
            "검색코드":109071,
            "세대수":154,
            "준공년월":"2015-12-03",
            "준공년차":8,
            "가까운역이름":"NA",
            "가까운역거리":"NA",
            "역세권여부":"NA",
            "30분이내주요거점역":"NA",
            "1시간이내주요거점역":"NA",
            "3km이내백화점수":1,
            "5km이내아울렛몰수":0,
            "1km이내대형먀트수":2,
            "500m이내은행수":2,
            "500m이내병원수":24,
            "5km이내대형병원수":5,
            "500m이내공원수":1,
            "3km이내혐오시설수":0,
            "초등학교학업성취도":93.26,
            "중학교학업성취도":88.2,
            "용적률":737,
            "건폐율":66,
            "Y":35.21398,
            "X":129.077705,
            "rank":61.0,
            "area_info":"19평(63.67), 19평(64.53), 19평(65.8), 20평(66.23), 20평(66.79), 20평(66.36), 20평(66.82), 20평(66.9), 20평(67.22), 20평(67.07), 20평(67.41), 24평(79.97)",
            "last_sales":"2021-11-15,18000.0,20평(67.41)"
        },
        {
            "index":596,
            "아파트명":"동래타운르메이에르",
            "투자타입":"일반",
            "전용면적(m2)":"107.92",
            "전용면적(평)":"32평",
            "법정동주소":"부산시 동래구 온천동 152-18",
            "도로명주소":"부산시 동래구 금강공원로20번길 46",
            "세대수":0,
            "입주년차":40,
            "용적률점수":"--",
            "건폐율점수":"--",
            "세대당주차수":0,
            "난방방식":30,
            "공급면적":"--",
            "전용률":"--",
            "욕실수":100,
            "현관타입":50,
            "주거총점":26.0,
            "지역구공급총점":0.0,
            "역세권":"NA",
            "30분내 이동가능 거점":"NA",
            "1시간내 이동가능 거점":"NA",
            "교통총점":"NA",
            "백화점":100,
            "아울렛몰":0,
            "대형마트":80,
            "은행":100,
            "병원":80,
            "종합병원":100,
            "공원":0,
            "혐오시설":0,
            "인프라총점":80.0,
            "초등학군":93.26,
            "중학군":50.98,
            "학군총점":59.436,
            "인구수":29.7,
            "인구증감":-9.63,
            "인구총점":17.901,
            "일자리":10.4,
            "소득수준":51.37,
            "일자리총점":22.691,
            "가치 총점":55.959,
            "매매실거래년":20211117.0,
            "매매실거래가":58000.0,
            "전세실거래년":20200208.0,
            "전세실거래가":20000.0,
            "전세가율":50.0,
            "장기전세가율평균":69.64,
            "전세가율거품지수":19.64,
            "검색코드":17473,
            "세대수":226,
            "준공년월":"2005-08-12",
            "준공년차":18,
            "가까운역이름":"NA",
            "가까운역거리":"NA",
            "역세권여부":"NA",
            "30분이내주요거점역":"NA",
            "1시간이내주요거점역":"NA",
            "3km이내백화점수":1,
            "5km이내아울렛몰수":0,
            "1km이내대형먀트수":1,
            "500m이내은행수":6,
            "500m이내병원수":31,
            "5km이내대형병원수":4,
            "500m이내공원수":0,
            "3km이내혐오시설수":0,
            "초등학교학업성취도":93.26,
            "중학교학업성취도":81.7,
            "용적률":554,
            "건폐율":82,
            "Y":35.221088,
            "X":129.083362,
            "rank":62.0,
            "area_info":"32평(107.92), 32평(108.2), 32평(108.15), 35평(118.53), 47평(157.25), 48평(159.05), 48평(161.89), 49평(162.91), 50평(167.41), 57평(190.07), 72평(240.19)",
            "last_sales":"2021-11-17,58000.0,48평(161.89)"
        },
        {
            "index":15,
            "아파트명":"동원로얄듀크",
            "투자타입":"일반",
            "전용면적(m2)":"80.23",
            "전용면적(평)":"24평",
            "법정동주소":"부산시 동래구 낙민동 94-1",
            "도로명주소":"부산시 동래구 온천천로399번길 14",
            "세대수":50,
            "입주년차":0,
            "용적률점수":"--",
            "건폐율점수":"--",
            "세대당주차수":0,
            "난방방식":30,
            "공급면적":"--",
            "전용률":"--",
            "욕실수":50,
            "현관타입":100,
            "주거총점":35.5,
            "지역구공급총점":0.0,
            "역세권":"NA",
            "30분내 이동가능 거점":"NA",
            "1시간내 이동가능 거점":"NA",
            "교통총점":"NA",
            "백화점":100,
            "아울렛몰":0,
            "대형마트":80,
            "은행":20,
            "병원":30,
            "종합병원":100,
            "공원":100,
            "혐오시설":0,
            "인프라총점":70.0,
            "초등학군":89.64,
            "중학군":52.16,
            "학군총점":59.656,
            "인구수":29.7,
            "인구증감":-9.63,
            "인구총점":17.901,
            "일자리":10.4,
            "소득수준":51.37,
            "일자리총점":22.691,
            "가치 총점":55.339,
            "매매실거래년":20211028.0,
            "매매실거래가":34700.0,
            "전세실거래년":20211012.0,
            "전세실거래가":23000.0,
            "전세가율":66.28,
            "장기전세가율평균":69.64,
            "전세가율거품지수":3.36,
            "검색코드":4810,
            "세대수":632,
            "준공년월":"1998-12-29",
            "준공년차":25,
            "가까운역이름":"NA",
            "가까운역거리":"NA",
            "역세권여부":"NA",
            "30분이내주요거점역":"NA",
            "1시간이내주요거점역":"NA",
            "3km이내백화점수":1,
            "5km이내아울렛몰수":0,
            "1km이내대형먀트수":1,
            "500m이내은행수":2,
            "500m이내병원수":6,
            "5km이내대형병원수":7,
            "500m이내공원수":2,
            "3km이내혐오시설수":0,
            "초등학교학업성취도":89.64,
            "중학교학업성취도":84.6,
            "용적률":385,
            "건폐율":22,
            "Y":35.193028,
            "X":129.097429,
            "rank":63.0,
            "area_info":"24평(80.23), 32평(107.73), 32평(107.17), 44평(147.52)",
            "last_sales":"2021-10-28,34700.0,24평(80.23)"
        },
        {
            "index":664,
            "아파트명":"삼익",
            "투자타입":"재건축",
            "전용면적(m2)":"58.64",
            "전용면적(평)":"17평",
            "법정동주소":"부산시 동래구 온천동 397-6",
            "도로명주소":"부산시 동래구 금강로 28",
            "세대수":50,
            "입주년차":"--",
            "용적률점수":0,
            "건폐율점수":0,
            "세대당주차수":"--",
            "난방방식":"--",
            "공급면적":50,
            "전용률":60,
            "욕실수":"--",
            "현관타입":"--",
            "주거총점":20.5,
            "지역구공급총점":0.0,
            "역세권":"NA",
            "30분내 이동가능 거점":"NA",
            "1시간내 이동가능 거점":"NA",
            "교통총점":"NA",
            "백화점":100,
            "아울렛몰":0,
            "대형마트":100,
            "은행":70,
            "병원":60,
            "종합병원":100,
            "공원":100,
            "혐오시설":0,
            "인프라총점":81.0,
            "초등학군":93.26,
            "중학군":54.68,
            "학군총점":62.396,
            "인구수":29.7,
            "인구증감":-9.63,
            "인구총점":17.901,
            "일자리":10.4,
            "소득수준":51.37,
            "일자리총점":22.691,
            "가치 총점":55.174,
            "매매실거래년":20210405.0,
            "매매실거래가":66000.0,
            "전세실거래년":20201111.0,
            "전세실거래가":13000.0,
            "전세가율":65.0,
            "장기전세가율평균":69.64,
            "전세가율거품지수":4.64,
            "검색코드":4968,
            "세대수":432,
            "준공년월":"1978-12-11",
            "준공년차":45,
            "가까운역이름":"NA",
            "가까운역거리":"NA",
            "역세권여부":"NA",
            "30분이내주요거점역":"NA",
            "1시간이내주요거점역":"NA",
            "3km이내백화점수":1,
            "5km이내아울렛몰수":0,
            "1km이내대형먀트수":2,
            "500m이내은행수":4,
            "500m이내병원수":26,
            "5km이내대형병원수":5,
            "500m이내공원수":4,
            "3km이내혐오시설수":0,
            "초등학교학업성취도":93.26,
            "중학교학업성취도":88.2,
            "용적률":0,
            "건폐율":0,
            "Y":35.212827,
            "X":129.074818,
            "rank":64.0,
            "area_info":"17평(58.64), 24평(79.34), 24평(79.89), 32평(108.03), 32평(108.13), 32평(108.79), 32평(108.89)",
            "last_sales":"2021-04-05,66000.0,32평(108.13)"
        },
        {
            "index":472,
            "아파트명":"롯데캐슬애브뉴",
            "투자타입":"일반",
            "전용면적(m2)":"104.17",
            "전용면적(평)":"31평",
            "법정동주소":"부산시 동래구 안락동 433-1",
            "도로명주소":"부산시 동래구 충렬대로 368",
            "세대수":0,
            "입주년차":40,
            "용적률점수":"--",
            "건폐율점수":"--",
            "세대당주차수":60,
            "난방방식":30,
            "공급면적":"--",
            "전용률":"--",
            "욕실수":100,
            "현관타입":100,
            "주거총점":40.0,
            "지역구공급총점":0.0,
            "역세권":"NA",
            "30분내 이동가능 거점":"NA",
            "1시간내 이동가능 거점":"NA",
            "교통총점":"NA",
            "백화점":100,
            "아울렛몰":0,
            "대형마트":0,
            "은행":70,
            "병원":80,
            "종합병원":100,
            "공원":100,
            "혐오시설":0,
            "인프라총점":68.0,
            "초등학군":90.66,
            "중학군":46.94,
            "학군총점":55.684,
            "인구수":29.7,
            "인구증감":-9.63,
            "인구총점":17.901,
            "일자리":10.4,
            "소득수준":51.37,
            "일자리총점":22.691,
            "가치 총점":55.121,
            "매매실거래년":20211113.0,
            "매매실거래가":62000.0,
            "전세실거래년":20210503.0,
            "전세실거래가":31000.0,
            "전세가율":67.69,
            "장기전세가율평균":69.64,
            "전세가율거품지수":1.95,
            "검색코드":24456,
            "세대수":172,
            "준공년월":"2007-05-28",
            "준공년차":16,
            "가까운역이름":"NA",
            "가까운역거리":"NA",
            "역세권여부":"NA",
            "30분이내주요거점역":"NA",
            "1시간이내주요거점역":"NA",
            "3km이내백화점수":1,
            "5km이내아울렛몰수":0,
            "1km이내대형먀트수":0,
            "500m이내은행수":4,
            "500m이내병원수":31,
            "5km이내대형병원수":6,
            "500m이내공원수":2,
            "3km이내혐오시설수":0,
            "초등학교학업성취도":90.66,
            "중학교학업성취도":76.9,
            "용적률":594,
            "건폐율":48,
            "Y":35.19757,
            "X":129.09828,
            "rank":65.0,
            "area_info":"31평(104.17), 34평(112.96), 39평(130.43), 46평(153.0), 46평(155.04), 46평(155.26)",
            "last_sales":"2021-11-13,62000.0,46평(153.0)"
        },
        {
            "index":686,
            "아파트명":"성완아이렉스",
            "투자타입":"일반",
            "전용면적(m2)":"22.87",
            "전용면적(평)":"6평",
            "법정동주소":"부산시 동래구 온천동 46-6",
            "도로명주소":"부산시 동래구 금강로 160-1",
            "세대수":0,
            "입주년차":20,
            "용적률점수":"--",
            "건폐율점수":"--",
            "세대당주차수":0,
            "난방방식":30,
            "공급면적":"--",
            "전용률":"--",
            "욕실수":50,
            "현관타입":100,
            "주거총점":22.0,
            "지역구공급총점":0.0,
            "역세권":"NA",
            "30분내 이동가능 거점":"NA",
            "1시간내 이동가능 거점":"NA",
            "교통총점":"NA",
            "백화점":100,
            "아울렛몰":0,
            "대형마트":80,
            "은행":100,
            "병원":60,
            "종합병원":100,
            "공원":80,
            "혐오시설":0,
            "인프라총점":80.4,
            "초등학군":89.27,
            "중학군":52.3,
            "학군총점":59.694,
            "인구수":29.7,
            "인구증감":-9.63,
            "인구총점":17.901,
            "일자리":10.4,
            "소득수준":51.37,
            "일자리총점":22.691,
            "가치 총점":54.7835,
            "매매실거래년":20200514.0,
            "매매실거래가":27000.0,
            "전세실거래년":20120609.0,
            "전세실거래가":2500.0,
            "전세가율":59.52,
            "장기전세가율평균":69.64,
            "전세가율거품지수":10.12,
            "검색코드":13047,
            "세대수":144,
            "준공년월":"2003-11-13",
            "준공년차":20,
            "가까운역이름":"NA",
            "가까운역거리":"NA",
            "역세권여부":"NA",
            "30분이내주요거점역":"NA",
            "1시간이내주요거점역":"NA",
            "3km이내백화점수":1,
            "5km이내아울렛몰수":0,
            "1km이내대형먀트수":1,
            "500m이내은행수":5,
            "500m이내병원수":28,
            "5km이내대형병원수":4,
            "500m이내공원수":1,
            "3km이내혐오시설수":0,
            "초등학교학업성취도":89.27,
            "중학교학업성취도":86.1,
            "용적률":599,
            "건폐율":52,
            "Y":35.222598,
            "X":129.081834,
            "rank":66.0,
            "area_info":"6평(22.87), 12평(40.1), 23평(78.15), 26평(86.94), 30평(101.31), 32평(108.28), 33평(110.17)",
            "last_sales":"2020-05-14,27000.0,33평(110.17)"
        },
        {
            "index":478,
            "아파트명":"석천",
            "투자타입":"재건축",
            "전용면적(m2)":"90.85",
            "전용면적(평)":"27평",
            "법정동주소":"부산시 동래구 안락동 733-1",
            "도로명주소":"부산시 동래구 안연로 84",
            "세대수":0,
            "입주년차":"--",
            "용적률점수":0,
            "건폐율점수":80,
            "세대당주차수":"--",
            "난방방식":"--",
            "공급면적":70,
            "전용률":80,
            "욕실수":"--",
            "현관타입":"--",
            "주거총점":23.5,
            "지역구공급총점":0.0,
            "역세권":"NA",
            "30분내 이동가능 거점":"NA",
            "1시간내 이동가능 거점":"NA",
            "교통총점":"NA",
            "백화점":100,
            "아울렛몰":0,
            "대형마트":80,
            "은행":100,
            "병원":60,
            "종합병원":100,
            "공원":100,
            "혐오시설":0,
            "인프라총점":81.0,
            "초등학군":90.66,
            "중학군":46.94,
            "학군총점":55.684,
            "인구수":29.7,
            "인구증감":-9.63,
            "인구총점":17.901,
            "일자리":10.4,
            "소득수준":51.37,
            "일자리총점":22.691,
            "가치 총점":54.546,
            "매매실거래년":20211120.0,
            "매매실거래가":23800.0,
            "전세실거래년":20191010.0,
            "전세실거래가":13000.0,
            "전세가율":54.62,
            "장기전세가율평균":69.64,
            "전세가율거품지수":15.02,
            "검색코드":4898,
            "세대수":148,
            "준공년월":"1992-11-18",
            "준공년차":31,
            "가까운역이름":"NA",
            "가까운역거리":"NA",
            "역세권여부":"NA",
            "30분이내주요거점역":"NA",
            "1시간이내주요거점역":"NA",
            "3km이내백화점수":1,
            "5km이내아울렛몰수":0,
            "1km이내대형먀트수":1,
            "500m이내은행수":5,
            "500m이내병원수":16,
            "5km이내대형병원수":6,
            "500m이내공원수":2,
            "3km이내혐오시설수":0,
            "초등학교학업성취도":90.66,
            "중학교학업성취도":76.9,
            "용적률":313,
            "건폐율":25,
            "Y":35.195201,
            "X":129.098392,
            "rank":67.0,
            "area_info":"27평(90.85), 27평(92.43), 30평(100.09), 30평(101.64), 35평(118.37), 37평(122.63)",
            "last_sales":"2021-11-20,23800.0,27평(90.85)"
        },
        {
            "index":484,
            "아파트명":"센텀유림노르웨이숲",
            "투자타입":"일반",
            "전용면적(m2)":"110.06",
            "전용면적(평)":"33평",
            "법정동주소":"부산시 동래구 안락동 169-1",
            "도로명주소":"부산시 동래구 연안로58번가길 10",
            "세대수":0,
            "입주년차":60,
            "용적률점수":"--",
            "건폐율점수":"--",
            "세대당주차수":30,
            "난방방식":30,
            "공급면적":"--",
            "전용률":"--",
            "욕실수":100,
            "현관타입":100,
            "주거총점":39.5,
            "지역구공급총점":0.0,
            "역세권":"NA",
            "30분내 이동가능 거점":"NA",
            "1시간내 이동가능 거점":"NA",
            "교통총점":"NA",
            "백화점":100,
            "아울렛몰":0,
            "대형마트":80,
            "은행":0,
            "병원":0,
            "종합병원":100,
            "공원":80,
            "혐오시설":-100,
            "인프라총점":62.4,
            "초등학군":90.51,
            "중학군":55.4,
            "학군총점":62.422,
            "인구수":29.7,
            "인구증감":-9.63,
            "인구총점":17.901,
            "일자리":10.4,
            "소득수준":51.37,
            "일자리총점":22.691,
            "가치 총점":54.3905,
            "매매실거래년":20211125.0,
            "매매실거래가":41800.0,
            "전세실거래년":20210719.0,
            "전세실거래가":22000.0,
            "전세가율":50.0,
            "장기전세가율평균":69.64,
            "전세가율거품지수":19.64,
            "검색코드":104696,
            "세대수":163,
            "준공년월":"2013-09-30",
            "준공년차":10,
            "가까운역이름":"NA",
            "가까운역거리":"NA",
            "역세권여부":"NA",
            "30분이내주요거점역":"NA",
            "1시간이내주요거점역":"NA",
            "3km이내백화점수":2,
            "5km이내아울렛몰수":0,
            "1km이내대형먀트수":1,
            "500m이내은행수":0,
            "500m이내병원수":0,
            "5km이내대형병원수":7,
            "500m이내공원수":1,
            "3km이내혐오시설수":2,
            "초등학교학업성취도":90.51,
            "중학교학업성취도":90.6,
            "용적률":198,
            "건폐율":16,
            "Y":35.191576,
            "X":129.113276,
            "rank":68.0,
            "area_info":"33평(110.06), 33평(110.72), 33평(110.5)",
            "last_sales":"2021-11-25,41800.0,33평(110.5)"
        },
        {
            "index":224,
            "아파트명":"협진태양",
            "투자타입":"재건축",
            "전용면적(m2)":"55.33",
            "전용면적(평)":"16평",
            "법정동주소":"부산시 동래구 명장동 497-1",
            "도로명주소":"부산시 동래구 반송로339번길 8",
            "세대수":0,
            "입주년차":"--",
            "용적률점수":80,
            "건폐율점수":60,
            "세대당주차수":"--",
            "난방방식":"--",
            "공급면적":50,
            "전용률":80,
            "욕실수":"--",
            "현관타입":"--",
            "주거총점":50.5,
            "지역구공급총점":0.0,
            "역세권":"NA",
            "30분내 이동가능 거점":"NA",
            "1시간내 이동가능 거점":"NA",
            "교통총점":"NA",
            "백화점":100,
            "아울렛몰":0,
            "대형마트":0,
            "은행":0,
            "병원":30,
            "종합병원":100,
            "공원":100,
            "혐오시설":0,
            "인프라총점":56.0,
            "초등학군":84.05,
            "중학군":47.32,
            "학군총점":54.666,
            "인구수":29.7,
            "인구증감":-9.63,
            "인구총점":17.901,
            "일자리":10.4,
            "소득수준":51.37,
            "일자리총점":22.691,
            "가치 총점":53.7415,
            "매매실거래년":20210602.0,
            "매매실거래가":37500.0,
            "전세실거래년":20211030.0,
            "전세실거래가":10000.0,
            "전세가율":40.0,
            "장기전세가율평균":69.64,
            "전세가율거품지수":29.64,
            "검색코드":13703,
            "세대수":230,
            "준공년월":"1986-12-12",
            "준공년차":37,
            "가까운역이름":"NA",
            "가까운역거리":"NA",
            "역세권여부":"NA",
            "30분이내주요거점역":"NA",
            "1시간이내주요거점역":"NA",
            "3km이내백화점수":1,
            "5km이내아울렛몰수":0,
            "1km이내대형먀트수":0,
            "500m이내은행수":0,
            "500m이내병원수":7,
            "5km이내대형병원수":4,
            "500m이내공원수":3,
            "3km이내혐오시설수":0,
            "초등학교학업성취도":84.05,
            "중학교학업성취도":77.8,
            "용적률":161,
            "건폐율":34,
            "Y":35.210086,
            "X":129.102952,
            "rank":69.0,
            "area_info":"16평(55.33), 17평(58.48), 22평(75.9), 26평(88.21), 29평(97.12)",
            "last_sales":"2021-06-02,37500.0,29평(97.12)"
        },
        {
            "index":10,
            "아파트명":"동래우성",
            "투자타입":"일반",
            "전용면적(m2)":"58.2",
            "전용면적(평)":"17평",
            "법정동주소":"부산시 동래구 낙민동 83-1",
            "도로명주소":"부산시 동래구 안남로 9",
            "세대수":50,
            "입주년차":0,
            "용적률점수":"--",
            "건폐율점수":"--",
            "세대당주차수":0,
            "난방방식":30,
            "공급면적":"--",
            "전용률":"--",
            "욕실수":50,
            "현관타입":100,
            "주거총점":35.5,
            "지역구공급총점":0.0,
            "역세권":"NA",
            "30분내 이동가능 거점":"NA",
            "1시간내 이동가능 거점":"NA",
            "교통총점":"NA",
            "백화점":100,
            "아울렛몰":0,
            "대형마트":80,
            "은행":0,
            "병원":30,
            "종합병원":100,
            "공원":100,
            "혐오시설":0,
            "인프라총점":68.0,
            "초등학군":89.64,
            "중학군":46.94,
            "학군총점":55.48,
            "인구수":29.7,
            "인구증감":-9.63,
            "인구총점":17.901,
            "일자리":10.4,
            "소득수준":51.37,
            "일자리총점":22.691,
            "가치 총점":53.495,
            "매매실거래년":20211025.0,
            "매매실거래가":52500.0,
            "전세실거래년":20210624.0,
            "전세실거래가":10000.0,
            "전세가율":59.17,
            "장기전세가율평균":69.64,
            "전세가율거품지수":10.47,
            "검색코드":4816,
            "세대수":531,
            "준공년월":"1997-08-04",
            "준공년차":26,
            "가까운역이름":"NA",
            "가까운역거리":"NA",
            "역세권여부":"NA",
            "30분이내주요거점역":"NA",
            "1시간이내주요거점역":"NA",
            "3km이내백화점수":1,
            "5km이내아울렛몰수":0,
            "1km이내대형먀트수":1,
            "500m이내은행수":1,
            "500m이내병원수":7,
            "5km이내대형병원수":6,
            "500m이내공원수":4,
            "3km이내혐오시설수":0,
            "초등학교학업성취도":89.64,
            "중학교학업성취도":76.9,
            "용적률":398,
            "건폐율":22,
            "Y":35.194713,
            "X":129.093543,
            "rank":70.0,
            "area_info":"17평(58.2), 23평(76.44), 24평(81.4), 32평(107.81), 49평(162.94)",
            "last_sales":"2021-10-25,52500.0,49평(162.94)"
        },
        {
            "index":679,
            "아파트명":"새온천화신동영",
            "투자타입":"일반",
            "전용면적(m2)":"75.38",
            "전용면적(평)":"22평",
            "법정동주소":"부산시 동래구 온천동 1600",
            "도로명주소":"부산시 동래구 쇠미로129번길 62-12",
            "세대수":50,
            "입주년차":0,
            "용적률점수":"--",
            "건폐율점수":"--",
            "세대당주차수":0,
            "난방방식":30,
            "공급면적":"--",
            "전용률":"--",
            "욕실수":50,
            "현관타입":100,
            "주거총점":35.5,
            "지역구공급총점":0.0,
            "역세권":"NA",
            "30분내 이동가능 거점":"NA",
            "1시간내 이동가능 거점":"NA",
            "교통총점":"NA",
            "백화점":100,
            "아울렛몰":0,
            "대형마트":80,
            "은행":0,
            "병원":0,
            "종합병원":100,
            "공원":100,
            "혐오시설":0,
            "인프라총점":65.0,
            "초등학군":89.28,
            "중학군":52.5,
            "학군총점":59.856,
            "인구수":29.7,
            "인구증감":-9.63,
            "인구총점":17.901,
            "일자리":10.4,
            "소득수준":51.37,
            "일자리총점":22.691,
            "가치 총점":53.389,
            "매매실거래년":20210817.0,
            "매매실거래가":34800.0,
            "전세실거래년":20200403.0,
            "전세실거래가":10000.0,
            "전세가율":67.57,
            "장기전세가율평균":69.64,
            "전세가율거품지수":2.07,
            "검색코드":4937,
            "세대수":464,
            "준공년월":"1996-08-31",
            "준공년차":27,
            "가까운역이름":"NA",
            "가까운역거리":"NA",
            "역세권여부":"NA",
            "30분이내주요거점역":"NA",
            "1시간이내주요거점역":"NA",
            "3km이내백화점수":1,
            "5km이내아울렛몰수":0,
            "1km이내대형먀트수":1,
            "500m이내은행수":0,
            "500m이내병원수":1,
            "5km이내대형병원수":6,
            "500m이내공원수":3,
            "3km이내혐오시설수":0,
            "초등학교학업성취도":89.28,
            "중학교학업성취도":85.3,
            "용적률":0,
            "건폐율":0,
            "Y":35.20601,
            "X":129.059792,
            "rank":71.0,
            "area_info":"22평(75.38), 25평(85.61), 32평(106.44), 32평(106.85), 42평(139.52), 46평(153.41), 49평(162.34)",
            "last_sales":"2021-08-17,34800.0,49평(162.34)"
        },
        {
            "index":487,
            "아파트명":"안락SK",
            "투자타입":"일반",
            "전용면적(m2)":"79.89",
            "전용면적(평)":"24평",
            "법정동주소":"부산시 동래구 안락동 472-57",
            "도로명주소":"부산시 동래구 충렬대로 487",
            "세대수":100,
            "입주년차":20,
            "용적률점수":"--",
            "건폐율점수":"--",
            "세대당주차수":60,
            "난방방식":30,
            "공급면적":"--",
            "전용률":"--",
            "욕실수":50,
            "현관타입":100,
            "주거총점":66.0,
            "지역구공급총점":0.0,
            "역세권":"NA",
            "30분내 이동가능 거점":"NA",
            "1시간내 이동가능 거점":"NA",
            "교통총점":"NA",
            "백화점":0,
            "아울렛몰":0,
            "대형마트":80,
            "은행":0,
            "병원":60,
            "종합병원":100,
            "공원":0,
            "혐오시설":-100,
            "인프라총점":36.0,
            "초등학군":90.51,
            "중학군":55.4,
            "학군총점":62.422,
            "인구수":29.7,
            "인구증감":-9.63,
            "인구총점":17.901,
            "일자리":10.4,
            "소득수준":51.37,
            "일자리총점":22.691,
            "가치 총점":53.1055,
            "매매실거래년":20211111.0,
            "매매실거래가":53000.0,
            "전세실거래년":20211110.0,
            "전세실거래가":30000.0,
            "전세가율":71.94,
            "장기전세가율평균":69.64,
            "전세가율거품지수":-2.3,
            "검색코드":4925,
            "세대수":1898,
            "준공년월":"1999-05-19",
            "준공년차":24,
            "가까운역이름":"NA",
            "가까운역거리":"NA",
            "역세권여부":"NA",
            "30분이내주요거점역":"NA",
            "1시간이내주요거점역":"NA",
            "3km이내백화점수":0,
            "5km이내아울렛몰수":0,
            "1km이내대형먀트수":1,
            "500m이내은행수":1,
            "500m이내병원수":13,
            "5km이내대형병원수":6,
            "500m이내공원수":0,
            "3km이내혐오시설수":2,
            "초등학교학업성취도":90.51,
            "중학교학업성취도":90.6,
            "용적률":342,
            "건폐율":20,
            "Y":35.196009,
            "X":129.111558,
            "rank":72.0,
            "area_info":"24평(79.89), 24평(79.69), 32평(106.65), 32평(107.55), 42평(140.41), 48평(160.89), 58평(193.11), 74평(246.22)",
            "last_sales":"2021-11-11,53000.0,32평(107.55)"
        },
        {
            "index":29,
            "아파트명":"중앙하이츠1차",
            "투자타입":"일반",
            "전용면적(m2)":"85.02",
            "전용면적(평)":"25평",
            "법정동주소":"부산시 동래구 낙민동 91-2",
            "도로명주소":"부산시 동래구 안남로31번길 10",
            "세대수":30,
            "입주년차":0,
            "용적률점수":"--",
            "건폐율점수":"--",
            "세대당주차수":0,
            "난방방식":30,
            "공급면적":"--",
            "전용률":"--",
            "욕실수":50,
            "현관타입":10,
            "주거총점":19.5,
            "지역구공급총점":0.0,
            "역세권":"NA",
            "30분내 이동가능 거점":"NA",
            "1시간내 이동가능 거점":"NA",
            "교통총점":"NA",
            "백화점":100,
            "아울렛몰":0,
            "대형마트":80,
            "은행":100,
            "병원":60,
            "종합병원":100,
            "공원":100,
            "혐오시설":0,
            "인프라총점":81.0,
            "초등학군":89.64,
            "중학군":46.94,
            "학군총점":55.48,
            "인구수":29.7,
            "인구증감":-9.63,
            "인구총점":17.901,
            "일자리":10.4,
            "소득수준":51.37,
            "일자리총점":22.691,
            "가치 총점":53.095,
            "매매실거래년":20211204.0,
            "매매실거래가":41000.0,
            "전세실거래년":20211104.0,
            "전세실거래가":14700.0,
            "전세가율":57.2,
            "장기전세가율평균":69.64,
            "전세가율거품지수":12.44,
            "검색코드":4821,
            "세대수":330,
            "준공년월":"1994-09-30",
            "준공년차":29,
            "가까운역이름":"NA",
            "가까운역거리":"NA",
            "역세권여부":"NA",
            "30분이내주요거점역":"NA",
            "1시간이내주요거점역":"NA",
            "3km이내백화점수":1,
            "5km이내아울렛몰수":0,
            "1km이내대형먀트수":1,
            "500m이내은행수":5,
            "500m이내병원수":13,
            "5km이내대형병원수":6,
            "500m이내공원수":4,
            "3km이내혐오시설수":0,
            "초등학교학업성취도":89.64,
            "중학교학업성취도":76.9,
            "용적률":195,
            "건폐율":23,
            "Y":35.195154,
            "X":129.096535,
            "rank":73.0,
            "area_info":"25평(85.02), 32평(106.6)",
            "last_sales":"2021-12-04,41000.0,32평(106.6)"
        },
        {
            "index":386,
            "아파트명":"삼익",
            "투자타입":"재건축",
            "전용면적(m2)":"83.05",
            "전용면적(평)":"25평",
            "법정동주소":"부산시 동래구 사직동 13-1",
            "도로명주소":"부산시 동래구 사직북로48번길 25",
            "세대수":30,
            "입주년차":"--",
            "용적률점수":0,
            "건폐율점수":0,
            "세대당주차수":"--",
            "난방방식":"--",
            "공급면적":70,
            "전용률":60,
            "욕실수":"--",
            "현관타입":"--",
            "주거총점":15.5,
            "지역구공급총점":0.0,
            "역세권":"NA",
            "30분내 이동가능 거점":"NA",
            "1시간내 이동가능 거점":"NA",
            "교통총점":"NA",
            "백화점":100,
            "아울렛몰":0,
            "대형마트":80,
            "은행":70,
            "병원":80,
            "종합병원":100,
            "공원":100,
            "혐오시설":0,
            "인프라총점":80.0,
            "초등학군":92.06,
            "중학군":52.5,
            "학군총점":60.412,
            "인구수":29.7,
            "인구증감":-9.63,
            "인구총점":17.901,
            "일자리":10.4,
            "소득수준":51.37,
            "일자리총점":22.691,
            "가치 총점":52.528,
            "매매실거래년":20211120.0,
            "매매실거래가":57700.0,
            "전세실거래년":20211127.0,
            "전세실거래가":14000.0,
            "전세가율":24.26,
            "장기전세가율평균":69.64,
            "전세가율거품지수":45.38,
            "검색코드":4840,
            "세대수":300,
            "준공년월":"1979-06-25",
            "준공년차":44,
            "가까운역이름":"NA",
            "가까운역거리":"NA",
            "역세권여부":"NA",
            "30분이내주요거점역":"NA",
            "1시간이내주요거점역":"NA",
            "3km이내백화점수":1,
            "5km이내아울렛몰수":0,
            "1km이내대형먀트수":1,
            "500m이내은행수":4,
            "500m이내병원수":41,
            "5km이내대형병원수":7,
            "500m이내공원수":5,
            "3km이내혐오시설수":0,
            "초등학교학업성취도":92.06,
            "중학교학업성취도":85.3,
            "용적률":0,
            "건폐율":0,
            "Y":35.201134,
            "X":129.059663,
            "rank":74.0,
            "area_info":"25평(83.05), 31평(104.16), 33평(110.46)",
            "last_sales":"2021-11-20,57700.0,25평(83.05)"
        },
        {
            "index":208,
            "아파트명":"삼성타운",
            "투자타입":"일반",
            "전용면적(m2)":"74.2",
            "전용면적(평)":"22평",
            "법정동주소":"부산시 동래구 명장동 63-9",
            "도로명주소":"부산시 동래구 명장로20번길 90",
            "세대수":50,
            "입주년차":0,
            "용적률점수":"--",
            "건폐율점수":"--",
            "세대당주차수":30,
            "난방방식":30,
            "공급면적":"--",
            "전용률":"--",
            "욕실수":50,
            "현관타입":100,
            "주거총점":40.0,
            "지역구공급총점":0.0,
            "역세권":"NA",
            "30분내 이동가능 거점":"NA",
            "1시간내 이동가능 거점":"NA",
            "교통총점":"NA",
            "백화점":100,
            "아울렛몰":0,
            "대형마트":0,
            "은행":20,
            "병원":60,
            "종합병원":100,
            "공원":100,
            "혐오시설":0,
            "인프라총점":61.0,
            "초등학군":87.78,
            "중학군":46.94,
            "학군총점":55.108,
            "인구수":29.7,
            "인구증감":-9.63,
            "인구총점":17.901,
            "일자리":10.4,
            "소득수준":51.37,
            "일자리총점":22.691,
            "가치 총점":52.177,
            "매매실거래년":20211214.0,
            "매매실거래가":37500.0,
            "전세실거래년":20210818.0,
            "전세실거래가":16000.0,
            "전세가율":53.33,
            "장기전세가율평균":69.64,
            "전세가율거품지수":16.31,
            "검색코드":8040,
            "세대수":471,
            "준공년월":"1996-08-01",
            "준공년차":27,
            "가까운역이름":"NA",
            "가까운역거리":"NA",
            "역세권여부":"NA",
            "30분이내주요거점역":"NA",
            "1시간이내주요거점역":"NA",
            "3km이내백화점수":1,
            "5km이내아울렛몰수":0,
            "1km이내대형먀트수":0,
            "500m이내은행수":2,
            "500m이내병원수":22,
            "5km이내대형병원수":6,
            "500m이내공원수":2,
            "3km이내혐오시설수":0,
            "초등학교학업성취도":87.78,
            "중학교학업성취도":76.9,
            "용적률":399,
            "건폐율":31,
            "Y":35.202748,
            "X":129.100053,
            "rank":75.0,
            "area_info":"22평(74.2), 22평(74.25), 23평(77.65), 30평(99.51), 30평(99.6)",
            "last_sales":"2021-12-14,37500.0,30평(99.51)"
        },
        {
            "index":727,
            "아파트명":"온천위너비타",
            "투자타입":"일반",
            "전용면적(m2)":"26.79",
            "전용면적(평)":"8평",
            "법정동주소":"부산시 동래구 온천동 164-66",
            "도로명주소":"부산시 동래구 온천장로 102",
            "세대수":0,
            "입주년차":20,
            "용적률점수":"--",
            "건폐율점수":"--",
            "세대당주차수":0,
            "난방방식":30,
            "공급면적":"--",
            "전용률":"--",
            "욕실수":50,
            "현관타입":10,
            "주거총점":13.0,
            "지역구공급총점":0.0,
            "역세권":"NA",
            "30분내 이동가능 거점":"NA",
            "1시간내 이동가능 거점":"NA",
            "교통총점":"NA",
            "백화점":100,
            "아울렛몰":0,
            "대형마트":80,
            "은행":100,
            "병원":80,
            "종합병원":100,
            "공원":0,
            "혐오시설":0,
            "인프라총점":80.0,
            "초등학군":93.26,
            "중학군":50.98,
            "학군총점":59.436,
            "인구수":29.7,
            "인구증감":-9.63,
            "인구총점":17.901,
            "일자리":10.4,
            "소득수준":51.37,
            "일자리총점":22.691,
            "가치 총점":51.409,
            "매매실거래년":20201113.0,
            "매매실거래가":8100.0,
            "전세실거래년":null,
            "전세실거래가":null,
            "전세가율":null,
            "장기전세가율평균":69.64,
            "전세가율거품지수":null,
            "검색코드":109723,
            "세대수":131,
            "준공년월":"2003-12-18",
            "준공년차":20,
            "가까운역이름":"NA",
            "가까운역거리":"NA",
            "역세권여부":"NA",
            "30분이내주요거점역":"NA",
            "1시간이내주요거점역":"NA",
            "3km이내백화점수":1,
            "5km이내아울렛몰수":0,
            "1km이내대형먀트수":1,
            "500m이내은행수":6,
            "500m이내병원수":34,
            "5km이내대형병원수":4,
            "500m이내공원수":0,
            "3km이내혐오시설수":0,
            "초등학교학업성취도":93.26,
            "중학교학업성취도":81.7,
            "용적률":971,
            "건폐율":75,
            "Y":35.219731,
            "X":129.083949,
            "rank":76.0,
            "area_info":"8평(26.79), 9평(32.86), 10평(33.16), 12평(42.49), 13평(44.73), 14평(46.78), 15평(50.68)",
            "last_sales":"2020-11-13,8100.0,14평(46.78)"
        },
        {
            "index":31,
            "아파트명":"중앙하이츠2차",
            "투자타입":"일반",
            "전용면적(m2)":"83.6",
            "전용면적(평)":"25평",
            "법정동주소":"부산시 동래구 낙민동 90-6",
            "도로명주소":"부산시 동래구 안남로 36",
            "세대수":50,
            "입주년차":0,
            "용적률점수":"--",
            "건폐율점수":"--",
            "세대당주차수":0,
            "난방방식":30,
            "공급면적":"--",
            "전용률":"--",
            "욕실수":50,
            "현관타입":10,
            "주거총점":26.5,
            "지역구공급총점":0.0,
            "역세권":"NA",
            "30분내 이동가능 거점":"NA",
            "1시간내 이동가능 거점":"NA",
            "교통총점":"NA",
            "백화점":100,
            "아울렛몰":0,
            "대형마트":80,
            "은행":0,
            "병원":30,
            "종합병원":100,
            "공원":100,
            "혐오시설":0,
            "인프라총점":68.0,
            "초등학군":89.64,
            "중학군":52.16,
            "학군총점":59.656,
            "인구수":29.7,
            "인구증감":-9.63,
            "인구총점":17.901,
            "일자리":10.4,
            "소득수준":51.37,
            "일자리총점":22.691,
            "가치 총점":51.389,
            "매매실거래년":20211221.0,
            "매매실거래가":28200.0,
            "전세실거래년":20211213.0,
            "전세실거래가":16800.0,
            "전세가율":59.57,
            "장기전세가율평균":69.64,
            "전세가율거품지수":10.07,
            "검색코드":4822,
            "세대수":511,
            "준공년월":"1996-06-17",
            "준공년차":27,
            "가까운역이름":"NA",
            "가까운역거리":"NA",
            "역세권여부":"NA",
            "30분이내주요거점역":"NA",
            "1시간이내주요거점역":"NA",
            "3km이내백화점수":1,
            "5km이내아울렛몰수":0,
            "1km이내대형먀트수":1,
            "500m이내은행수":1,
            "500m이내병원수":8,
            "5km이내대형병원수":6,
            "500m이내공원수":4,
            "3km이내혐오시설수":0,
            "초등학교학업성취도":89.64,
            "중학교학업성취도":84.6,
            "용적률":348,
            "건폐율":34,
            "Y":35.193711,
            "X":129.095681,
            "rank":77.0,
            "area_info":"25평(83.6), 32평(105.98)",
            "last_sales":"2021-12-21,28200.0,25평(83.6)"
        },
        {
            "index":577,
            "아파트명":"동래지웰",
            "투자타입":"일반",
            "전용면적(m2)":"83.74",
            "전용면적(평)":"25평",
            "법정동주소":"부산시 동래구 온천동 1834",
            "도로명주소":"부산시 동래구 쇠미로 197",
            "세대수":0,
            "입주년차":80,
            "용적률점수":"--",
            "건폐율점수":"--",
            "세대당주차수":30,
            "난방방식":30,
            "공급면적":"--",
            "전용률":"--",
            "욕실수":100,
            "현관타입":100,
            "주거총점":43.5,
            "지역구공급총점":0.0,
            "역세권":"NA",
            "30분내 이동가능 거점":"NA",
            "1시간내 이동가능 거점":"NA",
            "교통총점":"NA",
            "백화점":100,
            "아울렛몰":0,
            "대형마트":0,
            "은행":0,
            "병원":0,
            "종합병원":100,
            "공원":100,
            "혐오시설":0,
            "인프라총점":53.0,
            "초등학군":89.28,
            "중학군":52.5,
            "학군총점":59.856,
            "인구수":29.7,
            "인구증감":-9.63,
            "인구총점":17.901,
            "일자리":10.4,
            "소득수준":51.37,
            "일자리총점":22.691,
            "가치 총점":51.389,
            "매매실거래년":20211027.0,
            "매매실거래가":37000.0,
            "전세실거래년":20210901.0,
            "전세실거래가":30000.0,
            "전세가율":81.08,
            "장기전세가율평균":69.64,
            "전세가율거품지수":-11.44,
            "검색코드":111465,
            "세대수":219,
            "준공년월":"2018-07-24",
            "준공년차":5,
            "가까운역이름":"NA",
            "가까운역거리":"NA",
            "역세권여부":"NA",
            "30분이내주요거점역":"NA",
            "1시간이내주요거점역":"NA",
            "3km이내백화점수":1,
            "5km이내아울렛몰수":0,
            "1km이내대형먀트수":0,
            "500m이내은행수":0,
            "500m이내병원수":0,
            "5km이내대형병원수":6,
            "500m이내공원수":4,
            "3km이내혐오시설수":0,
            "초등학교학업성취도":89.28,
            "중학교학업성취도":85.3,
            "용적률":228,
            "건폐율":15,
            "Y":35.208546,
            "X":129.062812,
            "rank":77.0,
            "area_info":"25평(83.74), 25평(83.74), 25평(84.78), 35평(117.68), 43평(142.77), 44평(146.23), 61평(204.34)",
            "last_sales":"2021-10-27,37000.0,25평(83.74)"
        },
        {
            "index":498,
            "아파트명":"안락경동리인",
            "투자타입":"일반",
            "전용면적(m2)":"80.95",
            "전용면적(평)":"24평",
            "법정동주소":"부산시 동래구 안락동 1258",
            "도로명주소":"부산시 동래구 충렬대로446번길 67",
            "세대수":50,
            "입주년차":80,
            "용적률점수":"--",
            "건폐율점수":"--",
            "세대당주차수":30,
            "난방방식":30,
            "공급면적":"--",
            "전용률":"--",
            "욕실수":100,
            "현관타입":100,
            "주거총점":61.0,
            "지역구공급총점":0.0,
            "역세권":"NA",
            "30분내 이동가능 거점":"NA",
            "1시간내 이동가능 거점":"NA",
            "교통총점":"NA",
            "백화점":0,
            "아울렛몰":0,
            "대형마트":80,
            "은행":0,
            "병원":60,
            "종합병원":100,
            "공원":0,
            "혐오시설":-100,
            "인프라총점":36.0,
            "초등학군":90.51,
            "중학군":53.52,
            "학군총점":60.918,
            "인구수":29.7,
            "인구증감":-9.63,
            "인구총점":17.901,
            "일자리":10.4,
            "소득수준":51.37,
            "일자리총점":22.691,
            "가치 총점":50.9795,
            "매매실거래년":20211126.0,
            "매매실거래가":60000.0,
            "전세실거래년":20211221.0,
            "전세실거래가":39000.0,
            "전세가율":75.14,
            "장기전세가율평균":69.64,
            "전세가율거품지수":-5.5,
            "검색코드":108175,
            "세대수":693,
            "준공년월":"2015-06-24",
            "준공년차":8,
            "가까운역이름":"NA",
            "가까운역거리":"NA",
            "역세권여부":"NA",
            "30분이내주요거점역":"NA",
            "1시간이내주요거점역":"NA",
            "3km이내백화점수":0,
            "5km이내아울렛몰수":0,
            "1km이내대형먀트수":1,
            "500m이내은행수":1,
            "500m이내병원수":13,
            "5km이내대형병원수":7,
            "500m이내공원수":0,
            "3km이내혐오시설수":3,
            "초등학교학업성취도":90.51,
            "중학교학업성취도":86.4,
            "용적률":283,
            "건폐율":18,
            "Y":35.19192,
            "X":129.106057,
            "rank":78.0,
            "area_info":"24평(80.95), 24평(80.95), 24평(82.38), 24평(82.38), 29평(98.77), 29평(99.09), 32평(106.22), 32평(106.02), 34평(112.83), 34평(112.96), 38평(126.48), 38평(126.03), 42평(141.6)",
            "last_sales":"2021-11-26,60000.0,34평(112.83)"
        },
        {
            "index":421,
            "아파트명":"반도보라맨션",
            "투자타입":"재건축",
            "전용면적(m2)":"76.9",
            "전용면적(평)":"23평",
            "법정동주소":"부산시 동래구 수안동 106-1",
            "도로명주소":"부산시 동래구 충렬대로238번가길 58",
            "세대수":0,
            "입주년차":"--",
            "용적률점수":0,
            "건폐율점수":0,
            "세대당주차수":"--",
            "난방방식":"--",
            "공급면적":50,
            "전용률":80,
            "욕실수":"--",
            "현관타입":"--",
            "주거총점":6.5,
            "지역구공급총점":0.0,
            "역세권":"NA",
            "30분내 이동가능 거점":"NA",
            "1시간내 이동가능 거점":"NA",
            "교통총점":"NA",
            "백화점":100,
            "아울렛몰":0,
            "대형마트":100,
            "은행":70,
            "병원":80,
            "종합병원":100,
            "공원":80,
            "혐오시설":0,
            "인프라총점":82.4,
            "초등학군":93.33,
            "중학군":54.68,
            "학군총점":62.41,
            "인구수":29.7,
            "인구증감":-9.63,
            "인구총점":17.901,
            "일자리":10.4,
            "소득수준":51.37,
            "일자리총점":22.691,
            "가치 총점":50.8375,
            "매매실거래년":20210526.0,
            "매매실거래가":22000.0,
            "전세실거래년":20210105.0,
            "전세실거래가":10000.0,
            "전세가율":22.22,
            "장기전세가율평균":69.64,
            "전세가율거품지수":47.42,
            "검색코드":14781,
            "세대수":180,
            "준공년월":"1984-11-23",
            "준공년차":39,
            "가까운역이름":"NA",
            "가까운역거리":"NA",
            "역세권여부":"NA",
            "30분이내주요거점역":"NA",
            "1시간이내주요거점역":"NA",
            "3km이내백화점수":1,
            "5km이내아울렛몰수":0,
            "1km이내대형먀트수":2,
            "500m이내은행수":3,
            "500m이내병원수":54,
            "5km이내대형병원수":6,
            "500m이내공원수":1,
            "3km이내혐오시설수":0,
            "초등학교학업성취도":93.33,
            "중학교학업성취도":88.4,
            "용적률":0,
            "건폐율":0,
            "Y":35.19888,
            "X":129.086252,
            "rank":79.0,
            "area_info":"23평(76.9), 23평(78.35), 26평(88.57), 26평(89.07), 27평(92.05), 28평(93.4), 28평(95.46), 29평(98.35), 29평(98.27)",
            "last_sales":"2021-05-26,22000.0,29평(98.35)"
        },
        {
            "index":24,
            "아파트명":"제일맨션",
            "투자타입":"일반",
            "전용면적(m2)":"74.42",
            "전용면적(평)":"22평",
            "법정동주소":"부산시 동래구 낙민동 186-13",
            "도로명주소":"부산시 동래구 낙민로 14",
            "세대수":0,
            "입주년차":0,
            "용적률점수":"--",
            "건폐율점수":"--",
            "세대당주차수":0,
            "난방방식":30,
            "공급면적":"--",
            "전용률":"--",
            "욕실수":50,
            "현관타입":100,
            "주거총점":18.0,
            "지역구공급총점":0.0,
            "역세권":"NA",
            "30분내 이동가능 거점":"NA",
            "1시간내 이동가능 거점":"NA",
            "교통총점":"NA",
            "백화점":100,
            "아울렛몰":0,
            "대형마트":100,
            "은행":0,
            "병원":80,
            "종합병원":100,
            "공원":100,
            "혐오시설":0,
            "인프라총점":76.0,
            "초등학군":93.33,
            "중학군":46.94,
            "학군총점":56.218,
            "인구수":29.7,
            "인구증감":-9.63,
            "인구총점":17.901,
            "일자리":10.4,
            "소득수준":51.37,
            "일자리총점":22.691,
            "가치 총점":50.7545,
            "매매실거래년":20210513.0,
            "매매실거래가":35700.0,
            "전세실거래년":null,
            "전세실거래가":null,
            "전세가율":null,
            "장기전세가율평균":69.64,
            "전세가율거품지수":null,
            "검색코드":14754,
            "세대수":144,
            "준공년월":"1995-11-18",
            "준공년차":28,
            "가까운역이름":"NA",
            "가까운역거리":"NA",
            "역세권여부":"NA",
            "30분이내주요거점역":"NA",
            "1시간이내주요거점역":"NA",
            "3km이내백화점수":1,
            "5km이내아울렛몰수":0,
            "1km이내대형먀트수":2,
            "500m이내은행수":0,
            "500m이내병원수":39,
            "5km이내대형병원수":6,
            "500m이내공원수":2,
            "3km이내혐오시설수":0,
            "초등학교학업성취도":93.33,
            "중학교학업성취도":76.9,
            "용적률":299,
            "건폐율":35,
            "Y":35.199181,
            "X":129.089792,
            "rank":80.0,
            "area_info":"22평(74.42), 22평(75.35), 22평(75.42), 32평(106.76), 32평(106.13)",
            "last_sales":"2021-05-13,35700.0,32평(106.76)"
        },
        {
            "index":515,
            "아파트명":"안락뜨란채2단지",
            "투자타입":"일반",
            "전용면적(m2)":"66.28",
            "전용면적(평)":"20평",
            "법정동주소":"부산시 동래구 안락동 1242",
            "도로명주소":"부산시 동래구 연안로 74",
            "세대수":90,
            "입주년차":40,
            "용적률점수":"--",
            "건폐율점수":"--",
            "세대당주차수":0,
            "난방방식":30,
            "공급면적":"--",
            "전용률":"--",
            "욕실수":50,
            "현관타입":100,
            "주거총점":57.5,
            "지역구공급총점":0.0,
            "역세권":"NA",
            "30분내 이동가능 거점":"NA",
            "1시간내 이동가능 거점":"NA",
            "교통총점":"NA",
            "백화점":0,
            "아울렛몰":0,
            "대형마트":80,
            "은행":0,
            "병원":60,
            "종합병원":100,
            "공원":80,
            "혐오시설":-100,
            "인프라총점":38.4,
            "초등학군":90.51,
            "중학군":53.52,
            "학군총점":60.918,
            "인구수":29.7,
            "인구증감":-9.63,
            "인구총점":17.901,
            "일자리":10.4,
            "소득수준":51.37,
            "일자리총점":22.691,
            "가치 총점":50.7145,
            "매매실거래년":20211014.0,
            "매매실거래가":64500.0,
            "전세실거래년":20220106.0,
            "전세실거래가":27000.0,
            "전세가율":66.67,
            "장기전세가율평균":69.64,
            "전세가율거품지수":2.97,
            "검색코드":17598,
            "세대수":1420,
            "준공년월":"2005-10-26",
            "준공년차":18,
            "가까운역이름":"NA",
            "가까운역거리":"NA",
            "역세권여부":"NA",
            "30분이내주요거점역":"NA",
            "1시간이내주요거점역":"NA",
            "3km이내백화점수":0,
            "5km이내아울렛몰수":0,
            "1km이내대형먀트수":1,
            "500m이내은행수":0,
            "500m이내병원수":10,
            "5km이내대형병원수":7,
            "500m이내공원수":1,
            "3km이내혐오시설수":2,
            "초등학교학업성취도":90.51,
            "중학교학업성취도":86.4,
            "용적률":209,
            "건폐율":15,
            "Y":35.192808,
            "X":129.109669,
            "rank":81.0,
            "area_info":"20평(66.28), 24평(81.65), 24평(81.56), 30평(101.02), 34평(114.15)",
            "last_sales":"2021-10-14,64500.0,34평(114.15)"
        },
        {
            "index":520,
            "아파트명":"안락현대",
            "투자타입":"일반",
            "전용면적(m2)":"78.15",
            "전용면적(평)":"23평",
            "법정동주소":"부산시 동래구 안락동 15-26",
            "도로명주소":"부산시 동래구 삼어로 9",
            "세대수":80,
            "입주년차":20,
            "용적률점수":"--",
            "건폐율점수":"--",
            "세대당주차수":30,
            "난방방식":30,
            "공급면적":"--",
            "전용률":"--",
            "욕실수":50,
            "현관타입":100,
            "주거총점":54.5,
            "지역구공급총점":0.0,
            "역세권":"NA",
            "30분내 이동가능 거점":"NA",
            "1시간내 이동가능 거점":"NA",
            "교통총점":"NA",
            "백화점":0,
            "아울렛몰":0,
            "대형마트":80,
            "은행":70,
            "병원":10,
            "종합병원":100,
            "공원":100,
            "혐오시설":-50,
            "인프라총점":42.0,
            "초등학군":79.1,
            "중학군":54.2,
            "학군총점":59.18,
            "인구수":29.7,
            "인구증감":-9.63,
            "인구총점":17.901,
            "일자리":10.4,
            "소득수준":51.37,
            "일자리총점":22.691,
            "가치 총점":50.67,
            "매매실거래년":20220105.0,
            "매매실거래가":44500.0,
            "전세실거래년":20210903.0,
            "전세실거래가":16800.0,
            "전세가율":49.41,
            "장기전세가율평균":69.64,
            "전세가율거품지수":20.23,
            "검색코드":4920,
            "세대수":738,
            "준공년월":"2001-03-31",
            "준공년차":22,
            "가까운역이름":"NA",
            "가까운역거리":"NA",
            "역세권여부":"NA",
            "30분이내주요거점역":"NA",
            "1시간이내주요거점역":"NA",
            "3km이내백화점수":0,
            "5km이내아울렛몰수":0,
            "1km이내대형먀트수":1,
            "500m이내은행수":3,
            "500m이내병원수":4,
            "5km이내대형병원수":5,
            "500m이내공원수":3,
            "3km이내혐오시설수":1,
            "초등학교학업성취도":79.1,
            "중학교학업성취도":87.6,
            "용적률":238,
            "건폐율":16,
            "Y":35.200535,
            "X":129.11442,
            "rank":82.0,
            "area_info":"23평(78.15), 29평(97.34), 31평(104.62), 42평(141.53), 50평(167.64)",
            "last_sales":"2022-01-05,44500.0,31평(104.62)"
        },
        {
            "index":446,
            "아파트명":"수안조성하이츠",
            "투자타입":"일반",
            "전용면적(m2)":"77.44",
            "전용면적(평)":"23평",
            "법정동주소":"부산시 동래구 수안동 32-3",
            "도로명주소":"부산시 동래구 온천천로 273",
            "세대수":0,
            "입주년차":0,
            "용적률점수":"--",
            "건폐율점수":"--",
            "세대당주차수":0,
            "난방방식":30,
            "공급면적":"--",
            "전용률":"--",
            "욕실수":50,
            "현관타입":100,
            "주거총점":18.0,
            "지역구공급총점":0.0,
            "역세권":"NA",
            "30분내 이동가능 거점":"NA",
            "1시간내 이동가능 거점":"NA",
            "교통총점":"NA",
            "백화점":100,
            "아울렛몰":0,
            "대형마트":100,
            "은행":0,
            "병원":30,
            "종합병원":100,
            "공원":80,
            "혐오시설":0,
            "인프라총점":70.4,
            "초등학군":93.33,
            "중학군":54.68,
            "학군총점":62.41,
            "인구수":29.7,
            "인구증감":-9.63,
            "인구총점":17.901,
            "일자리":10.4,
            "소득수준":51.37,
            "일자리총점":22.691,
            "가치 총점":50.0625,
            "매매실거래년":20211201.0,
            "매매실거래가":30500.0,
            "전세실거래년":20210616.0,
            "전세실거래가":20000.0,
            "전세가율":65.57,
            "장기전세가율평균":69.64,
            "전세가율거품지수":4.07,
            "검색코드":10908,
            "세대수":163,
            "준공년월":"1998-05-13",
            "준공년차":25,
            "가까운역이름":"NA",
            "가까운역거리":"NA",
            "역세권여부":"NA",
            "30분이내주요거점역":"NA",
            "1시간이내주요거점역":"NA",
            "3km이내백화점수":1,
            "5km이내아울렛몰수":0,
            "1km이내대형먀트수":2,
            "500m이내은행수":1,
            "500m이내병원수":8,
            "5km이내대형병원수":6,
            "500m이내공원수":1,
            "3km이내혐오시설수":0,
            "초등학교학업성취도":93.33,
            "중학교학업성취도":88.4,
            "용적률":0,
            "건폐율":0,
            "Y":35.19678,
            "X":129.08423,
            "rank":83.0,
            "area_info":"23평(77.44), 23평(77.53), 33평(109.81)",
            "last_sales":"2021-12-01,30500.0,23평(77.44)"
        },
        {
            "index":459,
            "아파트명":"동래화목타운",
            "투자타입":"재건축",
            "전용면적(m2)":"103.73",
            "전용면적(평)":"31평",
            "법정동주소":"부산시 동래구 안락동 962",
            "도로명주소":"부산시 동래구 충렬사로 39",
            "세대수":80,
            "입주년차":"--",
            "용적률점수":0,
            "건폐율점수":0,
            "세대당주차수":"--",
            "난방방식":"--",
            "공급면적":90,
            "전용률":80,
            "욕실수":"--",
            "현관타입":"--",
            "주거총점":32.5,
            "지역구공급총점":0.0,
            "역세권":"NA",
            "30분내 이동가능 거점":"NA",
            "1시간내 이동가능 거점":"NA",
            "교통총점":"NA",
            "백화점":100,
            "아울렛몰":0,
            "대형마트":0,
            "은행":20,
            "병원":60,
            "종합병원":100,
            "공원":100,
            "혐오시설":0,
            "인프라총점":61.0,
            "초등학군":89.18,
            "중학군":46.94,
            "학군총점":55.388,
            "인구수":29.7,
            "인구증감":-9.63,
            "인구총점":17.901,
            "일자리":10.4,
            "소득수준":51.37,
            "일자리총점":22.691,
            "가치 총점":49.622,
            "매매실거래년":20210731.0,
            "매매실거래가":50100.0,
            "전세실거래년":20211120.0,
            "전세실거래가":23000.0,
            "전세가율":54.12,
            "장기전세가율평균":69.64,
            "전세가율거품지수":15.52,
            "검색코드":4914,
            "세대수":793,
            "준공년월":"1990-08-31",
            "준공년차":33,
            "가까운역이름":"NA",
            "가까운역거리":"NA",
            "역세권여부":"NA",
            "30분이내주요거점역":"NA",
            "1시간이내주요거점역":"NA",
            "3km이내백화점수":1,
            "5km이내아울렛몰수":0,
            "1km이내대형먀트수":0,
            "500m이내은행수":2,
            "500m이내병원수":19,
            "5km이내대형병원수":6,
            "500m이내공원수":2,
            "3km이내혐오시설수":0,
            "초등학교학업성취도":89.18,
            "중학교학업성취도":76.9,
            "용적률":0,
            "건폐율":0,
            "Y":35.203749,
            "X":129.09709,
            "rank":84.0,
            "area_info":"31평(103.73), 47평(157.16), 50평(167.17), 52평(172.42), 62평(207.29), 64평(212.52)",
            "last_sales":"2021-07-31,50100.0,62평(207.29)"
        },
        {
            "index":745,
            "아파트명":"태림맨션",
            "투자타입":"재건축",
            "전용면적(m2)":"67.44",
            "전용면적(평)":"20평",
            "법정동주소":"부산시 동래구 온천동 1462-30",
            "도로명주소":"부산시 동래구 여고북로123번길 23",
            "세대수":0,
            "입주년차":"--",
            "용적률점수":0,
            "건폐율점수":0,
            "세대당주차수":"--",
            "난방방식":"--",
            "공급면적":50,
            "전용률":100,
            "욕실수":"--",
            "현관타입":"--",
            "주거총점":7.5,
            "지역구공급총점":0.0,
            "역세권":"NA",
            "30분내 이동가능 거점":"NA",
            "1시간내 이동가능 거점":"NA",
            "교통총점":"NA",
            "백화점":100,
            "아울렛몰":0,
            "대형마트":80,
            "은행":70,
            "병원":80,
            "종합병원":100,
            "공원":80,
            "혐오시설":0,
            "인프라총점":79.4,
            "초등학군":87.96,
            "중학군":53.64,
            "학군총점":60.504,
            "인구수":29.7,
            "인구증감":-9.63,
            "인구총점":17.901,
            "일자리":10.4,
            "소득수준":51.37,
            "일자리총점":22.691,
            "가치 총점":49.511,
            "매매실거래년":20211203.0,
            "매매실거래가":34700.0,
            "전세실거래년":20171125.0,
            "전세실거래가":10000.0,
            "전세가율":28.82,
            "장기전세가율평균":69.64,
            "전세가율거품지수":40.82,
            "검색코드":4943,
            "세대수":120,
            "준공년월":"1981-12-23",
            "준공년차":42,
            "가까운역이름":"NA",
            "가까운역거리":"NA",
            "역세권여부":"NA",
            "30분이내주요거점역":"NA",
            "1시간이내주요거점역":"NA",
            "3km이내백화점수":1,
            "5km이내아울렛몰수":0,
            "1km이내대형먀트수":1,
            "500m이내은행수":3,
            "500m이내병원수":31,
            "5km이내대형병원수":5,
            "500m이내공원수":1,
            "3km이내혐오시설수":0,
            "초등학교학업성취도":87.96,
            "중학교학업성취도":86.4,
            "용적률":0,
            "건폐율":0,
            "Y":35.20219,
            "X":129.070834,
            "rank":85.0,
            "area_info":"20평(67.44), 24평(80.92)",
            "last_sales":"2021-12-03,34700.0,20평(67.44)"
        },
        {
            "index":743,
            "아파트명":"온천프라자",
            "투자타입":"일반",
            "전용면적(m2)":"52.71",
            "전용면적(평)":"15평",
            "법정동주소":"부산시 동래구 온천동 435-1",
            "도로명주소":"부산시 동래구 금강로 69",
            "세대수":0,
            "입주년차":0,
            "용적률점수":"--",
            "건폐율점수":"--",
            "세대당주차수":0,
            "난방방식":30,
            "공급면적":"--",
            "전용률":"--",
            "욕실수":50,
            "현관타입":10,
            "주거총점":9.0,
            "지역구공급총점":0.0,
            "역세권":"NA",
            "30분내 이동가능 거점":"NA",
            "1시간내 이동가능 거점":"NA",
            "교통총점":"NA",
            "백화점":100,
            "아울렛몰":0,
            "대형마트":100,
            "은행":20,
            "병원":60,
            "종합병원":100,
            "공원":100,
            "혐오시설":0,
            "인프라총점":76.0,
            "초등학군":93.26,
            "중학군":54.68,
            "학군총점":62.396,
            "인구수":29.7,
            "인구증감":-9.63,
            "인구총점":17.901,
            "일자리":10.4,
            "소득수준":51.37,
            "일자리총점":22.691,
            "가치 총점":49.149,
            "매매실거래년":20210825.0,
            "매매실거래가":17000.0,
            "전세실거래년":20211228.0,
            "전세실거래가":10000.0,
            "전세가율":76.92,
            "장기전세가율평균":69.64,
            "전세가율거품지수":-7.28,
            "검색코드":4946,
            "세대수":129,
            "준공년월":"1996-03-27",
            "준공년차":27,
            "가까운역이름":"NA",
            "가까운역거리":"NA",
            "역세권여부":"NA",
            "30분이내주요거점역":"NA",
            "1시간이내주요거점역":"NA",
            "3km이내백화점수":1,
            "5km이내아울렛몰수":0,
            "1km이내대형먀트수":2,
            "500m이내은행수":2,
            "500m이내병원수":19,
            "5km이내대형병원수":4,
            "500m이내공원수":3,
            "3km이내혐오시설수":0,
            "초등학교학업성취도":93.26,
            "중학교학업성취도":88.2,
            "용적률":502,
            "건폐율":56,
            "Y":35.21557,
            "X":129.07741,
            "rank":86.0,
            "area_info":"15평(52.71), 23평(77.3)",
            "last_sales":"2021-08-25,17000.0,23평(77.3)"
        },
        {
            "index":525,
            "아파트명":"한성기린(1동,2동)",
            "투자타입":"재건축",
            "전용면적(m2)":"54.81",
            "전용면적(평)":"16평",
            "법정동주소":"부산시 동래구 안락동 632-1",
            "도로명주소":"부산시 동래구 온천천로431번길 42",
            "세대수":0,
            "입주년차":"--",
            "용적률점수":20,
            "건폐율점수":60,
            "세대당주차수":"--",
            "난방방식":"--",
            "공급면적":50,
            "전용률":80,
            "욕실수":"--",
            "현관타입":"--",
            "주거총점":26.5,
            "지역구공급총점":0.0,
            "역세권":"NA",
            "30분내 이동가능 거점":"NA",
            "1시간내 이동가능 거점":"NA",
            "교통총점":"NA",
            "백화점":100,
            "아울렛몰":0,
            "대형마트":0,
            "은행":20,
            "병원":60,
            "종합병원":100,
            "공원":80,
            "혐오시설":0,
            "인프라총점":60.4,
            "초등학군":90.66,
            "중학군":53.52,
            "학군총점":60.948,
            "인구수":29.7,
            "인구증감":-9.63,
            "인구총점":17.901,
            "일자리":10.4,
            "소득수준":51.37,
            "일자리총점":22.691,
            "가치 총점":48.672,
            "매매실거래년":20191126.0,
            "매매실거래가":15500.0,
            "전세실거래년":20180711.0,
            "전세실거래가":8000.0,
            "전세가율":62.02,
            "장기전세가율평균":69.64,
            "전세가율거품지수":7.62,
            "검색코드":4903,
            "세대수":132,
            "준공년월":"1987-09-03",
            "준공년차":36,
            "가까운역이름":"NA",
            "가까운역거리":"NA",
            "역세권여부":"NA",
            "30분이내주요거점역":"NA",
            "1시간이내주요거점역":"NA",
            "3km이내백화점수":1,
            "5km이내아울렛몰수":0,
            "1km이내대형먀트수":0,
            "500m이내은행수":2,
            "500m이내병원수":18,
            "5km이내대형병원수":7,
            "500m이내공원수":1,
            "3km이내혐오시설수":0,
            "초등학교학업성취도":90.66,
            "중학교학업성취도":86.4,
            "용적률":200,
            "건폐율":34,
            "Y":35.193697,
            "X":129.10026,
            "rank":87.0,
            "area_info":"16평(54.81), 17평(57.77), 17평(58.11), 17평(58.17), 19평(65.96), 21평(71.96)",
            "last_sales":"2019-11-26,15500.0,19평(65.96)"
        },
        {
            "index":693,
            "아파트명":"신화타워",
            "투자타입":"일반",
            "전용면적(m2)":"80.79",
            "전용면적(평)":"24평",
            "법정동주소":"부산시 동래구 온천동 456-29",
            "도로명주소":"부산시 동래구 온천장로 20",
            "세대수":0,
            "입주년차":20,
            "용적률점수":"--",
            "건폐율점수":"--",
            "세대당주차수":0,
            "난방방식":30,
            "공급면적":"--",
            "전용률":"--",
            "욕실수":50,
            "현관타입":10,
            "주거총점":13.0,
            "지역구공급총점":0.0,
            "역세권":"NA",
            "30분내 이동가능 거점":"NA",
            "1시간내 이동가능 거점":"NA",
            "교통총점":"NA",
            "백화점":100,
            "아울렛몰":0,
            "대형마트":100,
            "은행":0,
            "병원":60,
            "종합병원":100,
            "공원":0,
            "혐오시설":0,
            "인프라총점":71.0,
            "초등학군":93.26,
            "중학군":54.68,
            "학군총점":62.396,
            "인구수":29.7,
            "인구증감":-9.63,
            "인구총점":17.901,
            "일자리":10.4,
            "소득수준":51.37,
            "일자리총점":22.691,
            "가치 총점":48.549,
            "매매실거래년":20210526.0,
            "매매실거래가":29000.0,
            "전세실거래년":null,
            "전세실거래가":null,
            "전세가율":null,
            "장기전세가율평균":69.64,
            "전세가율거품지수":null,
            "검색코드":9964,
            "세대수":274,
            "준공년월":"1999-03-19",
            "준공년차":24,
            "가까운역이름":"NA",
            "가까운역거리":"NA",
            "역세권여부":"NA",
            "30분이내주요거점역":"NA",
            "1시간이내주요거점역":"NA",
            "3km이내백화점수":1,
            "5km이내아울렛몰수":0,
            "1km이내대형먀트수":2,
            "500m이내은행수":1,
            "500m이내병원수":24,
            "5km이내대형병원수":5,
            "500m이내공원수":0,
            "3km이내혐오시설수":0,
            "초등학교학업성취도":93.26,
            "중학교학업성취도":88.2,
            "용적률":953,
            "건폐율":63,
            "Y":35.21398,
            "X":129.07942,
            "rank":88.0,
            "area_info":"24평(80.79), 24평(81.79), 24평(81.95), 24평(82.02), 35평(115.89), 34평(115.52), 35평(115.86), 35평(116.14)",
            "last_sales":"2021-05-26,29000.0,35평(116.14)"
        },
        {
            "index":184,
            "아파트명":"명장유림노르웨이숲아이비",
            "투자타입":"일반",
            "전용면적(m2)":"74.7",
            "전용면적(평)":"22평",
            "법정동주소":"부산시 동래구 명장동 300-106",
            "도로명주소":"부산시 동래구 시실로 181",
            "세대수":0,
            "입주년차":40,
            "용적률점수":"--",
            "건폐율점수":"--",
            "세대당주차수":30,
            "난방방식":30,
            "공급면적":"--",
            "전용률":"--",
            "욕실수":50,
            "현관타입":100,
            "주거총점":30.5,
            "지역구공급총점":0.0,
            "역세권":"NA",
            "30분내 이동가능 거점":"NA",
            "1시간내 이동가능 거점":"NA",
            "교통총점":"NA",
            "백화점":100,
            "아울렛몰":0,
            "대형마트":0,
            "은행":0,
            "병원":60,
            "종합병원":100,
            "공원":100,
            "혐오시설":0,
            "인프라총점":59.0,
            "초등학군":89.18,
            "중학군":47.32,
            "학군총점":55.692,
            "인구수":29.7,
            "인구증감":-9.63,
            "인구총점":17.901,
            "일자리":10.4,
            "소득수준":51.37,
            "일자리총점":22.691,
            "가치 총점":48.198,
            "매매실거래년":20211112.0,
            "매매실거래가":26000.0,
            "전세실거래년":20170119.0,
            "전세실거래가":14000.0,
            "전세가율":81.87,
            "장기전세가율평균":69.64,
            "전세가율거품지수":-12.23,
            "검색코드":9926,
            "세대수":221,
            "준공년월":"2004-06-04",
            "준공년차":19,
            "가까운역이름":"NA",
            "가까운역거리":"NA",
            "역세권여부":"NA",
            "30분이내주요거점역":"NA",
            "1시간이내주요거점역":"NA",
            "3km이내백화점수":1,
            "5km이내아울렛몰수":0,
            "1km이내대형먀트수":0,
            "500m이내은행수":0,
            "500m이내병원수":14,
            "5km이내대형병원수":5,
            "500m이내공원수":3,
            "3km이내혐오시설수":0,
            "초등학교학업성취도":89.18,
            "중학교학업성취도":77.8,
            "용적률":317,
            "건폐율":21,
            "Y":35.207773,
            "X":129.099637,
            "rank":89.0,
            "area_info":"22평(74.7), 24평(80.2), 28평(93.83), 32평(106.38), 32평(106.38)",
            "last_sales":"2021-11-12,26000.0,32평(106.38)"
        },
        {
            "index":398,
            "아파트명":"유원",
            "투자타입":"재건축",
            "전용면적(m2)":"89.95",
            "전용면적(평)":"27평",
            "법정동주소":"부산시 동래구 사직동 632-94",
            "도로명주소":"부산시 동래구 쇠미로119번길 85",
            "세대수":0,
            "입주년차":"--",
            "용적률점수":0,
            "건폐율점수":60,
            "세대당주차수":"--",
            "난방방식":"--",
            "공급면적":70,
            "전용률":80,
            "욕실수":"--",
            "현관타입":"--",
            "주거총점":19.5,
            "지역구공급총점":0.0,
            "역세권":"NA",
            "30분내 이동가능 거점":"NA",
            "1시간내 이동가능 거점":"NA",
            "교통총점":"NA",
            "백화점":100,
            "아울렛몰":0,
            "대형마트":80,
            "은행":0,
            "병원":10,
            "종합병원":100,
            "공원":100,
            "혐오시설":0,
            "인프라총점":66.0,
            "초등학군":89.28,
            "중학군":52.5,
            "학군총점":59.856,
            "인구수":29.7,
            "인구증감":-9.63,
            "인구총점":17.901,
            "일자리":10.4,
            "소득수준":51.37,
            "일자리총점":22.691,
            "가치 총점":48.189,
            "매매실거래년":20210908.0,
            "매매실거래가":23000.0,
            "전세실거래년":20160712.0,
            "전세실거래가":12000.0,
            "전세가율":80.54,
            "장기전세가율평균":69.64,
            "전세가율거품지수":-10.9,
            "검색코드":4865,
            "세대수":236,
            "준공년월":"1992-12-02",
            "준공년차":31,
            "가까운역이름":"NA",
            "가까운역거리":"NA",
            "역세권여부":"NA",
            "30분이내주요거점역":"NA",
            "1시간이내주요거점역":"NA",
            "3km이내백화점수":1,
            "5km이내아울렛몰수":0,
            "1km이내대형먀트수":1,
            "500m이내은행수":0,
            "500m이내병원수":2,
            "5km이내대형병원수":7,
            "500m이내공원수":2,
            "3km이내혐오시설수":0,
            "초등학교학업성취도":89.28,
            "중학교학업성취도":85.3,
            "용적률":256,
            "건폐율":31,
            "Y":35.204209,
            "X":129.055442,
            "rank":90.0,
            "area_info":"27평(89.95), 30평(101.64), 44평(147.05)",
            "last_sales":"2021-09-08,23000.0,44평(147.05)"
        },
        {
            "index":513,
            "아파트명":"안락뜨란채1단지",
            "투자타입":"일반",
            "전용면적(m2)":"99.14",
            "전용면적(평)":"29평",
            "법정동주소":"부산시 동래구 안락동 1240",
            "도로명주소":"부산시 동래구 연안로 71",
            "세대수":50,
            "입주년차":40,
            "용적률점수":"--",
            "건폐율점수":"--",
            "세대당주차수":30,
            "난방방식":30,
            "공급면적":"--",
            "전용률":"--",
            "욕실수":100,
            "현관타입":100,
            "주거총점":53.0,
            "지역구공급총점":0.0,
            "역세권":"NA",
            "30분내 이동가능 거점":"NA",
            "1시간내 이동가능 거점":"NA",
            "교통총점":"NA",
            "백화점":0,
            "아울렛몰":0,
            "대형마트":80,
            "은행":0,
            "병원":60,
            "종합병원":100,
            "공원":0,
            "혐오시설":-100,
            "인프라총점":36.0,
            "초등학군":90.51,
            "중학군":53.52,
            "학군총점":60.918,
            "인구수":29.7,
            "인구증감":-9.63,
            "인구총점":17.901,
            "일자리":10.4,
            "소득수준":51.37,
            "일자리총점":22.691,
            "가치 총점":48.1795,
            "매매실거래년":20220105.0,
            "매매실거래가":47000.0,
            "전세실거래년":20211014.0,
            "전세실거래가":37000.0,
            "전세가율":78.72,
            "장기전세가율평균":69.64,
            "전세가율거품지수":-9.08,
            "검색코드":17597,
            "세대수":464,
            "준공년월":"2005-07-05",
            "준공년차":18,
            "가까운역이름":"NA",
            "가까운역거리":"NA",
            "역세권여부":"NA",
            "30분이내주요거점역":"NA",
            "1시간이내주요거점역":"NA",
            "3km이내백화점수":0,
            "5km이내아울렛몰수":0,
            "1km이내대형먀트수":1,
            "500m이내은행수":1,
            "500m이내병원수":24,
            "5km이내대형병원수":7,
            "500m이내공원수":0,
            "3km이내혐오시설수":2,
            "초등학교학업성취도":90.51,
            "중학교학업성취도":86.4,
            "용적률":193,
            "건폐율":14,
            "Y":35.194356,
            "X":129.107955,
            "rank":91.0,
            "area_info":"29평(99.14), 33평(112.01)",
            "last_sales":"2022-01-05,47000.0,29평(99.14)"
        },
        {
            "index":105,
            "아파트명":"명륜한신",
            "투자타입":"재건축",
            "전용면적(m2)":"72.55",
            "전용면적(평)":"21평",
            "법정동주소":"부산시 동래구 명륜동 693",
            "도로명주소":"부산시 동래구 동래로57번길 4",
            "세대수":0,
            "입주년차":"--",
            "용적률점수":0,
            "건폐율점수":0,
            "세대당주차수":"--",
            "난방방식":"--",
            "공급면적":50,
            "전용률":80,
            "욕실수":"--",
            "현관타입":"--",
            "주거총점":6.5,
            "지역구공급총점":0.0,
            "역세권":"NA",
            "30분내 이동가능 거점":"NA",
            "1시간내 이동가능 거점":"NA",
            "교통총점":"NA",
            "백화점":100,
            "아울렛몰":0,
            "대형마트":100,
            "은행":70,
            "병원":60,
            "종합병원":100,
            "공원":0,
            "혐오시설":0,
            "인프라총점":78.0,
            "초등학군":93.67,
            "중학군":50.0,
            "학군총점":58.734,
            "인구수":29.7,
            "인구증감":-9.63,
            "인구총점":17.901,
            "일자리":10.4,
            "소득수준":51.37,
            "일자리총점":22.691,
            "가치 총점":48.1585,
            "매매실거래년":20210413.0,
            "매매실거래가":69000.0,
            "전세실거래년":20210501.0,
            "전세실거래가":18000.0,
            "전세가율":32.26,
            "장기전세가율평균":69.64,
            "전세가율거품지수":37.38,
            "검색코드":9956,
            "세대수":157,
            "준공년월":"1985-09-14",
            "준공년차":38,
            "가까운역이름":"NA",
            "가까운역거리":"NA",
            "역세권여부":"NA",
            "30분이내주요거점역":"NA",
            "1시간이내주요거점역":"NA",
            "3km이내백화점수":1,
            "5km이내아울렛몰수":0,
            "1km이내대형먀트수":3,
            "500m이내은행수":3,
            "500m이내병원수":26,
            "5km이내대형병원수":5,
            "500m이내공원수":0,
            "3km이내혐오시설수":0,
            "초등학교학업성취도":93.67,
            "중학교학업성취도":82.4,
            "용적률":0,
            "건폐율":0,
            "Y":35.211164,
            "X":129.081331,
            "rank":92.0,
            "area_info":"21평(72.55), 22평(73.91), 22평(75.85), 23평(77.2), 26평(87.36), 26평(87.17), 28평(92.61), 29평(96.01), 29평(99.01), 29평(99.05), 29평(99.0)",
            "last_sales":"2021-04-13,69000.0,22평(75.85)"
        },
        {
            "index":539,
            "아파트명":"경보이리스힐",
            "투자타입":"일반",
            "전용면적(m2)":"95.46",
            "전용면적(평)":"28평",
            "법정동주소":"부산시 동래구 온천동 1241-1",
            "도로명주소":"부산시 동래구 쇠미로 185",
            "세대수":0,
            "입주년차":40,
            "용적률점수":"--",
            "건폐율점수":"--",
            "세대당주차수":30,
            "난방방식":30,
            "공급면적":"--",
            "전용률":"--",
            "욕실수":50,
            "현관타입":100,
            "주거총점":30.5,
            "지역구공급총점":0.0,
            "역세권":"NA",
            "30분내 이동가능 거점":"NA",
            "1시간내 이동가능 거점":"NA",
            "교통총점":"NA",
            "백화점":100,
            "아울렛몰":0,
            "대형마트":0,
            "은행":0,
            "병원":30,
            "종합병원":100,
            "공원":100,
            "혐오시설":0,
            "인프라총점":56.0,
            "초등학군":89.28,
            "중학군":52.5,
            "학군총점":59.856,
            "인구수":29.7,
            "인구증감":-9.63,
            "인구총점":17.901,
            "일자리":10.4,
            "소득수준":51.37,
            "일자리총점":22.691,
            "가치 총점":48.039,
            "매매실거래년":20211030.0,
            "매매실거래가":25500.0,
            "전세실거래년":20190412.0,
            "전세실거래가":16000.0,
            "전세가율":62.75,
            "장기전세가율평균":69.64,
            "전세가율거품지수":6.89,
            "검색코드":12881,
            "세대수":136,
            "준공년월":"2004-03-30",
            "준공년차":19,
            "가까운역이름":"NA",
            "가까운역거리":"NA",
            "역세권여부":"NA",
            "30분이내주요거점역":"NA",
            "1시간이내주요거점역":"NA",
            "3km이내백화점수":1,
            "5km이내아울렛몰수":0,
            "1km이내대형먀트수":0,
            "500m이내은행수":1,
            "500m이내병원수":7,
            "5km이내대형병원수":6,
            "500m이내공원수":3,
            "3km이내혐오시설수":0,
            "초등학교학업성취도":89.28,
            "중학교학업성취도":85.3,
            "용적률":248,
            "건폐율":35,
            "Y":35.207042,
            "X":129.062331,
            "rank":93.0,
            "area_info":"28평(95.46), 33평(112.11)",
            "last_sales":"2021-10-30,25500.0,28평(95.46)"
        },
        {
            "index":704,
            "아파트명":"온천대륙코리아나",
            "투자타입":"일반",
            "전용면적(m2)":"73.53",
            "전용면적(평)":"22평",
            "법정동주소":"부산시 동래구 온천동 1650",
            "도로명주소":"부산시 동래구 쇠미로129번길 67",
            "세대수":0,
            "입주년차":0,
            "용적률점수":"--",
            "건폐율점수":"--",
            "세대당주차수":60,
            "난방방식":30,
            "공급면적":"--",
            "전용률":"--",
            "욕실수":50,
            "현관타입":10,
            "주거총점":18.0,
            "지역구공급총점":0.0,
            "역세권":"NA",
            "30분내 이동가능 거점":"NA",
            "1시간내 이동가능 거점":"NA",
            "교통총점":"NA",
            "백화점":100,
            "아울렛몰":0,
            "대형마트":80,
            "은행":0,
            "병원":10,
            "종합병원":100,
            "공원":100,
            "혐오시설":0,
            "인프라총점":66.0,
            "초등학군":89.28,
            "중학군":52.5,
            "학군총점":59.856,
            "인구수":29.7,
            "인구증감":-9.63,
            "인구총점":17.901,
            "일자리":10.4,
            "소득수준":51.37,
            "일자리총점":22.691,
            "가치 총점":47.664,
            "매매실거래년":20211009.0,
            "매매실거래가":20500.0,
            "전세실거래년":20170501.0,
            "전세실거래가":13000.0,
            "전세가율":105.69,
            "장기전세가율평균":69.64,
            "전세가율거품지수":-36.05,
            "검색코드":4955,
            "세대수":183,
            "준공년월":"1995-11-11",
            "준공년차":28,
            "가까운역이름":"NA",
            "가까운역거리":"NA",
            "역세권여부":"NA",
            "30분이내주요거점역":"NA",
            "1시간이내주요거점역":"NA",
            "3km이내백화점수":1,
            "5km이내아울렛몰수":0,
            "1km이내대형먀트수":1,
            "500m이내은행수":0,
            "500m이내병원수":2,
            "5km이내대형병원수":7,
            "500m이내공원수":2,
            "3km이내혐오시설수":0,
            "초등학교학업성취도":89.28,
            "중학교학업성취도":85.3,
            "용적률":360,
            "건폐율":48,
            "Y":35.20506,
            "X":129.05834,
            "rank":94.0,
            "area_info":"22평(73.53), 24평(79.94), 31평(105.71)",
            "last_sales":"2021-10-09,20500.0,31평(105.71)"
        },
        {
            "index":613,
            "아파트명":"동영",
            "투자타입":"재건축",
            "전용면적(m2)":"61.69",
            "전용면적(평)":"18평",
            "법정동주소":"부산시 동래구 온천동 1459-5",
            "도로명주소":"부산시 동래구 충렬대로140번길 56",
            "세대수":0,
            "입주년차":"--",
            "용적률점수":0,
            "건폐율점수":0,
            "세대당주차수":"--",
            "난방방식":"--",
            "공급면적":50,
            "전용률":100,
            "욕실수":"--",
            "현관타입":"--",
            "주거총점":7.5,
            "지역구공급총점":0.0,
            "역세권":"NA",
            "30분내 이동가능 거점":"NA",
            "1시간내 이동가능 거점":"NA",
            "교통총점":"NA",
            "백화점":100,
            "아울렛몰":0,
            "대형마트":80,
            "은행":20,
            "병원":80,
            "종합병원":100,
            "공원":0,
            "혐오시설":0,
            "인프라총점":72.0,
            "초등학군":87.96,
            "중학군":53.64,
            "학군총점":60.504,
            "인구수":29.7,
            "인구증감":-9.63,
            "인구총점":17.901,
            "일자리":10.4,
            "소득수준":51.37,
            "일자리총점":22.691,
            "가치 총점":46.551,
            "매매실거래년":20160912.0,
            "매매실거래가":32800.0,
            "전세실거래년":null,
            "전세실거래가":null,
            "전세가율":null,
            "장기전세가율평균":69.64,
            "전세가율거품지수":null,
            "검색코드":10400,
            "세대수":215,
            "준공년월":"1992-04-13",
            "준공년차":31,
            "가까운역이름":"NA",
            "가까운역거리":"NA",
            "역세권여부":"NA",
            "30분이내주요거점역":"NA",
            "1시간이내주요거점역":"NA",
            "3km이내백화점수":1,
            "5km이내아울렛몰수":0,
            "1km이내대형먀트수":1,
            "500m이내은행수":2,
            "500m이내병원수":44,
            "5km이내대형병원수":5,
            "500m이내공원수":0,
            "3km이내혐오시설수":0,
            "초등학교학업성취도":87.96,
            "중학교학업성취도":86.4,
            "용적률":0,
            "건폐율":0,
            "Y":35.20286,
            "X":129.074522,
            "rank":95.0,
            "area_info":"18평(61.69), 19평(63.32), 21평(71.5), 23평(77.6), 24평(80.82), 24평(81.96), 25평(82.83), 25평(83.44), 25평(83.82), 25평(84.15), 26평(88.07), 26평(88.18), 27평(89.78), 27평(91.2), 27평(91.91), 27평(92.47), 27평(92.35), 28평(93.8), 28평(93.53), 28평(95.01), 28평(95.25), 33평(111.08), 33평(112.18), 35평(118.79), 43평(145.06), 46평(155.2)",
            "last_sales":"2016-09-12,32800.0,46평(155.2)"
        },
        {
            "index":262,
            "아파트명":"동래백산2차",
            "투자타입":"재건축",
            "전용면적(m2)":"57.62",
            "전용면적(평)":"17평",
            "법정동주소":"부산시 동래구 사직동 141-10",
            "도로명주소":"부산시 동래구 여고로127번길 65",
            "세대수":0,
            "입주년차":"--",
            "용적률점수":0,
            "건폐율점수":0,
            "세대당주차수":"--",
            "난방방식":"--",
            "공급면적":50,
            "전용률":80,
            "욕실수":"--",
            "현관타입":"--",
            "주거총점":6.5,
            "지역구공급총점":0.0,
            "역세권":"NA",
            "30분내 이동가능 거점":"NA",
            "1시간내 이동가능 거점":"NA",
            "교통총점":"NA",
            "백화점":100,
            "아울렛몰":0,
            "대형마트":80,
            "은행":20,
            "병원":80,
            "종합병원":100,
            "공원":0,
            "혐오시설":0,
            "인프라총점":72.0,
            "초등학군":94.11,
            "중학군":53.64,
            "학군총점":61.734,
            "인구수":29.7,
            "인구증감":-9.63,
            "인구총점":17.901,
            "일자리":10.4,
            "소득수준":51.37,
            "일자리총점":22.691,
            "가치 총점":46.5085,
            "매매실거래년":20211111.0,
            "매매실거래가":38900.0,
            "전세실거래년":20161031.0,
            "전세실거래가":10000.0,
            "전세가율":37.88,
            "장기전세가율평균":69.64,
            "전세가율거품지수":31.76,
            "검색코드":4839,
            "세대수":160,
            "준공년월":"1986-03-21",
            "준공년차":37,
            "가까운역이름":"NA",
            "가까운역거리":"NA",
            "역세권여부":"NA",
            "30분이내주요거점역":"NA",
            "1시간이내주요거점역":"NA",
            "3km이내백화점수":1,
            "5km이내아울렛몰수":0,
            "1km이내대형먀트수":1,
            "500m이내은행수":2,
            "500m이내병원수":38,
            "5km이내대형병원수":5,
            "500m이내공원수":0,
            "3km이내혐오시설수":0,
            "초등학교학업성취도":94.11,
            "중학교학업성취도":86.4,
            "용적률":0,
            "건폐율":0,
            "Y":35.201359,
            "X":129.075128,
            "rank":96.0,
            "area_info":"17평(57.62), 17평(58.92), 22평(73.64), 23평(77.16), 23평(79.03), 24평(80.22), 26평(86.76), 28평(95.59), 30평(101.24)",
            "last_sales":"2021-11-11,38900.0,26평(86.76)"
        },
        {
            "index":547,
            "아파트명":"동남온천맨션",
            "투자타입":"재건축",
            "전용면적(m2)":"77.94",
            "전용면적(평)":"23평",
            "법정동주소":"부산시 동래구 온천동 1467-6",
            "도로명주소":"부산시 동래구 여고북로 141",
            "세대수":0,
            "입주년차":"--",
            "용적률점수":0,
            "건폐율점수":0,
            "세대당주차수":"--",
            "난방방식":"--",
            "공급면적":50,
            "전용률":100,
            "욕실수":"--",
            "현관타입":"--",
            "주거총점":7.5,
            "지역구공급총점":0.0,
            "역세권":"NA",
            "30분내 이동가능 거점":"NA",
            "1시간내 이동가능 거점":"NA",
            "교통총점":"NA",
            "백화점":100,
            "아울렛몰":0,
            "대형마트":80,
            "은행":0,
            "병원":60,
            "종합병원":100,
            "공원":80,
            "혐오시설":0,
            "인프라총점":70.4,
            "초등학군":87.96,
            "중학군":53.64,
            "학군총점":60.504,
            "인구수":29.7,
            "인구증감":-9.63,
            "인구총점":17.901,
            "일자리":10.4,
            "소득수준":51.37,
            "일자리총점":22.691,
            "가치 총점":45.911,
            "매매실거래년":20210802.0,
            "매매실거래가":23900.0,
            "전세실거래년":20210718.0,
            "전세실거래가":11500.0,
            "전세가율":46.37,
            "장기전세가율평균":69.64,
            "전세가율거품지수":23.27,
            "검색코드":26015,
            "세대수":100,
            "준공년월":"1984-06-22",
            "준공년차":39,
            "가까운역이름":"NA",
            "가까운역거리":"NA",
            "역세권여부":"NA",
            "30분이내주요거점역":"NA",
            "1시간이내주요거점역":"NA",
            "3km이내백화점수":1,
            "5km이내아울렛몰수":0,
            "1km이내대형먀트수":1,
            "500m이내은행수":1,
            "500m이내병원수":18,
            "5km이내대형병원수":5,
            "500m이내공원수":1,
            "3km이내혐오시설수":0,
            "초등학교학업성취도":87.96,
            "중학교학업성취도":86.4,
            "용적률":0,
            "건폐율":0,
            "Y":35.201912,
            "X":129.072708,
            "rank":97.0,
            "area_info":"23평(77.94), 24평(79.54), 26평(86.61), 27평(90.55), 27평(91.96), 27평(92.54), 30평(99.68), 33평(110.04), 37평(124.7)",
            "last_sales":"2021-08-02,23900.0,24평(79.54)"
        },
        {
            "index":389,
            "아파트명":"신사직",
            "투자타입":"재건축",
            "전용면적(m2)":"54.61",
            "전용면적(평)":"16평",
            "법정동주소":"부산시 동래구 사직동 146-8",
            "도로명주소":"부산시 동래구 여고로135번길 27",
            "세대수":0,
            "입주년차":"--",
            "용적률점수":0,
            "건폐율점수":0,
            "세대당주차수":"--",
            "난방방식":"--",
            "공급면적":50,
            "전용률":80,
            "욕실수":"--",
            "현관타입":"--",
            "주거총점":6.5,
            "지역구공급총점":0.0,
            "역세권":"NA",
            "30분내 이동가능 거점":"NA",
            "1시간내 이동가능 거점":"NA",
            "교통총점":"NA",
            "백화점":100,
            "아울렛몰":0,
            "대형마트":80,
            "은행":0,
            "병원":60,
            "종합병원":100,
            "공원":80,
            "혐오시설":0,
            "인프라총점":70.4,
            "초등학군":94.11,
            "중학군":53.64,
            "학군총점":61.734,
            "인구수":29.7,
            "인구증감":-9.63,
            "인구총점":17.901,
            "일자리":10.4,
            "소득수준":51.37,
            "일자리총점":22.691,
            "가치 총점":45.8685,
            "매매실거래년":20210805.0,
            "매매실거래가":28000.0,
            "전세실거래년":20200810.0,
            "전세실거래가":8000.0,
            "전세가율":28.57,
            "장기전세가율평균":69.64,
            "전세가율거품지수":41.07,
            "검색코드":25324,
            "세대수":152,
            "준공년월":"1976-12-02",
            "준공년차":47,
            "가까운역이름":"NA",
            "가까운역거리":"NA",
            "역세권여부":"NA",
            "30분이내주요거점역":"NA",
            "1시간이내주요거점역":"NA",
            "3km이내백화점수":1,
            "5km이내아울렛몰수":0,
            "1km이내대형먀트수":1,
            "500m이내은행수":0,
            "500m이내병원수":22,
            "5km이내대형병원수":5,
            "500m이내공원수":1,
            "3km이내혐오시설수":0,
            "초등학교학업성취도":94.11,
            "중학교학업성취도":86.4,
            "용적률":0,
            "건폐율":0,
            "Y":35.200207,
            "X":129.076936,
            "rank":98.0,
            "area_info":"16평(54.61), 18평(62.51), 22평(75.9)",
            "last_sales":"2021-08-05,28000.0,16평(54.61)"
        },
        {
            "index":281,
            "아파트명":"동일",
            "투자타입":"재건축",
            "전용면적(m2)":"55.71",
            "전용면적(평)":"16평",
            "법정동주소":"부산시 동래구 사직동 620-1",
            "도로명주소":"부산시 동래구 쇠미로 91",
            "세대수":0,
            "입주년차":"--",
            "용적률점수":0,
            "건폐율점수":0,
            "세대당주차수":"--",
            "난방방식":"--",
            "공급면적":50,
            "전용률":80,
            "욕실수":"--",
            "현관타입":"--",
            "주거총점":6.5,
            "지역구공급총점":0.0,
            "역세권":"NA",
            "30분내 이동가능 거점":"NA",
            "1시간내 이동가능 거점":"NA",
            "교통총점":"NA",
            "백화점":100,
            "아울렛몰":0,
            "대형마트":80,
            "은행":20,
            "병원":30,
            "종합병원":100,
            "공원":100,
            "혐오시설":0,
            "인프라총점":70.0,
            "초등학군":95.24,
            "중학군":52.5,
            "학군총점":61.048,
            "인구수":29.7,
            "인구증감":-9.63,
            "인구총점":17.901,
            "일자리":10.4,
            "소득수준":51.37,
            "일자리총점":22.691,
            "가치 총점":45.537,
            "매매실거래년":20200813.0,
            "매매실거래가":47750.0,
            "전세실거래년":20170227.0,
            "전세실거래가":8000.0,
            "전세가율":34.78,
            "장기전세가율평균":69.64,
            "전세가율거품지수":34.86,
            "검색코드":4838,
            "세대수":160,
            "준공년월":"1985-06-14",
            "준공년차":38,
            "가까운역이름":"NA",
            "가까운역거리":"NA",
            "역세권여부":"NA",
            "30분이내주요거점역":"NA",
            "1시간이내주요거점역":"NA",
            "3km이내백화점수":1,
            "5km이내아울렛몰수":0,
            "1km이내대형먀트수":1,
            "500m이내은행수":2,
            "500m이내병원수":5,
            "5km이내대형병원수":8,
            "500m이내공원수":4,
            "3km이내혐오시설수":0,
            "초등학교학업성취도":95.24,
            "중학교학업성취도":85.3,
            "용적률":0,
            "건폐율":0,
            "Y":35.201604,
            "X":129.056418,
            "rank":99.0,
            "area_info":"16평(55.71), 17평(56.96), 18평(61.9), 20평(68.33), 21평(70.33), 21평(71.98), 22평(72.98), 22평(73.32), 24평(81.43), 25평(83.78), 25평(85.12), 26평(87.38), 26평(87.86), 26평(89.01), 29평(98.88)",
            "last_sales":"2020-08-13,47750.0,29평(98.88)"
        },
        {
            "index":182,
            "아파트명":"명장우성타운",
            "투자타입":"재건축",
            "전용면적(m2)":"65.96",
            "전용면적(평)":"19평",
            "법정동주소":"부산시 동래구 명장동 611-1",
            "도로명주소":"부산시 동래구 안락로101번길 35",
            "세대수":0,
            "입주년차":"--",
            "용적률점수":0,
            "건폐율점수":0,
            "세대당주차수":"--",
            "난방방식":"--",
            "공급면적":50,
            "전용률":80,
            "욕실수":"--",
            "현관타입":"--",
            "주거총점":6.5,
            "지역구공급총점":0.0,
            "역세권":"NA",
            "30분내 이동가능 거점":"NA",
            "1시간내 이동가능 거점":"NA",
            "교통총점":"NA",
            "백화점":100,
            "아울렛몰":0,
            "대형마트":80,
            "은행":70,
            "병원":30,
            "종합병원":100,
            "공원":100,
            "혐오시설":-50,
            "인프라총점":74.0,
            "초등학군":87.78,
            "중학군":46.02,
            "학군총점":54.372,
            "인구수":29.7,
            "인구증감":-9.63,
            "인구총점":17.901,
            "일자리":10.4,
            "소득수준":51.37,
            "일자리총점":22.691,
            "가치 총점":45.468,
            "매매실거래년":"18000101",
            "매매실거래가":null,
            "전세실거래년":null,
            "전세실거래가":null,
            "전세가율":null,
            "장기전세가율평균":69.64,
            "전세가율거품지수":null,
            "검색코드":17396,
            "세대수":150,
            "준공년월":"1988-12-30",
            "준공년차":35,
            "가까운역이름":"NA",
            "가까운역거리":"NA",
            "역세권여부":"NA",
            "30분이내주요거점역":"NA",
            "1시간이내주요거점역":"NA",
            "3km이내백화점수":1,
            "5km이내아울렛몰수":0,
            "1km이내대형먀트수":1,
            "500m이내은행수":3,
            "500m이내병원수":7,
            "5km이내대형병원수":6,
            "500m이내공원수":7,
            "3km이내혐오시설수":1,
            "초등학교학업성취도":87.78,
            "중학교학업성취도":76.1,
            "용적률":0,
            "건폐율":0,
            "Y":35.201152,
            "X":129.107015,
            "rank":100.0,
            "area_info":"19평(65.96), 24평(80.98)",
            "last_sales":"1800-01-01,nan,19평(65.96)"
        },
        {
            "index":229,
            "아파트명":"효산타운",
            "투자타입":"재건축",
            "전용면적(m2)":"61.2",
            "전용면적(평)":"18평",
            "법정동주소":"부산시 동래구 명장동 610-1",
            "도로명주소":"부산시 동래구 명안로46번마길 39",
            "세대수":0,
            "입주년차":"--",
            "용적률점수":0,
            "건폐율점수":0,
            "세대당주차수":"--",
            "난방방식":"--",
            "공급면적":50,
            "전용률":80,
            "욕실수":"--",
            "현관타입":"--",
            "주거총점":6.5,
            "지역구공급총점":0.0,
            "역세권":"NA",
            "30분내 이동가능 거점":"NA",
            "1시간내 이동가능 거점":"NA",
            "교통총점":"NA",
            "백화점":100,
            "아울렛몰":0,
            "대형마트":80,
            "은행":70,
            "병원":30,
            "종합병원":100,
            "공원":100,
            "혐오시설":-50,
            "인프라총점":74.0,
            "초등학군":87.78,
            "중학군":46.02,
            "학군총점":54.372,
            "인구수":29.7,
            "인구증감":-9.63,
            "인구총점":17.901,
            "일자리":10.4,
            "소득수준":51.37,
            "일자리총점":22.691,
            "가치 총점":45.468,
            "매매실거래년":"18000101",
            "매매실거래가":null,
            "전세실거래년":null,
            "전세실거래가":null,
            "전세가율":null,
            "장기전세가율평균":69.64,
            "전세가율거품지수":null,
            "검색코드":22526,
            "세대수":126,
            "준공년월":"1986-02-08",
            "준공년차":37,
            "가까운역이름":"NA",
            "가까운역거리":"NA",
            "역세권여부":"NA",
            "30분이내주요거점역":"NA",
            "1시간이내주요거점역":"NA",
            "3km이내백화점수":1,
            "5km이내아울렛몰수":0,
            "1km이내대형먀트수":1,
            "500m이내은행수":3,
            "500m이내병원수":7,
            "5km이내대형병원수":6,
            "500m이내공원수":7,
            "3km이내혐오시설수":1,
            "초등학교학업성취도":87.78,
            "중학교학업성취도":76.1,
            "용적률":0,
            "건폐율":0,
            "Y":35.201609,
            "X":129.107406,
            "rank":100.0,
            "area_info":"18평(61.2), 18평(62.64), 19평(64.08), 23평(78.48), 24평(79.92), 24평(81.45)",
            "last_sales":"1800-01-01,nan,18평(61.2)"
        },
        {
            "index":407,
            "아파트명":"해운",
            "투자타입":"재건축",
            "전용면적(m2)":"49.81",
            "전용면적(평)":"15평",
            "법정동주소":"부산시 동래구 사직동 601-3",
            "도로명주소":"부산시 동래구 쇠미로71번길 5",
            "세대수":0,
            "입주년차":"--",
            "용적률점수":0,
            "건폐율점수":0,
            "세대당주차수":"--",
            "난방방식":"--",
            "공급면적":50,
            "전용률":80,
            "욕실수":"--",
            "현관타입":"--",
            "주거총점":6.5,
            "지역구공급총점":0.0,
            "역세권":"NA",
            "30분내 이동가능 거점":"NA",
            "1시간내 이동가능 거점":"NA",
            "교통총점":"NA",
            "백화점":100,
            "아울렛몰":0,
            "대형마트":80,
            "은행":0,
            "병원":30,
            "종합병원":100,
            "공원":100,
            "혐오시설":0,
            "인프라총점":68.0,
            "초등학군":95.24,
            "중학군":54.1,
            "학군총점":62.328,
            "인구수":29.7,
            "인구증감":-9.63,
            "인구총점":17.901,
            "일자리":10.4,
            "소득수준":51.37,
            "일자리총점":22.691,
            "가치 총점":45.057,
            "매매실거래년":20210825.0,
            "매매실거래가":24000.0,
            "전세실거래년":20210713.0,
            "전세실거래가":8000.0,
            "전세가율":48.48,
            "장기전세가율평균":69.64,
            "전세가율거품지수":21.16,
            "검색코드":4870,
            "세대수":160,
            "준공년월":"1984-06-12",
            "준공년차":39,
            "가까운역이름":"NA",
            "가까운역거리":"NA",
            "역세권여부":"NA",
            "30분이내주요거점역":"NA",
            "1시간이내주요거점역":"NA",
            "3km이내백화점수":1,
            "5km이내아울렛몰수":0,
            "1km이내대형먀트수":1,
            "500m이내은행수":1,
            "500m이내병원수":7,
            "5km이내대형병원수":8,
            "500m이내공원수":3,
            "3km이내혐오시설수":0,
            "초등학교학업성취도":95.24,
            "중학교학업성취도":86.9,
            "용적률":0,
            "건폐율":0,
            "Y":35.199771,
            "X":129.053748,
            "rank":101.0,
            "area_info":"15평(49.81), 15평(51.35), 16평(53.47), 18평(60.05), 20평(66.19), 20평(67.85), 20평(67.13), 22평(73.62), 22평(75.16), 22평(75.02), 23평(76.33), 23평(77.73), 23평(78.0), 26평(87.6)",
            "last_sales":"2021-08-25,24000.0,23평(78.0)"
        },
        {
            "index":747,
            "아파트명":"한사랑",
            "투자타입":"일반",
            "전용면적(m2)":"74.3",
            "전용면적(평)":"22평",
            "법정동주소":"부산시 동래구 온천동 1360",
            "도로명주소":"부산시 동래구 아시아드대로255번가길 8-9",
            "세대수":0,
            "입주년차":0,
            "용적률점수":"--",
            "건폐율점수":"--",
            "세대당주차수":0,
            "난방방식":30,
            "공급면적":"--",
            "전용률":"--",
            "욕실수":50,
            "현관타입":100,
            "주거총점":18.0,
            "지역구공급총점":0.0,
            "역세권":"NA",
            "30분내 이동가능 거점":"NA",
            "1시간내 이동가능 거점":"NA",
            "교통총점":"NA",
            "백화점":100,
            "아울렛몰":0,
            "대형마트":0,
            "은행":0,
            "병원":60,
            "종합병원":100,
            "공원":100,
            "혐오시설":0,
            "인프라총점":59.0,
            "초등학군":92.06,
            "중학군":52.5,
            "학군총점":60.412,
            "인구수":29.7,
            "인구증감":-9.63,
            "인구총점":17.901,
            "일자리":10.4,
            "소득수준":51.37,
            "일자리총점":22.691,
            "가치 총점":45.003,
            "매매실거래년":20211118.0,
            "매매실거래가":35600.0,
            "전세실거래년":20200511.0,
            "전세실거래가":15200.0,
            "전세가율":76.0,
            "장기전세가율평균":69.64,
            "전세가율거품지수":-6.36,
            "검색코드":11353,
            "세대수":252,
            "준공년월":"1993-05-27",
            "준공년차":30,
            "가까운역이름":"NA",
            "가까운역거리":"NA",
            "역세권여부":"NA",
            "30분이내주요거점역":"NA",
            "1시간이내주요거점역":"NA",
            "3km이내백화점수":1,
            "5km이내아울렛몰수":0,
            "1km이내대형먀트수":0,
            "500m이내은행수":1,
            "500m이내병원수":20,
            "5km이내대형병원수":5,
            "500m이내공원수":5,
            "3km이내혐오시설수":0,
            "초등학교학업성취도":92.06,
            "중학교학업성취도":85.3,
            "용적률":656,
            "건폐율":44,
            "Y":35.208341,
            "X":129.067378,
            "rank":102.0,
            "area_info":"22평(74.3), 22평(75.96), 32평(105.8), 31평(105.6), 32평(108.85), 45평(151.56)",
            "last_sales":"2021-11-18,35600.0,32평(108.85)"
        },
        {
            "index":217,
            "아파트명":"영산무지개타운",
            "투자타입":"일반",
            "전용면적(m2)":"91.54",
            "전용면적(평)":"27평",
            "법정동주소":"부산시 동래구 명장동 25-1",
            "도로명주소":"부산시 동래구 충렬사로67번길 13",
            "세대수":0,
            "입주년차":0,
            "용적률점수":"--",
            "건폐율점수":"--",
            "세대당주차수":0,
            "난방방식":30,
            "공급면적":"--",
            "전용률":"--",
            "욕실수":50,
            "현관타입":100,
            "주거총점":18.0,
            "지역구공급총점":0.0,
            "역세권":"NA",
            "30분내 이동가능 거점":"NA",
            "1시간내 이동가능 거점":"NA",
            "교통총점":"NA",
            "백화점":100,
            "아울렛몰":0,
            "대형마트":0,
            "은행":20,
            "병원":60,
            "종합병원":100,
            "공원":100,
            "혐오시설":0,
            "인프라총점":61.0,
            "초등학군":89.18,
            "중학군":47.32,
            "학군총점":55.692,
            "인구수":29.7,
            "인구증감":-9.63,
            "인구총점":17.901,
            "일자리":10.4,
            "소득수준":51.37,
            "일자리총점":22.691,
            "가치 총점":44.623,
            "매매실거래년":20211018.0,
            "매매실거래가":18200.0,
            "전세실거래년":20210529.0,
            "전세실거래가":15000.0,
            "전세가율":82.42,
            "장기전세가율평균":69.64,
            "전세가율거품지수":-12.78,
            "검색코드":9726,
            "세대수":186,
            "준공년월":"1993-06-26",
            "준공년차":30,
            "가까운역이름":"NA",
            "가까운역거리":"NA",
            "역세권여부":"NA",
            "30분이내주요거점역":"NA",
            "1시간이내주요거점역":"NA",
            "3km이내백화점수":1,
            "5km이내아울렛몰수":0,
            "1km이내대형먀트수":0,
            "500m이내은행수":2,
            "500m이내병원수":17,
            "5km이내대형병원수":5,
            "500m이내공원수":2,
            "3km이내혐오시설수":0,
            "초등학교학업성취도":89.18,
            "중학교학업성취도":77.8,
            "용적률":0,
            "건폐율":0,
            "Y":35.204997,
            "X":129.098633,
            "rank":103.0,
            "area_info":"27평(91.54), 28평(94.83), 32평(107.39)",
            "last_sales":"2021-10-18,18200.0,27평(91.54)"
        },
        {
            "index":296,
            "아파트명":"로얄2차",
            "투자타입":"재건축",
            "전용면적(m2)":"62.59",
            "전용면적(평)":"18평",
            "법정동주소":"부산시 동래구 사직동 632-4",
            "도로명주소":"부산시 동래구 쇠미로 109",
            "세대수":0,
            "입주년차":"--",
            "용적률점수":0,
            "건폐율점수":0,
            "세대당주차수":"--",
            "난방방식":"--",
            "공급면적":50,
            "전용률":80,
            "욕실수":"--",
            "현관타입":"--",
            "주거총점":6.5,
            "지역구공급총점":0.0,
            "역세권":"NA",
            "30분내 이동가능 거점":"NA",
            "1시간내 이동가능 거점":"NA",
            "교통총점":"NA",
            "백화점":100,
            "아울렛몰":0,
            "대형마트":80,
            "은행":0,
            "병원":30,
            "종합병원":100,
            "공원":100,
            "혐오시설":0,
            "인프라총점":68.0,
            "초등학군":89.28,
            "중학군":52.5,
            "학군총점":59.856,
            "인구수":29.7,
            "인구증감":-9.63,
            "인구총점":17.901,
            "일자리":10.4,
            "소득수준":51.37,
            "일자리총점":22.691,
            "가치 총점":44.439,
            "매매실거래년":20211024.0,
            "매매실거래가":59700.0,
            "전세실거래년":20210724.0,
            "전세실거래가":6000.0,
            "전세가율":11.88,
            "장기전세가율평균":69.64,
            "전세가율거품지수":57.76,
            "검색코드":11088,
            "세대수":210,
            "준공년월":"1984-05-23",
            "준공년차":39,
            "가까운역이름":"NA",
            "가까운역거리":"NA",
            "역세권여부":"NA",
            "30분이내주요거점역":"NA",
            "1시간이내주요거점역":"NA",
            "3km이내백화점수":1,
            "5km이내아울렛몰수":0,
            "1km이내대형먀트수":1,
            "500m이내은행수":1,
            "500m이내병원수":5,
            "5km이내대형병원수":7,
            "500m이내공원수":4,
            "3km이내혐오시설수":0,
            "초등학교학업성취도":89.28,
            "중학교학업성취도":85.3,
            "용적률":0,
            "건폐율":0,
            "Y":35.202737,
            "X":129.057762,
            "rank":104.0,
            "area_info":"18평(62.59), 19평(64.33), 21평(70.98), 21평(70.09), 21평(72.14), 21평(72.13), 23평(78.72), 24평(80.18), 24평(81.78), 25평(83.42), 29평(98.45)",
            "last_sales":"2021-10-24,59700.0,21평(72.14)"
        },
        {
            "index":322,
            "아파트명":"사직로얄맨션3차",
            "투자타입":"재건축",
            "전용면적(m2)":"62.29",
            "전용면적(평)":"18평",
            "법정동주소":"부산시 동래구 사직동 630",
            "도로명주소":"부산시 동래구 쇠미로 95",
            "세대수":0,
            "입주년차":"--",
            "용적률점수":0,
            "건폐율점수":0,
            "세대당주차수":"--",
            "난방방식":"--",
            "공급면적":50,
            "전용률":80,
            "욕실수":"--",
            "현관타입":"--",
            "주거총점":6.5,
            "지역구공급총점":0.0,
            "역세권":"NA",
            "30분내 이동가능 거점":"NA",
            "1시간내 이동가능 거점":"NA",
            "교통총점":"NA",
            "백화점":100,
            "아울렛몰":0,
            "대형마트":80,
            "은행":0,
            "병원":30,
            "종합병원":100,
            "공원":100,
            "혐오시설":0,
            "인프라총점":68.0,
            "초등학군":89.28,
            "중학군":52.5,
            "학군총점":59.856,
            "인구수":29.7,
            "인구증감":-9.63,
            "인구총점":17.901,
            "일자리":10.4,
            "소득수준":51.37,
            "일자리총점":22.691,
            "가치 총점":44.439,
            "매매실거래년":20210712.0,
            "매매실거래가":46400.0,
            "전세실거래년":20200316.0,
            "전세실거래가":6000.0,
            "전세가율":17.14,
            "장기전세가율평균":69.64,
            "전세가율거품지수":52.5,
            "검색코드":11089,
            "세대수":165,
            "준공년월":"1985-01-25",
            "준공년차":38,
            "가까운역이름":"NA",
            "가까운역거리":"NA",
            "역세권여부":"NA",
            "30분이내주요거점역":"NA",
            "1시간이내주요거점역":"NA",
            "3km이내백화점수":1,
            "5km이내아울렛몰수":0,
            "1km이내대형먀트수":1,
            "500m이내은행수":1,
            "500m이내병원수":5,
            "5km이내대형병원수":8,
            "500m이내공원수":4,
            "3km이내혐오시설수":0,
            "초등학교학업성취도":89.28,
            "중학교학업성취도":85.3,
            "용적률":0,
            "건폐율":0,
            "Y":35.202458,
            "X":129.056704,
            "rank":104.0,
            "area_info":"18평(62.29), 19평(63.92), 19평(64.02), 21평(70.63), 21평(71.78), 24평(81.37), 25평(83.01), 29평(97.96)",
            "last_sales":"2021-07-12,46400.0,29평(97.96)"
        },
        {
            "index":141,
            "아파트명":"국제파크",
            "투자타입":"일반",
            "전용면적(m2)":"68.34",
            "전용면적(평)":"20평",
            "법정동주소":"부산시 동래구 명장동 26-24",
            "도로명주소":"부산시 동래구 충렬사로 81",
            "세대수":0,
            "입주년차":0,
            "용적률점수":"--",
            "건폐율점수":"--",
            "세대당주차수":0,
            "난방방식":30,
            "공급면적":"--",
            "전용률":"--",
            "욕실수":50,
            "현관타입":100,
            "주거총점":18.0,
            "지역구공급총점":0.0,
            "역세권":"NA",
            "30분내 이동가능 거점":"NA",
            "1시간내 이동가능 거점":"NA",
            "교통총점":"NA",
            "백화점":100,
            "아울렛몰":0,
            "대형마트":0,
            "은행":20,
            "병원":60,
            "종합병원":100,
            "공원":80,
            "혐오시설":0,
            "인프라총점":60.4,
            "초등학군":89.18,
            "중학군":47.32,
            "학군총점":55.692,
            "인구수":29.7,
            "인구증감":-9.63,
            "인구총점":17.901,
            "일자리":10.4,
            "소득수준":51.37,
            "일자리총점":22.691,
            "가치 총점":44.383,
            "매매실거래년":20211105.0,
            "매매실거래가":33900.0,
            "전세실거래년":20200808.0,
            "전세실거래가":15000.0,
            "전세가율":76.53,
            "장기전세가율평균":69.64,
            "전세가율거품지수":-6.89,
            "검색코드":4827,
            "세대수":255,
            "준공년월":"1996-05-23",
            "준공년차":27,
            "가까운역이름":"NA",
            "가까운역거리":"NA",
            "역세권여부":"NA",
            "30분이내주요거점역":"NA",
            "1시간이내주요거점역":"NA",
            "3km이내백화점수":1,
            "5km이내아울렛몰수":0,
            "1km이내대형먀트수":0,
            "500m이내은행수":2,
            "500m이내병원수":12,
            "5km이내대형병원수":5,
            "500m이내공원수":1,
            "3km이내혐오시설수":0,
            "초등학교학업성취도":89.18,
            "중학교학업성취도":77.8,
            "용적률":310,
            "건폐율":40,
            "Y":35.205489,
            "X":129.098948,
            "rank":105.0,
            "area_info":"20평(68.34), 21평(71.99), 22평(74.15), 23평(77.1), 25평(83.22), 25평(85.3), 28평(95.68), 29평(98.29), 32평(106.25), 32평(108.24)",
            "last_sales":"2021-11-05,33900.0,32평(108.24)"
        },
        {
            "index":772,
            "아파트명":"화인",
            "투자타입":"재건축",
            "전용면적(m2)":"72.15",
            "전용면적(평)":"21평",
            "법정동주소":"부산시 동래구 온천동 1119",
            "도로명주소":"부산시 동래구 쇠미로235번길 12",
            "세대수":0,
            "입주년차":"--",
            "용적률점수":0,
            "건폐율점수":80,
            "세대당주차수":"--",
            "난방방식":"--",
            "공급면적":50,
            "전용률":80,
            "욕실수":"--",
            "현관타입":"--",
            "주거총점":22.5,
            "지역구공급총점":0.0,
            "역세권":"NA",
            "30분내 이동가능 거점":"NA",
            "1시간내 이동가능 거점":"NA",
            "교통총점":"NA",
            "백화점":100,
            "아울렛몰":0,
            "대형마트":0,
            "은행":0,
            "병원":0,
            "종합병원":100,
            "공원":100,
            "혐오시설":0,
            "인프라총점":53.0,
            "초등학군":92.36,
            "중학군":52.5,
            "학군총점":60.472,
            "인구수":29.7,
            "인구증감":-9.63,
            "인구총점":17.901,
            "일자리":10.4,
            "소득수준":51.37,
            "일자리총점":22.691,
            "가치 총점":44.193,
            "매매실거래년":20211203.0,
            "매매실거래가":16000.0,
            "전세실거래년":20141214.0,
            "전세실거래가":12000.0,
            "전세가율":75.0,
            "장기전세가율평균":69.64,
            "전세가율거품지수":-5.36,
            "검색코드":4934,
            "세대수":126,
            "준공년월":"1992-05-01",
            "준공년차":31,
            "가까운역이름":"NA",
            "가까운역거리":"NA",
            "역세권여부":"NA",
            "30분이내주요거점역":"NA",
            "1시간이내주요거점역":"NA",
            "3km이내백화점수":1,
            "5km이내아울렛몰수":0,
            "1km이내대형먀트수":0,
            "500m이내은행수":0,
            "500m이내병원수":0,
            "5km이내대형병원수":6,
            "500m이내공원수":4,
            "3km이내혐오시설수":0,
            "초등학교학업성취도":92.36,
            "중학교학업성취도":85.3,
            "용적률":271,
            "건폐율":25,
            "Y":35.211464,
            "X":129.064794,
            "rank":106.0,
            "area_info":"21평(72.15), 26평(87.81), 30평(99.82)",
            "last_sales":"2021-12-03,16000.0,21평(72.15)"
        },
        {
            "index":753,
            "아파트명":"현대(1680)",
            "투자타입":"일반",
            "전용면적(m2)":"76.11",
            "전용면적(평)":"23평",
            "법정동주소":"부산시 동래구 온천동 1680",
            "도로명주소":"부산시 동래구 쇠미로129번길 86",
            "세대수":0,
            "입주년차":0,
            "용적률점수":"--",
            "건폐율점수":"--",
            "세대당주차수":0,
            "난방방식":30,
            "공급면적":"--",
            "전용률":"--",
            "욕실수":50,
            "현관타입":10,
            "주거총점":9.0,
            "지역구공급총점":0.0,
            "역세권":"NA",
            "30분내 이동가능 거점":"NA",
            "1시간내 이동가능 거점":"NA",
            "교통총점":"NA",
            "백화점":100,
            "아울렛몰":0,
            "대형마트":80,
            "은행":0,
            "병원":0,
            "종합병원":100,
            "공원":100,
            "혐오시설":0,
            "인프라총점":65.0,
            "초등학군":89.28,
            "중학군":52.5,
            "학군총점":59.856,
            "인구수":29.7,
            "인구증감":-9.63,
            "인구총점":17.901,
            "일자리":10.4,
            "소득수준":51.37,
            "일자리총점":22.691,
            "가치 총점":44.114,
            "매매실거래년":20211127.0,
            "매매실거래가":20800.0,
            "전세실거래년":null,
            "전세실거래가":null,
            "전세가율":null,
            "장기전세가율평균":69.64,
            "전세가율거품지수":null,
            "검색코드":4958,
            "세대수":227,
            "준공년월":"1995-10-28",
            "준공년차":28,
            "가까운역이름":"NA",
            "가까운역거리":"NA",
            "역세권여부":"NA",
            "30분이내주요거점역":"NA",
            "1시간이내주요거점역":"NA",
            "3km이내백화점수":1,
            "5km이내아울렛몰수":0,
            "1km이내대형먀트수":1,
            "500m이내은행수":0,
            "500m이내병원수":1,
            "5km이내대형병원수":7,
            "500m이내공원수":3,
            "3km이내혐오시설수":0,
            "초등학교학업성취도":89.28,
            "중학교학업성취도":85.3,
            "용적률":328,
            "건폐율":28,
            "Y":35.206046,
            "X":129.058694,
            "rank":107.0,
            "area_info":"23평(76.11), 23평(78.93), 24평(80.13), 30평(100.39), 31평(105.2), 32평(108.28), 34평(113.85)",
            "last_sales":"2021-11-27,20800.0,32평(108.28)"
        },
        {
            "index":249,
            "아파트명":"대건",
            "투자타입":"재건축",
            "전용면적(m2)":"60.97",
            "전용면적(평)":"18평",
            "법정동주소":"부산시 동래구 사직동 588-6",
            "도로명주소":"부산시 동래구 쇠미로 93",
            "세대수":0,
            "입주년차":"--",
            "용적률점수":0,
            "건폐율점수":0,
            "세대당주차수":"--",
            "난방방식":"--",
            "공급면적":50,
            "전용률":80,
            "욕실수":"--",
            "현관타입":"--",
            "주거총점":6.5,
            "지역구공급총점":0.0,
            "역세권":"NA",
            "30분내 이동가능 거점":"NA",
            "1시간내 이동가능 거점":"NA",
            "교통총점":"NA",
            "백화점":100,
            "아울렛몰":0,
            "대형마트":80,
            "은행":0,
            "병원":10,
            "종합병원":100,
            "공원":100,
            "혐오시설":0,
            "인프라총점":66.0,
            "초등학군":95.24,
            "중학군":52.5,
            "학군총점":61.048,
            "인구수":29.7,
            "인구증감":-9.63,
            "인구총점":17.901,
            "일자리":10.4,
            "소득수준":51.37,
            "일자리총점":22.691,
            "가치 총점":43.937,
            "매매실거래년":20210521.0,
            "매매실거래가":42500.0,
            "전세실거래년":20200626.0,
            "전세실거래가":3000.0,
            "전세가율":8.77,
            "장기전세가율평균":69.64,
            "전세가율거품지수":60.87,
            "검색코드":4835,
            "세대수":140,
            "준공년월":"1985-03-01",
            "준공년차":38,
            "가까운역이름":"NA",
            "가까운역거리":"NA",
            "역세권여부":"NA",
            "30분이내주요거점역":"NA",
            "1시간이내주요거점역":"NA",
            "3km이내백화점수":1,
            "5km이내아울렛몰수":0,
            "1km이내대형먀트수":1,
            "500m이내은행수":0,
            "500m이내병원수":4,
            "5km이내대형병원수":8,
            "500m이내공원수":4,
            "3km이내혐오시설수":0,
            "초등학교학업성취도":95.24,
            "중학교학업성취도":85.3,
            "용적률":0,
            "건폐율":0,
            "Y":35.202314,
            "X":129.055714,
            "rank":108.0,
            "area_info":"18평(60.97), 18평(62.48), 20평(68.68), 21평(70.28), 21평(71.78), 21평(71.87), 24평(79.58), 24평(81.08), 25평(82.68), 25평(84.18), 26평(88.88), 27평(90.38), 27평(90.95)",
            "last_sales":"2021-05-21,42500.0,27평(90.95)"
        },
        {
            "index":764,
            "아파트명":"화신",
            "투자타입":"재건축",
            "전용면적(m2)":"100.42",
            "전용면적(평)":"30평",
            "법정동주소":"부산시 동래구 온천동 1129-2",
            "도로명주소":"부산시 동래구 쇠미로235번길 9",
            "세대수":0,
            "입주년차":"--",
            "용적률점수":0,
            "건폐율점수":60,
            "세대당주차수":"--",
            "난방방식":"--",
            "공급면적":90,
            "전용률":80,
            "욕실수":"--",
            "현관타입":"--",
            "주거총점":20.5,
            "지역구공급총점":0.0,
            "역세권":"NA",
            "30분내 이동가능 거점":"NA",
            "1시간내 이동가능 거점":"NA",
            "교통총점":"NA",
            "백화점":100,
            "아울렛몰":0,
            "대형마트":0,
            "은행":0,
            "병원":0,
            "종합병원":100,
            "공원":100,
            "혐오시설":0,
            "인프라총점":53.0,
            "초등학군":92.36,
            "중학군":52.5,
            "학군총점":60.472,
            "인구수":29.7,
            "인구증감":-9.63,
            "인구총점":17.901,
            "일자리":10.4,
            "소득수준":51.37,
            "일자리총점":22.691,
            "가치 총점":43.493,
            "매매실거래년":20201128.0,
            "매매실거래가":35000.0,
            "전세실거래년":20200616.0,
            "전세실거래가":14000.0,
            "전세가율":68.29,
            "장기전세가율평균":69.64,
            "전세가율거품지수":1.35,
            "검색코드":12685,
            "세대수":210,
            "준공년월":"1991-03-14",
            "준공년차":32,
            "가까운역이름":"NA",
            "가까운역거리":"NA",
            "역세권여부":"NA",
            "30분이내주요거점역":"NA",
            "1시간이내주요거점역":"NA",
            "3km이내백화점수":1,
            "5km이내아울렛몰수":0,
            "1km이내대형먀트수":0,
            "500m이내은행수":0,
            "500m이내병원수":0,
            "5km이내대형병원수":6,
            "500m이내공원수":4,
            "3km이내혐오시설수":0,
            "초등학교학업성취도":92.36,
            "중학교학업성취도":85.3,
            "용적률":311,
            "건폐율":34,
            "Y":35.211077,
            "X":129.064778,
            "rank":109.0,
            "area_info":"30평(100.42), 30평(100.41), 46평(154.62), 48평(160.98), 51평(170.94), 52평(172.5), 56평(185.89), 56평(186.32)",
            "last_sales":"2020-11-28,35000.0,51평(170.94)"
        },
        {
            "index":495,
            "아파트명":"안락SK쁘띠메종",
            "투자타입":"일반",
            "전용면적(m2)":"79.54",
            "전용면적(평)":"24평",
            "법정동주소":"부산시 동래구 안락동 15-3",
            "도로명주소":"부산시 동래구 삼어로 12",
            "세대수":30,
            "입주년차":20,
            "용적률점수":"--",
            "건폐율점수":"--",
            "세대당주차수":30,
            "난방방식":30,
            "공급면적":"--",
            "전용률":"--",
            "욕실수":50,
            "현관타입":100,
            "주거총점":37.0,
            "지역구공급총점":0.0,
            "역세권":"NA",
            "30분내 이동가능 거점":"NA",
            "1시간내 이동가능 거점":"NA",
            "교통총점":"NA",
            "백화점":0,
            "아울렛몰":0,
            "대형마트":80,
            "은행":20,
            "병원":30,
            "종합병원":100,
            "공원":100,
            "혐오시설":-50,
            "인프라총점":39.0,
            "초등학군":79.1,
            "중학군":54.2,
            "학군총점":59.18,
            "인구수":29.7,
            "인구증감":-9.63,
            "인구총점":17.901,
            "일자리":10.4,
            "소득수준":51.37,
            "일자리총점":22.691,
            "가치 총점":43.345,
            "매매실거래년":20211210.0,
            "매매실거래가":33500.0,
            "전세실거래년":20220110.0,
            "전세실거래가":20000.0,
            "전세가율":59.7,
            "장기전세가율평균":69.64,
            "전세가율거품지수":9.94,
            "검색코드":4931,
            "세대수":346,
            "준공년월":"2000-06-23",
            "준공년차":23,
            "가까운역이름":"NA",
            "가까운역거리":"NA",
            "역세권여부":"NA",
            "30분이내주요거점역":"NA",
            "1시간이내주요거점역":"NA",
            "3km이내백화점수":0,
            "5km이내아울렛몰수":0,
            "1km이내대형먀트수":1,
            "500m이내은행수":2,
            "500m이내병원수":5,
            "5km이내대형병원수":5,
            "500m이내공원수":2,
            "3km이내혐오시설수":1,
            "초등학교학업성취도":79.1,
            "중학교학업성취도":87.6,
            "용적률":289,
            "건폐율":18,
            "Y":35.198604,
            "X":129.113581,
            "rank":110.0,
            "area_info":"24평(79.54), 24평(79.99), 32평(107.42)",
            "last_sales":"2021-12-10,33500.0,24평(79.54)"
        },
        {
            "index":165,
            "아파트명":"명장경동",
            "투자타입":"재건축",
            "전용면적(m2)":"98.85",
            "전용면적(평)":"29평",
            "법정동주소":"부산시 동래구 명장동 22-1",
            "도로명주소":"부산시 동래구 명서로 182",
            "세대수":30,
            "입주년차":"--",
            "용적률점수":0,
            "건폐율점수":0,
            "세대당주차수":"--",
            "난방방식":"--",
            "공급면적":70,
            "전용률":80,
            "욕실수":"--",
            "현관타입":"--",
            "주거총점":16.5,
            "지역구공급총점":0.0,
            "역세권":"NA",
            "30분내 이동가능 거점":"NA",
            "1시간내 이동가능 거점":"NA",
            "교통총점":"NA",
            "백화점":100,
            "아울렛몰":0,
            "대형마트":0,
            "은행":0,
            "병원":60,
            "종합병원":100,
            "공원":100,
            "혐오시설":0,
            "인프라총점":59.0,
            "초등학군":89.18,
            "중학군":47.32,
            "학군총점":55.692,
            "인구수":29.7,
            "인구증감":-9.63,
            "인구총점":17.901,
            "일자리":10.4,
            "소득수준":51.37,
            "일자리총점":22.691,
            "가치 총점":43.298,
            "매매실거래년":20210825.0,
            "매매실거래가":32000.0,
            "전세실거래년":20210111.0,
            "전세실거래가":15000.0,
            "전세가율":50.34,
            "장기전세가율평균":69.64,
            "전세가율거품지수":19.3,
            "검색코드":4825,
            "세대수":335,
            "준공년월":"1992-05-25",
            "준공년차":31,
            "가까운역이름":"NA",
            "가까운역거리":"NA",
            "역세권여부":"NA",
            "30분이내주요거점역":"NA",
            "1시간이내주요거점역":"NA",
            "3km이내백화점수":1,
            "5km이내아울렛몰수":0,
            "1km이내대형먀트수":0,
            "500m이내은행수":0,
            "500m이내병원수":17,
            "5km이내대형병원수":5,
            "500m이내공원수":2,
            "3km이내혐오시설수":0,
            "초등학교학업성취도":89.18,
            "중학교학업성취도":77.8,
            "용적률":0,
            "건폐율":0,
            "Y":35.207842,
            "X":129.10198,
            "rank":111.0,
            "area_info":"29평(98.85), 30평(99.65), 31평(103.4), 31평(103.88), 31평(103.84), 31평(103.81), 31평(103.73), 31평(103.5)",
            "last_sales":"2021-08-25,32000.0,31평(103.88)"
        },
        {
            "index":151,
            "아파트명":"동남타워",
            "투자타입":"재건축",
            "전용면적(m2)":"72.88",
            "전용면적(평)":"22평",
            "법정동주소":"부산시 동래구 명장동 517-2",
            "도로명주소":"부산시 동래구 시실로 156",
            "세대수":0,
            "입주년차":"--",
            "용적률점수":0,
            "건폐율점수":80,
            "세대당주차수":"--",
            "난방방식":"--",
            "공급면적":50,
            "전용률":80,
            "욕실수":"--",
            "현관타입":"--",
            "주거총점":22.5,
            "지역구공급총점":0.0,
            "역세권":"NA",
            "30분내 이동가능 거점":"NA",
            "1시간내 이동가능 거점":"NA",
            "교통총점":"NA",
            "백화점":100,
            "아울렛몰":0,
            "대형마트":0,
            "은행":0,
            "병원":0,
            "종합병원":100,
            "공원":100,
            "혐오시설":0,
            "인프라총점":53.0,
            "초등학군":89.18,
            "중학군":47.32,
            "학군총점":55.692,
            "인구수":29.7,
            "인구증감":-9.63,
            "인구총점":17.901,
            "일자리":10.4,
            "소득수준":51.37,
            "일자리총점":22.691,
            "가치 총점":42.998,
            "매매실거래년":20210204.0,
            "매매실거래가":20700.0,
            "전세실거래년":20130905.0,
            "전세실거래가":10500.0,
            "전세가율":87.5,
            "장기전세가율평균":69.64,
            "전세가율거품지수":-17.86,
            "검색코드":11422,
            "세대수":127,
            "준공년월":"1992-09-08",
            "준공년차":31,
            "가까운역이름":"NA",
            "가까운역거리":"NA",
            "역세권여부":"NA",
            "30분이내주요거점역":"NA",
            "1시간이내주요거점역":"NA",
            "3km이내백화점수":1,
            "5km이내아울렛몰수":0,
            "1km이내대형먀트수":0,
            "500m이내은행수":0,
            "500m이내병원수":1,
            "5km이내대형병원수":5,
            "500m이내공원수":3,
            "3km이내혐오시설수":0,
            "초등학교학업성취도":89.18,
            "중학교학업성취도":77.8,
            "용적률":283,
            "건폐율":27,
            "Y":35.20932,
            "X":129.09726,
            "rank":112.0,
            "area_info":"22평(72.88), 23평(78.78), 28평(94.9), 30평(99.32), 31평(103.34)",
            "last_sales":"2021-02-04,20700.0,31평(103.34)"
        },
        {
            "index":701,
            "아파트명":"온천대동다숲",
            "투자타입":"일반",
            "전용면적(m2)":"78.63",
            "전용면적(평)":"23평",
            "법정동주소":"부산시 동래구 온천동 1129-4",
            "도로명주소":"부산시 동래구 금정마을로 120",
            "세대수":0,
            "입주년차":0,
            "용적률점수":"--",
            "건폐율점수":"--",
            "세대당주차수":0,
            "난방방식":30,
            "공급면적":"--",
            "전용률":"--",
            "욕실수":50,
            "현관타입":100,
            "주거총점":18.0,
            "지역구공급총점":0.0,
            "역세권":"NA",
            "30분내 이동가능 거점":"NA",
            "1시간내 이동가능 거점":"NA",
            "교통총점":"NA",
            "백화점":100,
            "아울렛몰":0,
            "대형마트":0,
            "은행":0,
            "병원":0,
            "종합병원":100,
            "공원":100,
            "혐오시설":0,
            "인프라총점":53.0,
            "초등학군":92.36,
            "중학군":52.5,
            "학군총점":60.472,
            "인구수":29.7,
            "인구증감":-9.63,
            "인구총점":17.901,
            "일자리":10.4,
            "소득수준":51.37,
            "일자리총점":22.691,
            "가치 총점":42.618,
            "매매실거래년":20211027.0,
            "매매실거래가":27000.0,
            "전세실거래년":20211114.0,
            "전세실거래가":19000.0,
            "전세가율":70.37,
            "장기전세가율평균":69.64,
            "전세가율거품지수":-0.73,
            "검색코드":4954,
            "세대수":170,
            "준공년월":"1998-02-20",
            "준공년차":25,
            "가까운역이름":"NA",
            "가까운역거리":"NA",
            "역세권여부":"NA",
            "30분이내주요거점역":"NA",
            "1시간이내주요거점역":"NA",
            "3km이내백화점수":1,
            "5km이내아울렛몰수":0,
            "1km이내대형먀트수":0,
            "500m이내은행수":0,
            "500m이내병원수":1,
            "5km이내대형병원수":5,
            "500m이내공원수":5,
            "3km이내혐오시설수":0,
            "초등학교학업성취도":92.36,
            "중학교학업성취도":85.3,
            "용적률":364,
            "건폐율":27,
            "Y":35.210863,
            "X":129.066566,
            "rank":113.0,
            "area_info":"23평(78.63), 32평(108.41), 32평(108.43)",
            "last_sales":"2021-10-27,27000.0,23평(78.63)"
        },
        {
            "index":677,
            "아파트명":"삼협",
            "투자타입":"일반",
            "전용면적(m2)":"76.79",
            "전용면적(평)":"23평",
            "법정동주소":"부산시 동래구 온천동 1133-2",
            "도로명주소":"부산시 동래구 쇠미로221번길 13",
            "세대수":0,
            "입주년차":0,
            "용적률점수":"--",
            "건폐율점수":"--",
            "세대당주차수":0,
            "난방방식":30,
            "공급면적":"--",
            "전용률":"--",
            "욕실수":50,
            "현관타입":100,
            "주거총점":18.0,
            "지역구공급총점":0.0,
            "역세권":"NA",
            "30분내 이동가능 거점":"NA",
            "1시간내 이동가능 거점":"NA",
            "교통총점":"NA",
            "백화점":100,
            "아울렛몰":0,
            "대형마트":0,
            "은행":0,
            "병원":0,
            "종합병원":100,
            "공원":100,
            "혐오시설":0,
            "인프라총점":53.0,
            "초등학군":89.28,
            "중학군":52.5,
            "학군총점":59.856,
            "인구수":29.7,
            "인구증감":-9.63,
            "인구총점":17.901,
            "일자리":10.4,
            "소득수준":51.37,
            "일자리총점":22.691,
            "가치 총점":42.464,
            "매매실거래년":20211224.0,
            "매매실거래가":20000.0,
            "전세실거래년":20210419.0,
            "전세실거래가":14500.0,
            "전세가율":89.51,
            "장기전세가율평균":69.64,
            "전세가율거품지수":-19.87,
            "검색코드":4949,
            "세대수":105,
            "준공년월":"1997-12-03",
            "준공년차":26,
            "가까운역이름":"NA",
            "가까운역거리":"NA",
            "역세권여부":"NA",
            "30분이내주요거점역":"NA",
            "1시간이내주요거점역":"NA",
            "3km이내백화점수":1,
            "5km이내아울렛몰수":0,
            "1km이내대형먀트수":0,
            "500m이내은행수":0,
            "500m이내병원수":0,
            "5km이내대형병원수":6,
            "500m이내공원수":4,
            "3km이내혐오시설수":0,
            "초등학교학업성취도":89.28,
            "중학교학업성취도":85.3,
            "용적률":345,
            "건폐율":31,
            "Y":35.210111,
            "X":129.063931,
            "rank":114.0,
            "area_info":"23평(76.79), 32평(108.94)",
            "last_sales":"2021-12-24,20000.0,32평(108.94)"
        },
        {
            "index":189,
            "아파트명":"명장일양타운",
            "투자타입":"재건축",
            "전용면적(m2)":"87.74",
            "전용면적(평)":"26평",
            "법정동주소":"부산시 동래구 명장동 461-1",
            "도로명주소":"부산시 동래구 명장로63번다길 6",
            "세대수":0,
            "입주년차":"--",
            "용적률점수":0,
            "건폐율점수":0,
            "세대당주차수":"--",
            "난방방식":"--",
            "공급면적":70,
            "전용률":80,
            "욕실수":"--",
            "현관타입":"--",
            "주거총점":7.5,
            "지역구공급총점":0.0,
            "역세권":"NA",
            "30분내 이동가능 거점":"NA",
            "1시간내 이동가능 거점":"NA",
            "교통총점":"NA",
            "백화점":100,
            "아울렛몰":0,
            "대형마트":0,
            "은행":0,
            "병원":60,
            "종합병원":100,
            "공원":100,
            "혐오시설":0,
            "인프라총점":59.0,
            "초등학군":95.9,
            "중학군":54.94,
            "학군총점":63.132,
            "인구수":29.7,
            "인구증감":-9.63,
            "인구총점":17.901,
            "일자리":10.4,
            "소득수준":51.37,
            "일자리총점":22.691,
            "가치 총점":42.008,
            "매매실거래년":20211206.0,
            "매매실거래가":25000.0,
            "전세실거래년":20210803.0,
            "전세실거래가":20000.0,
            "전세가율":80.0,
            "장기전세가율평균":69.64,
            "전세가율거품지수":-10.36,
            "검색코드":10021,
            "세대수":149,
            "준공년월":"1992-02-08",
            "준공년차":31,
            "가까운역이름":"NA",
            "가까운역거리":"NA",
            "역세권여부":"NA",
            "30분이내주요거점역":"NA",
            "1시간이내주요거점역":"NA",
            "3km이내백화점수":1,
            "5km이내아울렛몰수":0,
            "1km이내대형먀트수":0,
            "500m이내은행수":0,
            "500m이내병원수":13,
            "5km이내대형병원수":4,
            "500m이내공원수":3,
            "3km이내혐오시설수":0,
            "초등학교학업성취도":95.9,
            "중학교학업성취도":88.9,
            "용적률":0,
            "건폐율":0,
            "Y":35.20804,
            "X":129.10625,
            "rank":115.0,
            "area_info":"26평(87.74), 29평(98.19), 30평(99.77), 35평(116.68)",
            "last_sales":"2021-12-06,25000.0,26평(87.74)"
        },
        {
            "index":193,
            "아파트명":"봉황",
            "투자타입":"재건축",
            "전용면적(m2)":"26.08",
            "전용면적(평)":"7평",
            "법정동주소":"부산시 동래구 명장동 29-27",
            "도로명주소":"부산시 동래구 반송로247번길 26",
            "세대수":0,
            "입주년차":"--",
            "용적률점수":0,
            "건폐율점수":0,
            "세대당주차수":"--",
            "난방방식":"--",
            "공급면적":50,
            "전용률":60,
            "욕실수":"--",
            "현관타입":"--",
            "주거총점":5.5,
            "지역구공급총점":0.0,
            "역세권":"NA",
            "30분내 이동가능 거점":"NA",
            "1시간내 이동가능 거점":"NA",
            "교통총점":"NA",
            "백화점":100,
            "아울렛몰":0,
            "대형마트":0,
            "은행":20,
            "병원":60,
            "종합병원":100,
            "공원":80,
            "혐오시설":0,
            "인프라총점":60.4,
            "초등학군":89.18,
            "중학군":46.94,
            "학군총점":55.388,
            "인구수":29.7,
            "인구증감":-9.63,
            "인구총점":17.901,
            "일자리":10.4,
            "소득수준":51.37,
            "일자리총점":22.691,
            "가치 총점":39.932,
            "매매실거래년":20210117.0,
            "매매실거래가":35000.0,
            "전세실거래년":null,
            "전세실거래가":null,
            "전세가율":null,
            "장기전세가율평균":69.64,
            "전세가율거품지수":null,
            "검색코드":14766,
            "세대수":105,
            "준공년월":"1981-07-04",
            "준공년차":42,
            "가까운역이름":"NA",
            "가까운역거리":"NA",
            "역세권여부":"NA",
            "30분이내주요거점역":"NA",
            "1시간이내주요거점역":"NA",
            "3km이내백화점수":1,
            "5km이내아울렛몰수":0,
            "1km이내대형먀트수":0,
            "500m이내은행수":2,
            "500m이내병원수":21,
            "5km이내대형병원수":6,
            "500m이내공원수":1,
            "3km이내혐오시설수":0,
            "초등학교학업성취도":89.18,
            "중학교학업성취도":76.9,
            "용적률":0,
            "건폐율":0,
            "Y":35.203324,
            "X":129.099127,
            "rank":116.0,
            "area_info":"7평(26.08), 11평(36.66), 19평(63.37), 19평(64.16), 19평(64.17), 19평(66.02), 22평(74.78), 22평(75.37), 22평(75.01), 24평(79.47), 24평(79.47), 25평(85.65), 25평(85.36), 26평(86.58), 27평(91.67)",
            "last_sales":"2021-01-17,35000.0,25평(85.65)"
        },
        {
            "index":160,
            "아파트명":"동양",
            "투자타입":"재건축",
            "전용면적(m2)":"53.19",
            "전용면적(평)":"16평",
            "법정동주소":"부산시 동래구 명장동 300-55",
            "도로명주소":"부산시 동래구 명서로 160",
            "세대수":0,
            "입주년차":"--",
            "용적률점수":0,
            "건폐율점수":0,
            "세대당주차수":"--",
            "난방방식":"--",
            "공급면적":50,
            "전용률":80,
            "욕실수":"--",
            "현관타입":"--",
            "주거총점":6.5,
            "지역구공급총점":0.0,
            "역세권":"NA",
            "30분내 이동가능 거점":"NA",
            "1시간내 이동가능 거점":"NA",
            "교통총점":"NA",
            "백화점":100,
            "아울렛몰":0,
            "대형마트":0,
            "은행":0,
            "병원":60,
            "종합병원":100,
            "공원":100,
            "혐오시설":0,
            "인프라총점":59.0,
            "초등학군":89.18,
            "중학군":47.32,
            "학군총점":55.692,
            "인구수":29.7,
            "인구증감":-9.63,
            "인구총점":17.901,
            "일자리":10.4,
            "소득수준":51.37,
            "일자리총점":22.691,
            "가치 총점":39.798,
            "매매실거래년":20211223.0,
            "매매실거래가":20000.0,
            "전세실거래년":20211228.0,
            "전세실거래가":10000.0,
            "전세가율":50.0,
            "장기전세가율평균":69.64,
            "전세가율거품지수":19.64,
            "검색코드":15900,
            "세대수":220,
            "준공년월":"1982-02-15",
            "준공년차":41,
            "가까운역이름":"NA",
            "가까운역거리":"NA",
            "역세권여부":"NA",
            "30분이내주요거점역":"NA",
            "1시간이내주요거점역":"NA",
            "3km이내백화점수":1,
            "5km이내아울렛몰수":0,
            "1km이내대형먀트수":0,
            "500m이내은행수":0,
            "500m이내병원수":16,
            "5km이내대형병원수":5,
            "500m이내공원수":3,
            "3km이내혐오시설수":0,
            "초등학교학업성취도":89.18,
            "중학교학업성취도":77.8,
            "용적률":0,
            "건폐율":0,
            "Y":35.20891,
            "X":129.101388,
            "rank":117.0,
            "area_info":"16평(53.19), 16평(53.19), 19평(63.56), 19평(64.4), 19평(64.57)",
            "last_sales":"2021-12-23,20000.0,16평(53.19)"
        },
        {
            "index":465,
            "아파트명":"동부산아이존빌",
            "투자타입":"일반",
            "전용면적(m2)":"74.25",
            "전용면적(평)":"22평",
            "법정동주소":"부산시 동래구 안락동 598",
            "도로명주소":"부산시 동래구 충렬대로428번길 49",
            "세대수":30,
            "입주년차":20,
            "용적률점수":"--",
            "건폐율점수":"--",
            "세대당주차수":30,
            "난방방식":30,
            "공급면적":"--",
            "전용률":"--",
            "욕실수":100,
            "현관타입":100,
            "주거총점":42.0,
            "지역구공급총점":0.0,
            "역세권":"NA",
            "30분내 이동가능 거점":"NA",
            "1시간내 이동가능 거점":"NA",
            "교통총점":"NA",
            "백화점":0,
            "아울렛몰":0,
            "대형마트":0,
            "은행":0,
            "병원":60,
            "종합병원":100,
            "공원":0,
            "혐오시설":-100,
            "인프라총점":24.0,
            "초등학군":90.66,
            "중학군":53.52,
            "학군총점":60.948,
            "인구수":29.7,
            "인구증감":-9.63,
            "인구총점":17.901,
            "일자리":10.4,
            "소득수준":51.37,
            "일자리총점":22.691,
            "가치 총점":39.537,
            "매매실거래년":20210907.0,
            "매매실거래가":51500.0,
            "전세실거래년":null,
            "전세실거래가":null,
            "전세가율":null,
            "장기전세가율평균":69.64,
            "전세가율거품지수":null,
            "검색코드":10839,
            "세대수":338,
            "준공년월":"2003-11-10",
            "준공년차":20,
            "가까운역이름":"NA",
            "가까운역거리":"NA",
            "역세권여부":"NA",
            "30분이내주요거점역":"NA",
            "1시간이내주요거점역":"NA",
            "3km이내백화점수":0,
            "5km이내아울렛몰수":0,
            "1km이내대형먀트수":0,
            "500m이내은행수":1,
            "500m이내병원수":26,
            "5km이내대형병원수":7,
            "500m이내공원수":0,
            "3km이내혐오시설수":2,
            "초등학교학업성취도":90.66,
            "중학교학업성취도":86.4,
            "용적률":280,
            "건폐율":26,
            "Y":35.193881,
            "X":129.104754,
            "rank":118.0,
            "area_info":"22평(74.25), 23평(76.05), 27평(90.31), 29평(96.41), 31평(104.34), 32평(107.81), 40평(134.8)",
            "last_sales":"2021-09-07,51500.0,40평(134.8)"
        },
        {
            "index":511,
            "아파트명":"안락남흥",
            "투자타입":"재건축",
            "전용면적(m2)":"103.93",
            "전용면적(평)":"31평",
            "법정동주소":"부산시 동래구 안락동 600-6",
            "도로명주소":"부산시 동래구 충렬대로428번가길 19",
            "세대수":0,
            "입주년차":"--",
            "용적률점수":0,
            "건폐율점수":80,
            "세대당주차수":"--",
            "난방방식":"--",
            "공급면적":90,
            "전용률":80,
            "욕실수":"--",
            "현관타입":"--",
            "주거총점":24.5,
            "지역구공급총점":0.0,
            "역세권":"NA",
            "30분내 이동가능 거점":"NA",
            "1시간내 이동가능 거점":"NA",
            "교통총점":"NA",
            "백화점":0,
            "아울렛몰":0,
            "대형마트":80,
            "은행":0,
            "병원":60,
            "종합병원":100,
            "공원":80,
            "혐오시설":-100,
            "인프라총점":38.4,
            "초등학군":90.66,
            "중학군":53.52,
            "학군총점":60.948,
            "인구수":29.7,
            "인구증감":-9.63,
            "인구총점":17.901,
            "일자리":10.4,
            "소득수준":51.37,
            "일자리총점":22.691,
            "가치 총점":39.172,
            "매매실거래년":20210821.0,
            "매매실거래가":31800.0,
            "전세실거래년":20211031.0,
            "전세실거래가":18900.0,
            "전세가율":59.43,
            "장기전세가율평균":69.64,
            "전세가율거품지수":10.21,
            "검색코드":4896,
            "세대수":140,
            "준공년월":"1989-10-17",
            "준공년차":34,
            "가까운역이름":"NA",
            "가까운역거리":"NA",
            "역세권여부":"NA",
            "30분이내주요거점역":"NA",
            "1시간이내주요거점역":"NA",
            "3km이내백화점수":0,
            "5km이내아울렛몰수":0,
            "1km이내대형먀트수":1,
            "500m이내은행수":1,
            "500m이내병원수":26,
            "5km이내대형병원수":6,
            "500m이내공원수":1,
            "3km이내혐오시설수":2,
            "초등학교학업성취도":90.66,
            "중학교학업성취도":86.4,
            "용적률":241,
            "건폐율":21,
            "Y":35.195135,
            "X":129.10566,
            "rank":119.0,
            "area_info":"31평(103.93), 37평(123.37)",
            "last_sales":"2021-08-21,31800.0,31평(103.93)"
        },
        {
            "index":213,
            "아파트명":"아림파크맨션",
            "투자타입":"재건축",
            "전용면적(m2)":"52.64",
            "전용면적(평)":"15평",
            "법정동주소":"부산시 동래구 명장동 497-76",
            "도로명주소":"부산시 동래구 명서로 140",
            "세대수":0,
            "입주년차":"--",
            "용적률점수":0,
            "건폐율점수":0,
            "세대당주차수":"--",
            "난방방식":"--",
            "공급면적":50,
            "전용률":80,
            "욕실수":"--",
            "현관타입":"--",
            "주거총점":6.5,
            "지역구공급총점":0.0,
            "역세권":"NA",
            "30분내 이동가능 거점":"NA",
            "1시간내 이동가능 거점":"NA",
            "교통총점":"NA",
            "백화점":100,
            "아울렛몰":0,
            "대형마트":0,
            "은행":0,
            "병원":30,
            "종합병원":100,
            "공원":100,
            "혐오시설":0,
            "인프라총점":56.0,
            "초등학군":84.05,
            "중학군":47.32,
            "학군총점":54.666,
            "인구수":29.7,
            "인구증감":-9.63,
            "인구총점":17.901,
            "일자리":10.4,
            "소득수준":51.37,
            "일자리총점":22.691,
            "가치 총점":38.3415,
            "매매실거래년":20211118.0,
            "매매실거래가":25000.0,
            "전세실거래년":20211220.0,
            "전세실거래가":10000.0,
            "전세가율":40.0,
            "장기전세가율평균":69.64,
            "전세가율거품지수":29.64,
            "검색코드":14768,
            "세대수":144,
            "준공년월":"1988-07-27",
            "준공년차":35,
            "가까운역이름":"NA",
            "가까운역거리":"NA",
            "역세권여부":"NA",
            "30분이내주요거점역":"NA",
            "1시간이내주요거점역":"NA",
            "3km이내백화점수":1,
            "5km이내아울렛몰수":0,
            "1km이내대형먀트수":0,
            "500m이내은행수":0,
            "500m이내병원수":7,
            "5km이내대형병원수":4,
            "500m이내공원수":3,
            "3km이내혐오시설수":0,
            "초등학교학업성취도":84.05,
            "중학교학업성취도":77.8,
            "용적률":0,
            "건폐율":0,
            "Y":35.209944,
            "X":129.101753,
            "rank":120.0,
            "area_info":"15평(52.64), 20평(69.19), 23평(76.65), 25평(84.64)",
            "last_sales":"2021-11-18,25000.0,15평(52.64)"
        },
        {
            "index":531,
            "아파트명":"한우",
            "투자타입":"재건축",
            "전용면적(m2)":"46.95",
            "전용면적(평)":"14평",
            "법정동주소":"부산시 동래구 안락동 465-1",
            "도로명주소":"부산시 동래구 충렬대로457번길 72",
            "세대수":0,
            "입주년차":"--",
            "용적률점수":0,
            "건폐율점수":0,
            "세대당주차수":"--",
            "난방방식":"--",
            "공급면적":50,
            "전용률":80,
            "욕실수":"--",
            "현관타입":"--",
            "주거총점":6.5,
            "지역구공급총점":0.0,
            "역세권":"NA",
            "30분내 이동가능 거점":"NA",
            "1시간내 이동가능 거점":"NA",
            "교통총점":"NA",
            "백화점":0,
            "아울렛몰":0,
            "대형마트":80,
            "은행":70,
            "병원":60,
            "종합병원":100,
            "공원":100,
            "혐오시설":-50,
            "인프라총점":47.0,
            "초등학군":79.1,
            "중학군":46.02,
            "학군총점":52.636,
            "인구수":29.7,
            "인구증감":-9.63,
            "인구총점":17.901,
            "일자리":10.4,
            "소득수준":51.37,
            "일자리총점":22.691,
            "가치 총점":34.234,
            "매매실거래년":20210901.0,
            "매매실거래가":10000.0,
            "전세실거래년":20211004.0,
            "전세실거래가":8000.0,
            "전세가율":80.0,
            "장기전세가율평균":69.64,
            "전세가율거품지수":-10.36,
            "검색코드":4910,
            "세대수":190,
            "준공년월":"1983-01-26",
            "준공년차":40,
            "가까운역이름":"NA",
            "가까운역거리":"NA",
            "역세권여부":"NA",
            "30분이내주요거점역":"NA",
            "1시간이내주요거점역":"NA",
            "3km이내백화점수":0,
            "5km이내아울렛몰수":0,
            "1km이내대형먀트수":1,
            "500m이내은행수":3,
            "500m이내병원수":15,
            "5km이내대형병원수":6,
            "500m이내공원수":6,
            "3km이내혐오시설수":1,
            "초등학교학업성취도":79.1,
            "중학교학업성취도":76.1,
            "용적률":0,
            "건폐율":0,
            "Y":35.1988,
            "X":129.109905,
            "rank":121.0,
            "area_info":"14평(46.95), 15평(52.0), 19평(64.64)",
            "last_sales":"2021-09-01,10000.0,14평(46.95)"
        }
    ]
}