{
    "schema":{
        "fields":[
            {
                "name":"index",
                "type":"integer"
            },
            {
                "name":"아파트명",
                "type":"string"
            },
            {
                "name":"투자타입",
                "type":"string"
            },
            {
                "name":"전용면적(m2)",
                "type":"string"
            },
            {
                "name":"전용면적(평)",
                "type":"string"
            },
            {
                "name":"법정동주소",
                "type":"string"
            },
            {
                "name":"도로명주소",
                "type":"string"
            },
            {
                "name":"세대수",
                "type":"integer"
            },
            {
                "name":"입주년차",
                "type":"string"
            },
            {
                "name":"용적률점수",
                "type":"string"
            },
            {
                "name":"건폐율점수",
                "type":"string"
            },
            {
                "name":"세대당주차수",
                "type":"string"
            },
            {
                "name":"난방방식",
                "type":"string"
            },
            {
                "name":"공급면적",
                "type":"string"
            },
            {
                "name":"전용률",
                "type":"string"
            },
            {
                "name":"욕실수",
                "type":"string"
            },
            {
                "name":"현관타입",
                "type":"string"
            },
            {
                "name":"주거총점",
                "type":"number"
            },
            {
                "name":"지역구공급총점",
                "type":"number"
            },
            {
                "name":"역세권",
                "type":"string"
            },
            {
                "name":"30분내 이동가능 거점",
                "type":"string"
            },
            {
                "name":"1시간내 이동가능 거점",
                "type":"string"
            },
            {
                "name":"교통총점",
                "type":"string"
            },
            {
                "name":"백화점",
                "type":"integer"
            },
            {
                "name":"아울렛몰",
                "type":"integer"
            },
            {
                "name":"대형마트",
                "type":"integer"
            },
            {
                "name":"은행",
                "type":"integer"
            },
            {
                "name":"병원",
                "type":"integer"
            },
            {
                "name":"종합병원",
                "type":"integer"
            },
            {
                "name":"공원",
                "type":"integer"
            },
            {
                "name":"혐오시설",
                "type":"integer"
            },
            {
                "name":"인프라총점",
                "type":"number"
            },
            {
                "name":"초등학군",
                "type":"number"
            },
            {
                "name":"중학군",
                "type":"number"
            },
            {
                "name":"학군총점",
                "type":"number"
            },
            {
                "name":"인구수",
                "type":"number"
            },
            {
                "name":"인구증감",
                "type":"number"
            },
            {
                "name":"인구총점",
                "type":"number"
            },
            {
                "name":"일자리",
                "type":"number"
            },
            {
                "name":"소득수준",
                "type":"number"
            },
            {
                "name":"일자리총점",
                "type":"number"
            },
            {
                "name":"가치 총점",
                "type":"number"
            },
            {
                "name":"매매실거래년",
                "type":"string"
            },
            {
                "name":"매매실거래가",
                "type":"number"
            },
            {
                "name":"전세실거래년",
                "type":"number"
            },
            {
                "name":"전세실거래가",
                "type":"number"
            },
            {
                "name":"전세가율",
                "type":"number"
            },
            {
                "name":"장기전세가율평균",
                "type":"number"
            },
            {
                "name":"전세가율거품지수",
                "type":"number"
            },
            {
                "name":"검색코드",
                "type":"integer"
            },
            {
                "name":"세대수",
                "type":"integer"
            },
            {
                "name":"준공년월",
                "type":"string"
            },
            {
                "name":"준공년차",
                "type":"integer"
            },
            {
                "name":"가까운역이름",
                "type":"string"
            },
            {
                "name":"가까운역거리",
                "type":"string"
            },
            {
                "name":"역세권여부",
                "type":"string"
            },
            {
                "name":"30분이내주요거점역",
                "type":"string"
            },
            {
                "name":"1시간이내주요거점역",
                "type":"string"
            },
            {
                "name":"3km이내백화점수",
                "type":"integer"
            },
            {
                "name":"5km이내아울렛몰수",
                "type":"integer"
            },
            {
                "name":"1km이내대형먀트수",
                "type":"integer"
            },
            {
                "name":"500m이내은행수",
                "type":"integer"
            },
            {
                "name":"500m이내병원수",
                "type":"integer"
            },
            {
                "name":"5km이내대형병원수",
                "type":"integer"
            },
            {
                "name":"500m이내공원수",
                "type":"integer"
            },
            {
                "name":"3km이내혐오시설수",
                "type":"integer"
            },
            {
                "name":"초등학교학업성취도",
                "type":"number"
            },
            {
                "name":"중학교학업성취도",
                "type":"number"
            },
            {
                "name":"용적률",
                "type":"integer"
            },
            {
                "name":"건폐율",
                "type":"integer"
            },
            {
                "name":"Y",
                "type":"number"
            },
            {
                "name":"X",
                "type":"number"
            },
            {
                "name":"rank",
                "type":"number"
            },
            {
                "name":"area_info",
                "type":"string"
            },
            {
                "name":"last_sales",
                "type":"string"
            }
        ],
        "primaryKey":[
            "index"
        ],
        "pandas_version":"1.4.0"
    },
    "data":[
        {
            "index":210,
            "아파트명":"정관동원로얄듀크2차",
            "투자타입":"일반",
            "전용면적(m2)":"80.38",
            "전용면적(평)":"24평",
            "법정동주소":"부산시 기장군 정관읍 매학리 723",
            "도로명주소":"부산시 기장군 정관5로 12",
            "세대수":90,
            "입주년차":60,
            "용적률점수":"--",
            "건폐율점수":"--",
            "세대당주차수":30,
            "난방방식":100,
            "공급면적":"--",
            "전용률":"--",
            "욕실수":100,
            "현관타입":100,
            "주거총점":78.0,
            "지역구공급총점":0.0,
            "역세권":"NA",
            "30분내 이동가능 거점":"NA",
            "1시간내 이동가능 거점":"NA",
            "교통총점":"NA",
            "백화점":0,
            "아울렛몰":0,
            "대형마트":80,
            "은행":100,
            "병원":80,
            "종합병원":0,
            "공원":100,
            "혐오시설":0,
            "인프라총점":33.0,
            "초등학군":90.0,
            "중학군":49.52,
            "학군총점":57.616,
            "인구수":18.13,
            "인구증감":21.66,
            "인구총점":19.189,
            "일자리":8.8,
            "소득수준":59.98,
            "일자리총점":24.154,
            "가치 총점":54.904,
            "매매실거래년":20220104.0,
            "매매실거래가":36000.0,
            "전세실거래년":20220111.0,
            "전세실거래가":24500.0,
            "전세가율":68.06,
            "장기전세가율평균":66.17,
            "전세가율거품지수":-1.89,
            "검색코드":103391,
            "세대수":1249,
            "준공년월":"2013-08-26",
            "준공년차":10,
            "가까운역이름":"NA",
            "가까운역거리":"NA",
            "역세권여부":"NA",
            "30분이내주요거점역":"NA",
            "1시간이내주요거점역":"NA",
            "3km이내백화점수":0,
            "5km이내아울렛몰수":0,
            "1km이내대형먀트수":1,
            "500m이내은행수":5,
            "500m이내병원수":35,
            "5km이내대형병원수":0,
            "500m이내공원수":2,
            "3km이내혐오시설수":0,
            "초등학교학업성취도":90.0,
            "중학교학업성취도":82.2,
            "용적률":176,
            "건폐율":15,
            "Y":35.319058,
            "X":129.175034,
            "rank":1.0,
            "area_info":"24평(80.38), 24평(81.48), 32평(106.15), 32평(107.11)",
            "last_sales":"2022-01-04,36000.0,24평(80.38)"
        },
        {
            "index":206,
            "아파트명":"정관동원로얄듀크1차",
            "투자타입":"일반",
            "전용면적(m2)":"81.74",
            "전용면적(평)":"24평",
            "법정동주소":"부산시 기장군 정관읍 달산리 1207",
            "도로명주소":"부산시 기장군 산단4로 139",
            "세대수":90,
            "입주년차":60,
            "용적률점수":"--",
            "건폐율점수":"--",
            "세대당주차수":30,
            "난방방식":100,
            "공급면적":"--",
            "전용률":"--",
            "욕실수":100,
            "현관타입":100,
            "주거총점":78.0,
            "지역구공급총점":0.0,
            "역세권":"NA",
            "30분내 이동가능 거점":"NA",
            "1시간내 이동가능 거점":"NA",
            "교통총점":"NA",
            "백화점":0,
            "아울렛몰":80,
            "대형마트":0,
            "은행":0,
            "병원":10,
            "종합병원":80,
            "공원":100,
            "혐오시설":0,
            "인프라총점":28.0,
            "초등학군":85.88,
            "중학군":49.52,
            "학군총점":56.792,
            "인구수":18.13,
            "인구증감":21.66,
            "인구총점":19.189,
            "일자리":8.8,
            "소득수준":59.98,
            "일자리총점":24.154,
            "가치 총점":52.698,
            "매매실거래년":20211220.0,
            "매매실거래가":25400.0,
            "전세실거래년":20211218.0,
            "전세실거래가":21800.0,
            "전세가율":85.83,
            "장기전세가율평균":66.17,
            "전세가율거품지수":-19.66,
            "검색코드":103219,
            "세대수":1028,
            "준공년월":"2013-06-19",
            "준공년차":10,
            "가까운역이름":"NA",
            "가까운역거리":"NA",
            "역세권여부":"NA",
            "30분이내주요거점역":"NA",
            "1시간이내주요거점역":"NA",
            "3km이내백화점수":0,
            "5km이내아울렛몰수":1,
            "1km이내대형먀트수":0,
            "500m이내은행수":0,
            "500m이내병원수":2,
            "5km이내대형병원수":1,
            "500m이내공원수":3,
            "3km이내혐오시설수":0,
            "초등학교학업성취도":85.88,
            "중학교학업성취도":82.2,
            "용적률":206,
            "건폐율":18,
            "Y":35.31901,
            "X":129.190165,
            "rank":2.0,
            "area_info":"24평(81.74), 24평(81.74), 30평(101.13), 30평(101.09)",
            "last_sales":"2021-12-20,25400.0,24평(81.74)"
        },
        {
            "index":288,
            "아파트명":"한진해모로",
            "투자타입":"일반",
            "전용면적(m2)":"131.87",
            "전용면적(평)":"39평",
            "법정동주소":"부산시 기장군 정관읍 용수리 1403",
            "도로명주소":"부산시 기장군 정관로 548",
            "세대수":80,
            "입주년차":40,
            "용적률점수":"--",
            "건폐율점수":"--",
            "세대당주차수":60,
            "난방방식":100,
            "공급면적":"--",
            "전용률":"--",
            "욕실수":100,
            "현관타입":100,
            "주거총점":75.0,
            "지역구공급총점":0.0,
            "역세권":"NA",
            "30분내 이동가능 거점":"NA",
            "1시간내 이동가능 거점":"NA",
            "교통총점":"NA",
            "백화점":0,
            "아울렛몰":0,
            "대형마트":80,
            "은행":70,
            "병원":80,
            "종합병원":0,
            "공원":100,
            "혐오시설":0,
            "인프라총점":30.0,
            "초등학군":90.0,
            "중학군":49.52,
            "학군총점":57.616,
            "인구수":18.13,
            "인구증감":21.66,
            "인구총점":19.189,
            "일자리":8.8,
            "소득수준":59.98,
            "일자리총점":24.154,
            "가치 총점":52.654,
            "매매실거래년":20211109.0,
            "매매실거래가":70000.0,
            "전세실거래년":20211102.0,
            "전세실거래가":35000.0,
            "전세가율":67.31,
            "장기전세가율평균":66.17,
            "전세가율거품지수":-1.14,
            "검색코드":26108,
            "세대수":763,
            "준공년월":"2008-12-24",
            "준공년차":15,
            "가까운역이름":"NA",
            "가까운역거리":"NA",
            "역세권여부":"NA",
            "30분이내주요거점역":"NA",
            "1시간이내주요거점역":"NA",
            "3km이내백화점수":0,
            "5km이내아울렛몰수":0,
            "1km이내대형먀트수":1,
            "500m이내은행수":3,
            "500m이내병원수":33,
            "5km이내대형병원수":0,
            "500m이내공원수":2,
            "3km이내혐오시설수":0,
            "초등학교학업성취도":90.0,
            "중학교학업성취도":82.2,
            "용적률":199,
            "건폐율":18,
            "Y":35.321658,
            "X":129.172751,
            "rank":3.0,
            "area_info":"39평(131.87), 39평(131.85), 39평(131.78), 44평(148.59), 44평(148.62), 48평(161.52), 52평(175.16)",
            "last_sales":"2021-11-09,70000.0,48평(161.52)"
        },
        {
            "index":189,
            "아파트명":"이진캐스빌",
            "투자타입":"일반",
            "전용면적(m2)":"80.57",
            "전용면적(평)":"24평",
            "법정동주소":"부산시 기장군 정관읍 용수리 1336",
            "도로명주소":"부산시 기장군 정관로 545",
            "세대수":50,
            "입주년차":80,
            "용적률점수":"--",
            "건폐율점수":"--",
            "세대당주차수":30,
            "난방방식":100,
            "공급면적":"--",
            "전용률":"--",
            "욕실수":100,
            "현관타입":100,
            "주거총점":68.0,
            "지역구공급총점":0.0,
            "역세권":"NA",
            "30분내 이동가능 거점":"NA",
            "1시간내 이동가능 거점":"NA",
            "교통총점":"NA",
            "백화점":0,
            "아울렛몰":0,
            "대형마트":80,
            "은행":70,
            "병원":80,
            "종합병원":0,
            "공원":100,
            "혐오시설":0,
            "인프라총점":30.0,
            "초등학군":91.45,
            "중학군":49.52,
            "학군총점":57.906,
            "인구수":18.13,
            "인구증감":21.66,
            "인구총점":19.189,
            "일자리":8.8,
            "소득수준":59.98,
            "일자리총점":24.154,
            "가치 총점":50.2765,
            "매매실거래년":20211223.0,
            "매매실거래가":32000.0,
            "전세실거래년":20211227.0,
            "전세실거래가":25000.0,
            "전세가율":78.12,
            "장기전세가율평균":66.17,
            "전세가율거품지수":-11.95,
            "검색코드":104712,
            "세대수":539,
            "준공년월":"2014-10-08",
            "준공년차":9,
            "가까운역이름":"NA",
            "가까운역거리":"NA",
            "역세권여부":"NA",
            "30분이내주요거점역":"NA",
            "1시간이내주요거점역":"NA",
            "3km이내백화점수":0,
            "5km이내아울렛몰수":0,
            "1km이내대형먀트수":1,
            "500m이내은행수":3,
            "500m이내병원수":42,
            "5km이내대형병원수":0,
            "500m이내공원수":3,
            "3km이내혐오시설수":0,
            "초등학교학업성취도":91.45,
            "중학교학업성취도":82.2,
            "용적률":176,
            "건폐율":19,
            "Y":35.32339,
            "X":129.174458,
            "rank":4.0,
            "area_info":"24평(80.57), 34평(112.67), 34평(114.38)",
            "last_sales":"2021-12-23,32000.0,24평(80.57)"
        },
        {
            "index":194,
            "아파트명":"정관가화만사성더테라스1차",
            "투자타입":"일반",
            "전용면적(m2)":"83.28",
            "전용면적(평)":"25평",
            "법정동주소":"부산시 기장군 정관읍 방곡리 407",
            "도로명주소":"부산시 기장군 구연방곡로 120",
            "세대수":50,
            "입주년차":80,
            "용적률점수":"--",
            "건폐율점수":"--",
            "세대당주차수":30,
            "난방방식":100,
            "공급면적":"--",
            "전용률":"--",
            "욕실수":100,
            "현관타입":100,
            "주거총점":68.0,
            "지역구공급총점":0.0,
            "역세권":"NA",
            "30분내 이동가능 거점":"NA",
            "1시간내 이동가능 거점":"NA",
            "교통총점":"NA",
            "백화점":0,
            "아울렛몰":80,
            "대형마트":0,
            "은행":0,
            "병원":10,
            "종합병원":80,
            "공원":100,
            "혐오시설":0,
            "인프라총점":28.0,
            "초등학군":88.51,
            "중학군":49.52,
            "학군총점":57.318,
            "인구수":18.13,
            "인구증감":21.66,
            "인구총점":19.189,
            "일자리":8.8,
            "소득수준":59.98,
            "일자리총점":24.154,
            "가치 총점":49.3295,
            "매매실거래년":20220101.0,
            "매매실거래가":45800.0,
            "전세실거래년":20211224.0,
            "전세실거래가":28000.0,
            "전세가율":75.47,
            "장기전세가율평균":66.17,
            "전세가율거품지수":-9.3,
            "검색코드":111165,
            "세대수":431,
            "준공년월":"2017-09-01",
            "준공년차":6,
            "가까운역이름":"NA",
            "가까운역거리":"NA",
            "역세권여부":"NA",
            "30분이내주요거점역":"NA",
            "1시간이내주요거점역":"NA",
            "3km이내백화점수":0,
            "5km이내아울렛몰수":1,
            "1km이내대형먀트수":0,
            "500m이내은행수":0,
            "500m이내병원수":3,
            "5km이내대형병원수":1,
            "500m이내공원수":3,
            "3km이내혐오시설수":0,
            "초등학교학업성취도":88.51,
            "중학교학업성취도":82.2,
            "용적률":99,
            "건폐율":35,
            "Y":35.322195,
            "X":129.189516,
            "rank":5.0,
            "area_info":"25평(83.28), 25평(83.28), 35평(116.21), 35평(116.21), 44평(147.44), 59평(196.31)",
            "last_sales":"2022-01-01,45800.0,35평(116.21)"
        },
        {
            "index":269,
            "아파트명":"정관신동아파밀리에",
            "투자타입":"일반",
            "전용면적(m2)":"131.93",
            "전용면적(평)":"39평",
            "법정동주소":"부산시 기장군 정관읍 용수리 1322",
            "도로명주소":"부산시 기장군 정관5로 75",
            "세대수":50,
            "입주년차":40,
            "용적률점수":"--",
            "건폐율점수":"--",
            "세대당주차수":60,
            "난방방식":100,
            "공급면적":"--",
            "전용률":"--",
            "욕실수":100,
            "현관타입":100,
            "주거총점":64.5,
            "지역구공급총점":0.0,
            "역세권":"NA",
            "30분내 이동가능 거점":"NA",
            "1시간내 이동가능 거점":"NA",
            "교통총점":"NA",
            "백화점":0,
            "아울렛몰":0,
            "대형마트":80,
            "은행":70,
            "병원":60,
            "종합병원":0,
            "공원":100,
            "혐오시설":0,
            "인프라총점":28.0,
            "초등학군":91.45,
            "중학군":49.52,
            "학군총점":57.906,
            "인구수":18.13,
            "인구증감":21.66,
            "인구총점":19.189,
            "일자리":8.8,
            "소득수준":59.98,
            "일자리총점":24.154,
            "가치 총점":48.2515,
            "매매실거래년":20211026.0,
            "매매실거래가":47300.0,
            "전세실거래년":20220108.0,
            "전세실거래가":35000.0,
            "전세가율":74.47,
            "장기전세가율평균":66.17,
            "전세가율거품지수":-8.3,
            "검색코드":26361,
            "세대수":655,
            "준공년월":"2008-12-19",
            "준공년차":15,
            "가까운역이름":"NA",
            "가까운역거리":"NA",
            "역세권여부":"NA",
            "30분이내주요거점역":"NA",
            "1시간이내주요거점역":"NA",
            "3km이내백화점수":0,
            "5km이내아울렛몰수":0,
            "1km이내대형먀트수":1,
            "500m이내은행수":3,
            "500m이내병원수":25,
            "5km이내대형병원수":0,
            "500m이내공원수":4,
            "3km이내혐오시설수":0,
            "초등학교학업성취도":91.45,
            "중학교학업성취도":82.2,
            "용적률":199,
            "건폐율":17,
            "Y":35.325986,
            "X":129.176387,
            "rank":6.0,
            "area_info":"39평(131.93), 39평(132.17), 43평(143.47), 49평(164.15), 49평(165.19), 49평(165.22), 55평(182.6)",
            "last_sales":"2021-10-26,47300.0,49평(165.22)"
        },
        {
            "index":214,
            "아파트명":"정관동일스위트1차",
            "투자타입":"일반",
            "전용면적(m2)":"78.86",
            "전용면적(평)":"23평",
            "법정동주소":"부산시 기장군 정관읍 용수리 1387",
            "도로명주소":"부산시 기장군 정관4로 24",
            "세대수":100,
            "입주년차":60,
            "용적률점수":"--",
            "건폐율점수":"--",
            "세대당주차수":30,
            "난방방식":30,
            "공급면적":"--",
            "전용률":"--",
            "욕실수":100,
            "현관타입":100,
            "주거총점":74.5,
            "지역구공급총점":0.0,
            "역세권":"NA",
            "30분내 이동가능 거점":"NA",
            "1시간내 이동가능 거점":"NA",
            "교통총점":"NA",
            "백화점":0,
            "아울렛몰":0,
            "대형마트":80,
            "은행":0,
            "병원":30,
            "종합병원":0,
            "공원":100,
            "혐오시설":0,
            "인프라총점":18.0,
            "초등학군":90.0,
            "중학군":49.52,
            "학군총점":57.616,
            "인구수":18.13,
            "인구증감":21.66,
            "인구총점":19.189,
            "일자리":8.8,
            "소득수준":59.98,
            "일자리총점":24.154,
            "가치 총점":47.679,
            "매매실거래년":20211203.0,
            "매매실거래가":38500.0,
            "전세실거래년":20211231.0,
            "전세실거래가":20000.0,
            "전세가율":79.05,
            "장기전세가율평균":66.17,
            "전세가율거품지수":-12.88,
            "검색코드":102282,
            "세대수":1758,
            "준공년월":"2012-12-20",
            "준공년차":11,
            "가까운역이름":"NA",
            "가까운역거리":"NA",
            "역세권여부":"NA",
            "30분이내주요거점역":"NA",
            "1시간이내주요거점역":"NA",
            "3km이내백화점수":0,
            "5km이내아울렛몰수":0,
            "1km이내대형먀트수":1,
            "500m이내은행수":1,
            "500m이내병원수":8,
            "5km이내대형병원수":0,
            "500m이내공원수":2,
            "3km이내혐오시설수":0,
            "초등학교학업성취도":90.0,
            "중학교학업성취도":82.2,
            "용적률":206,
            "건폐율":16,
            "Y":35.324374,
            "X":129.169688,
            "rank":7.0,
            "area_info":"23평(78.86), 23평(78.76), 23평(79.18), 24평(79.46), 29평(97.15), 29평(98.39), 33평(110.61), 33평(111.32), 33평(111.22), 33평(111.24)",
            "last_sales":"2021-12-03,38500.0,33평(110.61)"
        },
        {
            "index":167,
            "아파트명":"가화만사성정관타운",
            "투자타입":"일반",
            "전용면적(m2)":"84.77",
            "전용면적(평)":"25평",
            "법정동주소":"부산시 기장군 정관읍 방곡리 380",
            "도로명주소":"부산시 기장군 방곡로 39",
            "세대수":50,
            "입주년차":80,
            "용적률점수":"--",
            "건폐율점수":"--",
            "세대당주차수":0,
            "난방방식":100,
            "공급면적":"--",
            "전용률":"--",
            "욕실수":100,
            "현관타입":100,
            "주거총점":63.5,
            "지역구공급총점":0.0,
            "역세권":"NA",
            "30분내 이동가능 거점":"NA",
            "1시간내 이동가능 거점":"NA",
            "교통총점":"NA",
            "백화점":0,
            "아울렛몰":80,
            "대형마트":0,
            "은행":0,
            "병원":0,
            "종합병원":80,
            "공원":100,
            "혐오시설":0,
            "인프라총점":27.0,
            "초등학군":88.51,
            "중학군":49.52,
            "학군총점":57.318,
            "인구수":18.13,
            "인구증감":21.66,
            "인구총점":19.189,
            "일자리":8.8,
            "소득수준":59.98,
            "일자리총점":24.154,
            "가치 총점":47.3545,
            "매매실거래년":20220105.0,
            "매매실거래가":21900.0,
            "전세실거래년":20211123.0,
            "전세실거래가":19000.0,
            "전세가율":82.61,
            "장기전세가율평균":66.17,
            "전세가율거품지수":-16.44,
            "검색코드":134212,
            "세대수":560,
            "준공년월":"2014-12-15",
            "준공년차":9,
            "가까운역이름":"NA",
            "가까운역거리":"NA",
            "역세권여부":"NA",
            "30분이내주요거점역":"NA",
            "1시간이내주요거점역":"NA",
            "3km이내백화점수":0,
            "5km이내아울렛몰수":1,
            "1km이내대형먀트수":0,
            "500m이내은행수":0,
            "500m이내병원수":1,
            "5km이내대형병원수":1,
            "500m이내공원수":4,
            "3km이내혐오시설수":0,
            "초등학교학업성취도":88.51,
            "중학교학업성취도":82.2,
            "용적률":199,
            "건폐율":21,
            "Y":35.327829,
            "X":129.189705,
            "rank":8.0,
            "area_info":"25평(84.77), 25평(84.94), 25평(84.98), 34평(113.34)",
            "last_sales":"2022-01-05,21900.0,34평(113.34)"
        },
        {
            "index":251,
            "아파트명":"정관신도시 롯데캐슬",
            "투자타입":"일반",
            "전용면적(m2)":"109.06",
            "전용면적(평)":"32평",
            "법정동주소":"부산시 기장군 정관읍 용수리 1364",
            "도로명주소":"부산시 기장군 정관3로 52",
            "세대수":80,
            "입주년차":40,
            "용적률점수":"--",
            "건폐율점수":"--",
            "세대당주차수":60,
            "난방방식":100,
            "공급면적":"--",
            "전용률":"--",
            "욕실수":100,
            "현관타입":100,
            "주거총점":75.0,
            "지역구공급총점":0.0,
            "역세권":"NA",
            "30분내 이동가능 거점":"NA",
            "1시간내 이동가능 거점":"NA",
            "교통총점":"NA",
            "백화점":0,
            "아울렛몰":0,
            "대형마트":80,
            "은행":0,
            "병원":30,
            "종합병원":0,
            "공원":80,
            "혐오시설":0,
            "인프라총점":17.4,
            "초등학군":83.53,
            "중학군":49.52,
            "학군총점":56.322,
            "인구수":18.13,
            "인구증감":21.66,
            "인구총점":19.189,
            "일자리":8.8,
            "소득수준":59.98,
            "일자리총점":24.154,
            "가치 총점":47.2905,
            "매매실거래년":20211203.0,
            "매매실거래가":50000.0,
            "전세실거래년":20211125.0,
            "전세실거래가":30000.0,
            "전세가율":77.12,
            "장기전세가율평균":66.17,
            "전세가율거품지수":-10.95,
            "검색코드":26430,
            "세대수":761,
            "준공년월":"2008-11-27",
            "준공년차":15,
            "가까운역이름":"NA",
            "가까운역거리":"NA",
            "역세권여부":"NA",
            "30분이내주요거점역":"NA",
            "1시간이내주요거점역":"NA",
            "3km이내백화점수":0,
            "5km이내아울렛몰수":0,
            "1km이내대형먀트수":1,
            "500m이내은행수":0,
            "500m이내병원수":8,
            "5km이내대형병원수":0,
            "500m이내공원수":1,
            "3km이내혐오시설수":0,
            "초등학교학업성취도":83.53,
            "중학교학업성취도":82.2,
            "용적률":191,
            "건폐율":18,
            "Y":35.328624,
            "X":129.170102,
            "rank":9.0,
            "area_info":"32평(109.06), 33평(109.99), 33평(110.44), 37평(124.75), 45평(150.39), 45평(151.26), 53평(176.1)",
            "last_sales":"2021-12-03,50000.0,53평(176.1)"
        },
        {
            "index":24,
            "아파트명":"기장제2주공",
            "투자타입":"재건축",
            "전용면적(m2)":"32.76",
            "전용면적(평)":"9평",
            "법정동주소":"부산시 기장군 기장읍 청강리 333",
            "도로명주소":"부산시 기장군 청강로 6",
            "세대수":50,
            "입주년차":"--",
            "용적률점수":100,
            "건폐율점수":100,
            "세대당주차수":"--",
            "난방방식":"--",
            "공급면적":50,
            "전용률":100,
            "욕실수":"--",
            "현관타입":"--",
            "주거총점":82.5,
            "지역구공급총점":0.0,
            "역세권":"NA",
            "30분내 이동가능 거점":"NA",
            "1시간내 이동가능 거점":"NA",
            "교통총점":"NA",
            "백화점":0,
            "아울렛몰":100,
            "대형마트":0,
            "은행":0,
            "병원":0,
            "종합병원":0,
            "공원":100,
            "혐오시설":0,
            "인프라총점":13.0,
            "초등학군":82.42,
            "중학군":45.04,
            "학군총점":52.516,
            "인구수":18.13,
            "인구증감":21.66,
            "인구총점":19.189,
            "일자리":8.8,
            "소득수준":59.98,
            "일자리총점":24.154,
            "가치 총점":47.204,
            "매매실거래년":20211216.0,
            "매매실거래가":14000.0,
            "전세실거래년":20210330.0,
            "전세실거래가":3800.0,
            "전세가율":17.43,
            "장기전세가율평균":66.17,
            "전세가율거품지수":48.74,
            "검색코드":4769,
            "세대수":520,
            "준공년월":"1990-10-08",
            "준공년차":33,
            "가까운역이름":"NA",
            "가까운역거리":"NA",
            "역세권여부":"NA",
            "30분이내주요거점역":"NA",
            "1시간이내주요거점역":"NA",
            "3km이내백화점수":0,
            "5km이내아울렛몰수":2,
            "1km이내대형먀트수":0,
            "500m이내은행수":0,
            "500m이내병원수":1,
            "5km이내대형병원수":0,
            "500m이내공원수":2,
            "3km이내혐오시설수":0,
            "초등학교학업성취도":82.42,
            "중학교학업성취도":74.2,
            "용적률":92,
            "건폐율":19,
            "Y":35.232899,
            "X":129.217765,
            "rank":10.0,
            "area_info":"9평(32.76), 12평(39.69), 11평(39.3), 12평(39.99), 12평(42.48)",
            "last_sales":"2021-12-16,14000.0,12평(42.48)"
        },
        {
            "index":243,
            "아파트명":"정관센트럴파크",
            "투자타입":"일반",
            "전용면적(m2)":"79.67",
            "전용면적(평)":"24평",
            "법정동주소":"부산시 기장군 정관읍 달산리 1199",
            "도로명주소":"부산시 기장군 구연방곡로 10",
            "세대수":50,
            "입주년차":60,
            "용적률점수":"--",
            "건폐율점수":"--",
            "세대당주차수":30,
            "난방방식":100,
            "공급면적":"--",
            "전용률":"--",
            "욕실수":100,
            "현관타입":100,
            "주거총점":64.0,
            "지역구공급총점":0.0,
            "역세권":"NA",
            "30분내 이동가능 거점":"NA",
            "1시간내 이동가능 거점":"NA",
            "교통총점":"NA",
            "백화점":0,
            "아울렛몰":80,
            "대형마트":80,
            "은행":0,
            "병원":30,
            "종합병원":0,
            "공원":100,
            "혐오시설":0,
            "인프라총점":26.0,
            "초등학군":85.88,
            "중학군":49.52,
            "학군총점":56.792,
            "인구수":18.13,
            "인구증감":21.66,
            "인구총점":19.189,
            "일자리":8.8,
            "소득수준":59.98,
            "일자리총점":24.154,
            "가치 총점":46.998,
            "매매실거래년":20211229.0,
            "매매실거래가":24600.0,
            "전세실거래년":20211110.0,
            "전세실거래가":21000.0,
            "전세가율":85.37,
            "장기전세가율평균":66.17,
            "전세가율거품지수":-19.2,
            "검색코드":27891,
            "세대수":588,
            "준공년월":"2009-12-11",
            "준공년차":14,
            "가까운역이름":"NA",
            "가까운역거리":"NA",
            "역세권여부":"NA",
            "30분이내주요거점역":"NA",
            "1시간이내주요거점역":"NA",
            "3km이내백화점수":0,
            "5km이내아울렛몰수":1,
            "1km이내대형먀트수":1,
            "500m이내은행수":0,
            "500m이내병원수":5,
            "5km이내대형병원수":0,
            "500m이내공원수":7,
            "3km이내혐오시설수":0,
            "초등학교학업성취도":85.88,
            "중학교학업성취도":82.2,
            "용적률":170,
            "건폐율":21,
            "Y":35.320492,
            "X":129.186041,
            "rank":11.0,
            "area_info":"24평(79.67), 24평(79.64), 34평(112.64), 34평(112.4), 34평(112.56), 34평(112.83), 34평(113.18), 34평(113.1)",
            "last_sales":"2021-12-29,24600.0,24평(79.67)"
        },
        {
            "index":200,
            "아파트명":"정관가화만사성더테라스2차",
            "투자타입":"일반",
            "전용면적(m2)":"84.41",
            "전용면적(평)":"25평",
            "법정동주소":"부산시 기장군 정관읍 방곡리 405",
            "도로명주소":"부산시 기장군 구연방곡로 106",
            "세대수":30,
            "입주년차":80,
            "용적률점수":"--",
            "건폐율점수":"--",
            "세대당주차수":30,
            "난방방식":100,
            "공급면적":"--",
            "전용률":"--",
            "욕실수":100,
            "현관타입":100,
            "주거총점":61.0,
            "지역구공급총점":0.0,
            "역세권":"NA",
            "30분내 이동가능 거점":"NA",
            "1시간내 이동가능 거점":"NA",
            "교통총점":"NA",
            "백화점":0,
            "아울렛몰":80,
            "대형마트":0,
            "은행":0,
            "병원":10,
            "종합병원":80,
            "공원":100,
            "혐오시설":0,
            "인프라총점":28.0,
            "초등학군":88.51,
            "중학군":49.52,
            "학군총점":57.318,
            "인구수":18.13,
            "인구증감":21.66,
            "인구총점":19.189,
            "일자리":8.8,
            "소득수준":59.98,
            "일자리총점":24.154,
            "가치 총점":46.8795,
            "매매실거래년":20211127.0,
            "매매실거래가":31200.0,
            "전세실거래년":20211121.0,
            "전세실거래가":28000.0,
            "전세가율":89.74,
            "장기전세가율평균":66.17,
            "전세가율거품지수":-23.57,
            "검색코드":112222,
            "세대수":396,
            "준공년월":"2018-06-01",
            "준공년차":5,
            "가까운역이름":"NA",
            "가까운역거리":"NA",
            "역세권여부":"NA",
            "30분이내주요거점역":"NA",
            "1시간이내주요거점역":"NA",
            "3km이내백화점수":0,
            "5km이내아울렛몰수":1,
            "1km이내대형먀트수":0,
            "500m이내은행수":0,
            "500m이내병원수":4,
            "5km이내대형병원수":1,
            "500m이내공원수":2,
            "3km이내혐오시설수":0,
            "초등학교학업성취도":88.51,
            "중학교학업성취도":82.2,
            "용적률":102,
            "건폐율":34,
            "Y":35.323763,
            "X":129.189098,
            "rank":12.0,
            "area_info":"25평(84.41), 25평(84.41), 35평(117.81), 35평(117.81), 45평(149.43), 60평(199.0)",
            "last_sales":"2021-11-27,31200.0,25평(84.41)"
        },
        {
            "index":230,
            "아파트명":"정관동일스위트3차",
            "투자타입":"일반",
            "전용면적(m2)":"86.19",
            "전용면적(평)":"26평",
            "법정동주소":"부산시 기장군 정관읍 모전리 728",
            "도로명주소":"부산시 기장군 모전1길 9",
            "세대수":100,
            "입주년차":80,
            "용적률점수":"--",
            "건폐율점수":"--",
            "세대당주차수":30,
            "난방방식":100,
            "공급면적":"--",
            "전용률":"--",
            "욕실수":100,
            "현관타입":100,
            "주거총점":85.5,
            "지역구공급총점":0.0,
            "역세권":"NA",
            "30분내 이동가능 거점":"NA",
            "1시간내 이동가능 거점":"NA",
            "교통총점":"NA",
            "백화점":0,
            "아울렛몰":0,
            "대형마트":0,
            "은행":0,
            "병원":30,
            "종합병원":0,
            "공원":100,
            "혐오시설":0,
            "인프라총점":6.0,
            "초등학군":90.12,
            "중학군":49.52,
            "학군총점":57.64,
            "인구수":18.13,
            "인구증감":21.66,
            "인구총점":19.189,
            "일자리":8.8,
            "소득수준":59.98,
            "일자리총점":24.154,
            "가치 총점":46.735,
            "매매실거래년":20211218.0,
            "매매실거래가":36300.0,
            "전세실거래년":20211218.0,
            "전세실거래가":23000.0,
            "전세가율":85.5,
            "장기전세가율평균":66.17,
            "전세가율거품지수":-19.33,
            "검색코드":104116,
            "세대수":1500,
            "준공년월":"2014-05-30",
            "준공년차":9,
            "가까운역이름":"NA",
            "가까운역거리":"NA",
            "역세권여부":"NA",
            "30분이내주요거점역":"NA",
            "1시간이내주요거점역":"NA",
            "3km이내백화점수":0,
            "5km이내아울렛몰수":0,
            "1km이내대형먀트수":0,
            "500m이내은행수":0,
            "500m이내병원수":7,
            "5km이내대형병원수":0,
            "500m이내공원수":14,
            "3km이내혐오시설수":0,
            "초등학교학업성취도":90.12,
            "중학교학업성취도":82.2,
            "용적률":192,
            "건폐율":15,
            "Y":35.337218,
            "X":129.166023,
            "rank":13.0,
            "area_info":"26평(86.19), 26평(86.79), 29평(98.42), 33평(110.76), 33평(110.64), 39평(129.81), 39평(130.35)",
            "last_sales":"2021-12-18,36300.0,33평(110.76)"
        },
        {
            "index":282,
            "아파트명":"정관협성르네상스타운",
            "투자타입":"일반",
            "전용면적(m2)":"129.34",
            "전용면적(평)":"39평",
            "법정동주소":"부산시 기장군 정관읍 용수리 1318",
            "도로명주소":"부산시 기장군 정관4로 68",
            "세대수":50,
            "입주년차":60,
            "용적률점수":"--",
            "건폐율점수":"--",
            "세대당주차수":60,
            "난방방식":100,
            "공급면적":"--",
            "전용률":"--",
            "욕실수":100,
            "현관타입":100,
            "주거총점":68.5,
            "지역구공급총점":0.0,
            "역세권":"NA",
            "30분내 이동가능 거점":"NA",
            "1시간내 이동가능 거점":"NA",
            "교통총점":"NA",
            "백화점":0,
            "아울렛몰":0,
            "대형마트":80,
            "은행":0,
            "병원":30,
            "종합병원":0,
            "공원":100,
            "혐오시설":0,
            "인프라총점":18.0,
            "초등학군":91.45,
            "중학군":49.52,
            "학군총점":57.906,
            "인구수":18.13,
            "인구증감":21.66,
            "인구총점":19.189,
            "일자리":8.8,
            "소득수준":59.98,
            "일자리총점":24.154,
            "가치 총점":45.6515,
            "매매실거래년":20211229.0,
            "매매실거래가":59700.0,
            "전세실거래년":20211021.0,
            "전세실거래가":42000.0,
            "전세가율":97.67,
            "장기전세가율평균":66.17,
            "전세가율거품지수":-31.5,
            "검색코드":104152,
            "세대수":464,
            "준공년월":"2013-12-12",
            "준공년차":10,
            "가까운역이름":"NA",
            "가까운역거리":"NA",
            "역세권여부":"NA",
            "30분이내주요거점역":"NA",
            "1시간이내주요거점역":"NA",
            "3km이내백화점수":0,
            "5km이내아울렛몰수":0,
            "1km이내대형먀트수":1,
            "500m이내은행수":0,
            "500m이내병원수":8,
            "5km이내대형병원수":0,
            "500m이내공원수":2,
            "3km이내혐오시설수":0,
            "초등학교학업성취도":91.45,
            "중학교학업성취도":82.2,
            "용적률":199,
            "건폐율":20,
            "Y":35.327233,
            "X":129.174217,
            "rank":14.0,
            "area_info":"39평(129.34), 40평(132.26), 40평(133.01), 45평(149.42), 48평(161.78), 48평(161.79)",
            "last_sales":"2021-12-29,59700.0,45평(149.42)"
        },
        {
            "index":164,
            "아파트명":"EG더원3차",
            "투자타입":"일반",
            "전용면적(m2)":"86.21",
            "전용면적(평)":"26평",
            "법정동주소":"부산시 기장군 정관읍 모전리 730",
            "도로명주소":"부산시 기장군 정관로 350",
            "세대수":90,
            "입주년차":80,
            "용적률점수":"--",
            "건폐율점수":"--",
            "세대당주차수":30,
            "난방방식":100,
            "공급면적":"--",
            "전용률":"--",
            "욕실수":100,
            "현관타입":100,
            "주거총점":82.0,
            "지역구공급총점":0.0,
            "역세권":"NA",
            "30분내 이동가능 거점":"NA",
            "1시간내 이동가능 거점":"NA",
            "교통총점":"NA",
            "백화점":0,
            "아울렛몰":0,
            "대형마트":0,
            "은행":0,
            "병원":30,
            "종합병원":0,
            "공원":100,
            "혐오시설":0,
            "인프라총점":6.0,
            "초등학군":90.12,
            "중학군":49.52,
            "학군총점":57.64,
            "인구수":18.13,
            "인구증감":21.66,
            "인구총점":19.189,
            "일자리":8.8,
            "소득수준":59.98,
            "일자리총점":24.154,
            "가치 총점":45.51,
            "매매실거래년":20220106.0,
            "매매실거래가":41000.0,
            "전세실거래년":20211224.0,
            "전세실거래가":26000.0,
            "전세가율":96.3,
            "장기전세가율평균":66.17,
            "전세가율거품지수":-30.13,
            "검색코드":106938,
            "세대수":1035,
            "준공년월":"2015-03-30",
            "준공년차":8,
            "가까운역이름":"NA",
            "가까운역거리":"NA",
            "역세권여부":"NA",
            "30분이내주요거점역":"NA",
            "1시간이내주요거점역":"NA",
            "3km이내백화점수":0,
            "5km이내아울렛몰수":0,
            "1km이내대형먀트수":0,
            "500m이내은행수":0,
            "500m이내병원수":7,
            "5km이내대형병원수":0,
            "500m이내공원수":12,
            "3km이내혐오시설수":0,
            "초등학교학업성취도":90.12,
            "중학교학업성취도":82.2,
            "용적률":181,
            "건폐율":19,
            "Y":35.33594,
            "X":129.162947,
            "rank":15.0,
            "area_info":"26평(86.21), 29평(97.36), 33평(110.63)",
            "last_sales":"2022-01-06,41000.0,33평(110.63)"
        },
        {
            "index":237,
            "아파트명":"정관롯데캐슬2차",
            "투자타입":"일반",
            "전용면적(m2)":"128.21",
            "전용면적(평)":"38평",
            "법정동주소":"부산시 기장군 정관읍 모전리 759",
            "도로명주소":"부산시 기장군 정관3로 51",
            "세대수":90,
            "입주년차":60,
            "용적률점수":"--",
            "건폐율점수":"--",
            "세대당주차수":60,
            "난방방식":100,
            "공급면적":"--",
            "전용률":"--",
            "욕실수":100,
            "현관타입":100,
            "주거총점":82.5,
            "지역구공급총점":0.0,
            "역세권":"NA",
            "30분내 이동가능 거점":"NA",
            "1시간내 이동가능 거점":"NA",
            "교통총점":"NA",
            "백화점":0,
            "아울렛몰":0,
            "대형마트":0,
            "은행":0,
            "병원":30,
            "종합병원":0,
            "공원":100,
            "혐오시설":0,
            "인프라총점":6.0,
            "초등학군":86.57,
            "중학군":49.52,
            "학군총점":56.93,
            "인구수":18.13,
            "인구증감":21.66,
            "인구총점":19.189,
            "일자리":8.8,
            "소득수준":59.98,
            "일자리총점":24.154,
            "가치 총점":45.5075,
            "매매실거래년":20211112.0,
            "매매실거래가":58500.0,
            "전세실거래년":20211219.0,
            "전세실거래가":34000.0,
            "전세가율":69.67,
            "장기전세가율평균":66.17,
            "전세가율거품지수":-3.5,
            "검색코드":102991,
            "세대수":911,
            "준공년월":"2013-06-19",
            "준공년차":10,
            "가까운역이름":"NA",
            "가까운역거리":"NA",
            "역세권여부":"NA",
            "30분이내주요거점역":"NA",
            "1시간이내주요거점역":"NA",
            "3km이내백화점수":0,
            "5km이내아울렛몰수":0,
            "1km이내대형먀트수":0,
            "500m이내은행수":0,
            "500m이내병원수":6,
            "5km이내대형병원수":0,
            "500m이내공원수":2,
            "3km이내혐오시설수":0,
            "초등학교학업성취도":86.57,
            "중학교학업성취도":82.2,
            "용적률":225,
            "건폐율":18,
            "Y":35.331308,
            "X":129.168534,
            "rank":16.0,
            "area_info":"38평(128.21), 38평(128.55), 38평(128.55), 48평(160.57), 48평(160.57), 56평(187.41)",
            "last_sales":"2021-11-12,58500.0,48평(160.57)"
        },
        {
            "index":279,
            "아파트명":"정관풀리페",
            "투자타입":"일반",
            "전용면적(m2)":"83.06",
            "전용면적(평)":"25평",
            "법정동주소":"부산시 기장군 정관읍 용수리 1275",
            "도로명주소":"부산시 기장군 정관5로 144",
            "세대수":80,
            "입주년차":80,
            "용적률점수":"--",
            "건폐율점수":"--",
            "세대당주차수":0,
            "난방방식":100,
            "공급면적":"--",
            "전용률":"--",
            "욕실수":100,
            "현관타입":100,
            "주거총점":74.0,
            "지역구공급총점":0.0,
            "역세권":"NA",
            "30분내 이동가능 거점":"NA",
            "1시간내 이동가능 거점":"NA",
            "교통총점":"NA",
            "백화점":0,
            "아울렛몰":0,
            "대형마트":80,
            "은행":0,
            "병원":0,
            "종합병원":0,
            "공원":0,
            "혐오시설":0,
            "인프라총점":12.0,
            "초등학군":91.45,
            "중학군":49.52,
            "학군총점":57.906,
            "인구수":18.13,
            "인구증감":21.66,
            "인구총점":19.189,
            "일자리":8.8,
            "소득수준":59.98,
            "일자리총점":24.154,
            "가치 총점":45.1765,
            "매매실거래년":20220107.0,
            "매매실거래가":24050.0,
            "전세실거래년":20220112.0,
            "전세실거래가":21000.0,
            "전세가율":89.36,
            "장기전세가율평균":66.17,
            "전세가율거품지수":-23.19,
            "검색코드":143973,
            "세대수":830,
            "준공년월":"2016-06-24",
            "준공년차":7,
            "가까운역이름":"NA",
            "가까운역거리":"NA",
            "역세권여부":"NA",
            "30분이내주요거점역":"NA",
            "1시간이내주요거점역":"NA",
            "3km이내백화점수":0,
            "5km이내아울렛몰수":0,
            "1km이내대형먀트수":1,
            "500m이내은행수":1,
            "500m이내병원수":0,
            "5km이내대형병원수":0,
            "500m이내공원수":0,
            "3km이내혐오시설수":0,
            "초등학교학업성취도":91.45,
            "중학교학업성취도":82.2,
            "용적률":167,
            "건폐율":20,
            "Y":35.329584,
            "X":129.180084,
            "rank":17.0,
            "area_info":"25평(83.06), 25평(83.55), 25평(83.36)",
            "last_sales":"2022-01-07,24050.0,25평(83.55)"
        },
        {
            "index":35,
            "아파트명":"동부산관광단지삼정그린코아더베스트",
            "투자타입":"일반",
            "전용면적(m2)":"105.5",
            "전용면적(평)":"31평",
            "법정동주소":"부산시 기장군 기장읍 내리 792",
            "도로명주소":"부산시 기장군 기장대로 82-8",
            "세대수":50,
            "입주년차":80,
            "용적률점수":"--",
            "건폐율점수":"--",
            "세대당주차수":30,
            "난방방식":30,
            "공급면적":"--",
            "전용률":"--",
            "욕실수":100,
            "현관타입":100,
            "주거총점":61.0,
            "지역구공급총점":0.0,
            "역세권":"NA",
            "30분내 이동가능 거점":"NA",
            "1시간내 이동가능 거점":"NA",
            "교통총점":"NA",
            "백화점":0,
            "아울렛몰":100,
            "대형마트":0,
            "은행":0,
            "병원":0,
            "종합병원":80,
            "공원":100,
            "혐오시설":-50,
            "인프라총점":28.0,
            "초등학군":67.56,
            "중학군":45.04,
            "학군총점":49.544,
            "인구수":18.13,
            "인구증감":21.66,
            "인구총점":19.189,
            "일자리":8.8,
            "소득수준":59.98,
            "일자리총점":24.154,
            "가치 총점":44.936,
            "매매실거래년":20220107.0,
            "매매실거래가":62500.0,
            "전세실거래년":20210811.0,
            "전세실거래가":22000.0,
            "전세가율":36.67,
            "장기전세가율평균":66.17,
            "전세가율거품지수":29.5,
            "검색코드":110382,
            "세대수":549,
            "준공년월":"2017-07-17",
            "준공년차":6,
            "가까운역이름":"NA",
            "가까운역거리":"NA",
            "역세권여부":"NA",
            "30분이내주요거점역":"NA",
            "1시간이내주요거점역":"NA",
            "3km이내백화점수":0,
            "5km이내아울렛몰수":2,
            "1km이내대형먀트수":0,
            "500m이내은행수":0,
            "500m이내병원수":1,
            "5km이내대형병원수":1,
            "500m이내공원수":3,
            "3km이내혐오시설수":1,
            "초등학교학업성취도":67.56,
            "중학교학업성취도":74.2,
            "용적률":158,
            "건폐율":21,
            "Y":35.2035,
            "X":129.207633,
            "rank":18.0,
            "area_info":"31평(105.5), 32평(106.49), 32평(106.27), 33평(111.82)",
            "last_sales":"2022-01-07,62500.0,33평(111.82)"
        },
        {
            "index":224,
            "아파트명":"정관동일스위트2차",
            "투자타입":"일반",
            "전용면적(m2)":"79.54",
            "전용면적(평)":"24평",
            "법정동주소":"부산시 기장군 정관읍 모전리 776",
            "도로명주소":"부산시 기장군 정관3로 23",
            "세대수":100,
            "입주년차":60,
            "용적률점수":"--",
            "건폐율점수":"--",
            "세대당주차수":30,
            "난방방식":100,
            "공급면적":"--",
            "전용률":"--",
            "욕실수":100,
            "현관타입":100,
            "주거총점":81.5,
            "지역구공급총점":0.0,
            "역세권":"NA",
            "30분내 이동가능 거점":"NA",
            "1시간내 이동가능 거점":"NA",
            "교통총점":"NA",
            "백화점":0,
            "아울렛몰":0,
            "대형마트":0,
            "은행":0,
            "병원":30,
            "종합병원":0,
            "공원":80,
            "혐오시설":0,
            "인프라총점":5.4,
            "초등학군":86.57,
            "중학군":49.52,
            "학군총점":56.93,
            "인구수":18.13,
            "인구증감":21.66,
            "인구총점":19.189,
            "일자리":8.8,
            "소득수준":59.98,
            "일자리총점":24.154,
            "가치 총점":44.9175,
            "매매실거래년":20220108.0,
            "매매실거래가":23500.0,
            "전세실거래년":20211122.0,
            "전세실거래가":18000.0,
            "전세가율":72.87,
            "장기전세가율평균":66.17,
            "전세가율거품지수":-6.7,
            "검색코드":103236,
            "세대수":1638,
            "준공년월":"2013-08-30",
            "준공년차":10,
            "가까운역이름":"NA",
            "가까운역거리":"NA",
            "역세권여부":"NA",
            "30분이내주요거점역":"NA",
            "1시간이내주요거점역":"NA",
            "3km이내백화점수":0,
            "5km이내아울렛몰수":0,
            "1km이내대형먀트수":0,
            "500m이내은행수":0,
            "500m이내병원수":5,
            "5km이내대형병원수":0,
            "500m이내공원수":1,
            "3km이내혐오시설수":0,
            "초등학교학업성취도":86.57,
            "중학교학업성취도":82.2,
            "용적률":206,
            "건폐율":16,
            "Y":35.33015,
            "X":129.165667,
            "rank":19.0,
            "area_info":"24평(79.54), 24평(80.55), 31평(103.17), 33평(112.23), 33평(112.39), 34평(112.73)",
            "last_sales":"2022-01-08,23500.0,24평(80.55)"
        },
        {
            "index":132,
            "아파트명":"일광신도시비스타동원2차",
            "투자타입":"일반",
            "전용면적(m2)":"123.29",
            "전용면적(평)":"37평",
            "법정동주소":"부산시 기장군 일광면 이천리 944",
            "도로명주소":"부산시 기장군 해송1로 33",
            "세대수":90,
            "입주년차":100,
            "용적률점수":"--",
            "건폐율점수":"--",
            "세대당주차수":80,
            "난방방식":30,
            "공급면적":"--",
            "전용률":"--",
            "욕실수":100,
            "현관타입":100,
            "주거총점":86.5,
            "지역구공급총점":0.0,
            "역세권":"NA",
            "30분내 이동가능 거점":"NA",
            "1시간내 이동가능 거점":"NA",
            "교통총점":"NA",
            "백화점":0,
            "아울렛몰":0,
            "대형마트":0,
            "은행":0,
            "병원":0,
            "종합병원":0,
            "공원":80,
            "혐오시설":0,
            "인프라총점":2.4,
            "초등학군":100.0,
            "중학군":41.98,
            "학군총점":53.584,
            "인구수":18.13,
            "인구증감":21.66,
            "인구총점":19.189,
            "일자리":8.8,
            "소득수준":59.98,
            "일자리총점":24.154,
            "가치 총점":44.631,
            "매매실거래년":20201226.0,
            "매매실거래가":67068.0,
            "전세실거래년":20220110.0,
            "전세실거래가":50000.0,
            "전세가율":74.55,
            "장기전세가율평균":66.17,
            "전세가율거품지수":-8.38,
            "검색코드":122019,
            "세대수":917,
            "준공년월":"2020-12-30",
            "준공년차":3,
            "가까운역이름":"NA",
            "가까운역거리":"NA",
            "역세권여부":"NA",
            "30분이내주요거점역":"NA",
            "1시간이내주요거점역":"NA",
            "3km이내백화점수":0,
            "5km이내아울렛몰수":0,
            "1km이내대형먀트수":0,
            "500m이내은행수":0,
            "500m이내병원수":1,
            "5km이내대형병원수":0,
            "500m이내공원수":1,
            "3km이내혐오시설수":0,
            "초등학교학업성취도":100.0,
            "중학교학업성취도":69.7,
            "용적률":197,
            "건폐율":14,
            "Y":35.2694,
            "X":129.231063,
            "rank":20.0,
            "area_info":"37평(123.29), 37평(123.28), 40평(134.53), 62평(206.68)",
            "last_sales":"2020-12-26,67068.0,37평(123.29)"
        },
        {
            "index":192,
            "아파트명":"재흥",
            "투자타입":"재건축",
            "전용면적(m2)":"54.63",
            "전용면적(평)":"16평",
            "법정동주소":"부산시 기장군 정관읍 달산리 139",
            "도로명주소":"부산시 기장군 정관로 750-24",
            "세대수":0,
            "입주년차":"--",
            "용적률점수":100,
            "건폐율점수":60,
            "세대당주차수":"--",
            "난방방식":"--",
            "공급면적":50,
            "전용률":80,
            "욕실수":"--",
            "현관타입":"--",
            "주거총점":58.5,
            "지역구공급총점":0.0,
            "역세권":"NA",
            "30분내 이동가능 거점":"NA",
            "1시간내 이동가능 거점":"NA",
            "교통총점":"NA",
            "백화점":0,
            "아울렛몰":80,
            "대형마트":0,
            "은행":0,
            "병원":0,
            "종합병원":80,
            "공원":0,
            "혐오시설":0,
            "인프라총점":24.0,
            "초등학군":85.88,
            "중학군":49.52,
            "학군총점":56.792,
            "인구수":18.13,
            "인구증감":21.66,
            "인구총점":19.189,
            "일자리":8.8,
            "소득수준":59.98,
            "일자리총점":24.154,
            "가치 총점":44.273,
            "매매실거래년":20211012.0,
            "매매실거래가":6000.0,
            "전세실거래년":20200507.0,
            "전세실거래가":4000.0,
            "전세가율":66.67,
            "장기전세가율평균":66.17,
            "전세가율거품지수":-0.5,
            "검색코드":4780,
            "세대수":170,
            "준공년월":"1990-05-23",
            "준공년차":33,
            "가까운역이름":"NA",
            "가까운역거리":"NA",
            "역세권여부":"NA",
            "30분이내주요거점역":"NA",
            "1시간이내주요거점역":"NA",
            "3km이내백화점수":0,
            "5km이내아울렛몰수":1,
            "1km이내대형먀트수":0,
            "500m이내은행수":0,
            "500m이내병원수":0,
            "5km이내대형병원수":1,
            "500m이내공원수":0,
            "3km이내혐오시설수":0,
            "초등학교학업성취도":85.88,
            "중학교학업성취도":82.2,
            "용적률":129,
            "건폐율":31,
            "Y":35.32218,
            "X":129.195864,
            "rank":21.0,
            "area_info":"16평(54.63), 17평(57.54)",
            "last_sales":"2021-10-12,6000.0,16평(54.63)"
        },
        {
            "index":153,
            "아파트명":"일광한신더휴센트럴포레2단지",
            "투자타입":"일반",
            "전용면적(m2)":"80.77",
            "전용면적(평)":"24평",
            "법정동주소":"부산시 기장군 일광면 삼성리 792",
            "도로명주소":"부산시 기장군 해빛3로 62",
            "세대수":80,
            "입주년차":100,
            "용적률점수":"--",
            "건폐율점수":"--",
            "세대당주차수":30,
            "난방방식":30,
            "공급면적":"--",
            "전용률":"--",
            "욕실수":100,
            "현관타입":100,
            "주거총점":75.5,
            "지역구공급총점":0.0,
            "역세권":"NA",
            "30분내 이동가능 거점":"NA",
            "1시간내 이동가능 거점":"NA",
            "교통총점":"NA",
            "백화점":0,
            "아울렛몰":0,
            "대형마트":80,
            "은행":0,
            "병원":0,
            "종합병원":0,
            "공원":0,
            "혐오시설":0,
            "인프라총점":12.0,
            "초등학군":90.0,
            "중학군":41.98,
            "학군총점":51.584,
            "인구수":18.13,
            "인구증감":21.66,
            "인구총점":19.189,
            "일자리":8.8,
            "소득수준":59.98,
            "일자리총점":24.154,
            "가치 총점":44.121,
            "매매실거래년":20211113.0,
            "매매실거래가":50200.0,
            "전세실거래년":20210905.0,
            "전세실거래가":28000.0,
            "전세가율":55.78,
            "장기전세가율평균":66.17,
            "전세가율거품지수":10.39,
            "검색코드":119577,
            "세대수":748,
            "준공년월":"2020-06-19",
            "준공년차":3,
            "가까운역이름":"NA",
            "가까운역거리":"NA",
            "역세권여부":"NA",
            "30분이내주요거점역":"NA",
            "1시간이내주요거점역":"NA",
            "3km이내백화점수":0,
            "5km이내아울렛몰수":0,
            "1km이내대형먀트수":1,
            "500m이내은행수":0,
            "500m이내병원수":0,
            "5km이내대형병원수":0,
            "500m이내공원수":0,
            "3km이내혐오시설수":0,
            "초등학교학업성취도":90.0,
            "중학교학업성취도":69.7,
            "용적률":198,
            "건폐율":14,
            "Y":35.262334,
            "X":129.220717,
            "rank":22.0,
            "area_info":"24평(80.77), 30평(101.96), 30평(102.15), 34평(113.37), 34평(113.63)",
            "last_sales":"2021-11-13,50200.0,24평(80.77)"
        },
        {
            "index":258,
            "아파트명":"정관신도시계룡리슈빌",
            "투자타입":"일반",
            "전용면적(m2)":"110.21",
            "전용면적(평)":"33평",
            "법정동주소":"부산시 기장군 정관읍 용수리 1330",
            "도로명주소":"부산시 기장군 정관로 513",
            "세대수":50,
            "입주년차":40,
            "용적률점수":"--",
            "건폐율점수":"--",
            "세대당주차수":60,
            "난방방식":100,
            "공급면적":"--",
            "전용률":"--",
            "욕실수":100,
            "현관타입":100,
            "주거총점":64.5,
            "지역구공급총점":0.0,
            "역세권":"NA",
            "30분내 이동가능 거점":"NA",
            "1시간내 이동가능 거점":"NA",
            "교통총점":"NA",
            "백화점":0,
            "아울렛몰":0,
            "대형마트":80,
            "은행":0,
            "병원":30,
            "종합병원":0,
            "공원":80,
            "혐오시설":0,
            "인프라총점":17.4,
            "초등학군":90.0,
            "중학군":49.52,
            "학군총점":57.616,
            "인구수":18.13,
            "인구증감":21.66,
            "인구총점":19.189,
            "일자리":8.8,
            "소득수준":59.98,
            "일자리총점":24.154,
            "가치 총점":43.939,
            "매매실거래년":20211228.0,
            "매매실거래가":46000.0,
            "전세실거래년":20210911.0,
            "전세실거래가":30000.0,
            "전세가율":79.79,
            "장기전세가율평균":66.17,
            "전세가율거품지수":-13.62,
            "검색코드":26550,
            "세대수":455,
            "준공년월":"2008-12-16",
            "준공년차":15,
            "가까운역이름":"NA",
            "가까운역거리":"NA",
            "역세권여부":"NA",
            "30분이내주요거점역":"NA",
            "1시간이내주요거점역":"NA",
            "3km이내백화점수":0,
            "5km이내아울렛몰수":0,
            "1km이내대형먀트수":1,
            "500m이내은행수":0,
            "500m이내병원수":8,
            "5km이내대형병원수":0,
            "500m이내공원수":1,
            "3km이내혐오시설수":0,
            "초등학교학업성취도":90.0,
            "중학교학업성취도":82.2,
            "용적률":221,
            "건폐율":16,
            "Y":35.325844,
            "X":129.172415,
            "rank":23.0,
            "area_info":"33평(110.21), 34평(113.84), 39평(130.73), 43평(143.01), 49평(165.06)",
            "last_sales":"2021-12-28,46000.0,39평(130.73)"
        },
        {
            "index":158,
            "아파트명":"EG더원1차",
            "투자타입":"일반",
            "전용면적(m2)":"81.33",
            "전용면적(평)":"24평",
            "법정동주소":"부산시 기장군 정관읍 모전리 723",
            "도로명주소":"부산시 기장군 정관1로 18",
            "세대수":90,
            "입주년차":60,
            "용적률점수":"--",
            "건폐율점수":"--",
            "세대당주차수":30,
            "난방방식":100,
            "공급면적":"--",
            "전용률":"--",
            "욕실수":100,
            "현관타입":100,
            "주거총점":78.0,
            "지역구공급총점":0.0,
            "역세권":"NA",
            "30분내 이동가능 거점":"NA",
            "1시간내 이동가능 거점":"NA",
            "교통총점":"NA",
            "백화점":0,
            "아울렛몰":0,
            "대형마트":0,
            "은행":0,
            "병원":10,
            "종합병원":0,
            "공원":100,
            "혐오시설":0,
            "인프라총점":4.0,
            "초등학군":90.12,
            "중학군":49.52,
            "학군총점":57.64,
            "인구수":18.13,
            "인구증감":21.66,
            "인구총점":19.189,
            "일자리":8.8,
            "소득수준":59.98,
            "일자리총점":24.154,
            "가치 총점":43.31,
            "매매실거래년":20220111.0,
            "매매실거래가":31700.0,
            "전세실거래년":20220111.0,
            "전세실거래가":19000.0,
            "전세가율":86.36,
            "장기전세가율평균":66.17,
            "전세가율거품지수":-20.19,
            "검색코드":102607,
            "세대수":978,
            "준공년월":"2011-12-01",
            "준공년차":12,
            "가까운역이름":"NA",
            "가까운역거리":"NA",
            "역세권여부":"NA",
            "30분이내주요거점역":"NA",
            "1시간이내주요거점역":"NA",
            "3km이내백화점수":0,
            "5km이내아울렛몰수":0,
            "1km이내대형먀트수":0,
            "500m이내은행수":0,
            "500m이내병원수":2,
            "5km이내대형병원수":0,
            "500m이내공원수":14,
            "3km이내혐오시설수":0,
            "초등학교학업성취도":90.12,
            "중학교학업성취도":82.2,
            "용적률":177,
            "건폐율":16,
            "Y":35.338824,
            "X":129.163979,
            "rank":24.0,
            "area_info":"24평(81.33), 32평(105.99), 32평(107.37)",
            "last_sales":"2022-01-11,31700.0,32평(105.99)"
        },
        {
            "index":161,
            "아파트명":"EG더원2차",
            "투자타입":"일반",
            "전용면적(m2)":"81.68",
            "전용면적(평)":"24평",
            "법정동주소":"부산시 기장군 정관읍 모전리 735",
            "도로명주소":"부산시 기장군 정관2로 9",
            "세대수":80,
            "입주년차":60,
            "용적률점수":"--",
            "건폐율점수":"--",
            "세대당주차수":30,
            "난방방식":100,
            "공급면적":"--",
            "전용률":"--",
            "욕실수":100,
            "현관타입":100,
            "주거총점":74.5,
            "지역구공급총점":0.0,
            "역세권":"NA",
            "30분내 이동가능 거점":"NA",
            "1시간내 이동가능 거점":"NA",
            "교통총점":"NA",
            "백화점":0,
            "아울렛몰":0,
            "대형마트":0,
            "은행":0,
            "병원":30,
            "종합병원":0,
            "공원":100,
            "혐오시설":0,
            "인프라총점":6.0,
            "초등학군":90.12,
            "중학군":49.52,
            "학군총점":57.64,
            "인구수":18.13,
            "인구증감":21.66,
            "인구총점":19.189,
            "일자리":8.8,
            "소득수준":59.98,
            "일자리총점":24.154,
            "가치 총점":42.885,
            "매매실거래년":20211210.0,
            "매매실거래가":36900.0,
            "전세실거래년":20220108.0,
            "전세실거래가":22000.0,
            "전세가율":85.27,
            "장기전세가율평균":66.17,
            "전세가율거품지수":-19.1,
            "검색코드":103004,
            "세대수":756,
            "준공년월":"2012-11-30",
            "준공년차":11,
            "가까운역이름":"NA",
            "가까운역거리":"NA",
            "역세권여부":"NA",
            "30분이내주요거점역":"NA",
            "1시간이내주요거점역":"NA",
            "3km이내백화점수":0,
            "5km이내아울렛몰수":0,
            "1km이내대형먀트수":0,
            "500m이내은행수":0,
            "500m이내병원수":7,
            "5km이내대형병원수":0,
            "500m이내공원수":12,
            "3km이내혐오시설수":0,
            "초등학교학업성취도":90.12,
            "중학교학업성취도":82.2,
            "용적률":176,
            "건폐율":13,
            "Y":35.33415,
            "X":129.16356,
            "rank":25.0,
            "area_info":"24평(81.68), 24평(82.54), 33평(110.9)",
            "last_sales":"2021-12-10,36900.0,33평(110.9)"
        },
        {
            "index":128,
            "아파트명":"일광신도시비스타동원1차",
            "투자타입":"일반",
            "전용면적(m2)":"123.24",
            "전용면적(평)":"37평",
            "법정동주소":"부산시 기장군 일광면 삼성리 820",
            "도로명주소":"부산시 기장군 해빛2로 24",
            "세대수":80,
            "입주년차":100,
            "용적률점수":"--",
            "건폐율점수":"--",
            "세대당주차수":60,
            "난방방식":30,
            "공급면적":"--",
            "전용률":"--",
            "욕실수":100,
            "현관타입":100,
            "주거총점":80.0,
            "지역구공급총점":0.0,
            "역세권":"NA",
            "30분내 이동가능 거점":"NA",
            "1시간내 이동가능 거점":"NA",
            "교통총점":"NA",
            "백화점":0,
            "아울렛몰":0,
            "대형마트":0,
            "은행":0,
            "병원":30,
            "종합병원":0,
            "공원":0,
            "혐오시설":0,
            "인프라총점":3.0,
            "초등학군":100.0,
            "중학군":41.98,
            "학군총점":53.584,
            "인구수":18.13,
            "인구증감":21.66,
            "인구총점":19.189,
            "일자리":8.8,
            "소득수준":59.98,
            "일자리총점":24.154,
            "가치 총점":42.596,
            "매매실거래년":20210801.0,
            "매매실거래가":70000.0,
            "전세실거래년":20211023.0,
            "전세실거래가":42500.0,
            "전세가율":60.71,
            "장기전세가율평균":66.17,
            "전세가율거품지수":5.46,
            "검색코드":119401,
            "세대수":701,
            "준공년월":"2020-04-01",
            "준공년차":3,
            "가까운역이름":"NA",
            "가까운역거리":"NA",
            "역세권여부":"NA",
            "30분이내주요거점역":"NA",
            "1시간이내주요거점역":"NA",
            "3km이내백화점수":0,
            "5km이내아울렛몰수":0,
            "1km이내대형먀트수":0,
            "500m이내은행수":0,
            "500m이내병원수":6,
            "5km이내대형병원수":0,
            "500m이내공원수":0,
            "3km이내혐오시설수":0,
            "초등학교학업성취도":100.0,
            "중학교학업성취도":69.7,
            "용적률":0,
            "건폐율":0,
            "Y":35.267695,
            "X":129.227344,
            "rank":26.0,
            "area_info":"37평(123.24), 37평(123.29), 40평(133.84), 62평(205.62)",
            "last_sales":"2021-08-01,70000.0,37평(123.24)"
        },
        {
            "index":181,
            "아파트명":"부산정관지구EG더원5차",
            "투자타입":"일반",
            "전용면적(m2)":"92.1",
            "전용면적(평)":"27평",
            "법정동주소":"부산시 기장군 정관읍 방곡리 378",
            "도로명주소":"부산시 기장군 방곡로 29",
            "세대수":50,
            "입주년차":80,
            "용적률점수":"--",
            "건폐율점수":"--",
            "세대당주차수":30,
            "난방방식":100,
            "공급면적":"--",
            "전용률":"--",
            "욕실수":100,
            "현관타입":100,
            "주거총점":68.0,
            "지역구공급총점":0.0,
            "역세권":"NA",
            "30분내 이동가능 거점":"NA",
            "1시간내 이동가능 거점":"NA",
            "교통총점":"NA",
            "백화점":0,
            "아울렛몰":80,
            "대형마트":0,
            "은행":0,
            "병원":0,
            "종합병원":0,
            "공원":100,
            "혐오시설":0,
            "인프라총점":11.0,
            "초등학군":88.51,
            "중학군":49.52,
            "학군총점":57.318,
            "인구수":18.13,
            "인구증감":21.66,
            "인구총점":19.189,
            "일자리":8.8,
            "소득수준":59.98,
            "일자리총점":24.154,
            "가치 총점":42.5295,
            "매매실거래년":20220110.0,
            "매매실거래가":26700.0,
            "전세실거래년":20220108.0,
            "전세실거래가":16800.0,
            "전세가율":62.92,
            "장기전세가율평균":66.17,
            "전세가율거품지수":3.25,
            "검색코드":108369,
            "세대수":426,
            "준공년월":"2015-11-01",
            "준공년차":8,
            "가까운역이름":"NA",
            "가까운역거리":"NA",
            "역세권여부":"NA",
            "30분이내주요거점역":"NA",
            "1시간이내주요거점역":"NA",
            "3km이내백화점수":0,
            "5km이내아울렛몰수":1,
            "1km이내대형먀트수":0,
            "500m이내은행수":0,
            "500m이내병원수":1,
            "5km이내대형병원수":0,
            "500m이내공원수":4,
            "3km이내혐오시설수":0,
            "초등학교학업성취도":88.51,
            "중학교학업성취도":82.2,
            "용적률":195,
            "건폐율":24,
            "Y":35.327814,
            "X":129.188442,
            "rank":27.0,
            "area_info":"27평(92.1), 28평(93.78)",
            "last_sales":"2022-01-10,26700.0,27평(92.1)"
        },
        {
            "index":110,
            "아파트명":"e편한세상일광",
            "투자타입":"일반",
            "전용면적(m2)":"100.83",
            "전용면적(평)":"30평",
            "법정동주소":"부산시 기장군 일광면 삼성리 773",
            "도로명주소":"부산시 기장군 해빛2로 21",
            "세대수":90,
            "입주년차":100,
            "용적률점수":"--",
            "건폐율점수":"--",
            "세대당주차수":30,
            "난방방식":30,
            "공급면적":"--",
            "전용률":"--",
            "욕실수":100,
            "현관타입":100,
            "주거총점":79.0,
            "지역구공급총점":0.0,
            "역세권":"NA",
            "30분내 이동가능 거점":"NA",
            "1시간내 이동가능 거점":"NA",
            "교통총점":"NA",
            "백화점":0,
            "아울렛몰":0,
            "대형마트":0,
            "은행":0,
            "병원":30,
            "종합병원":0,
            "공원":0,
            "혐오시설":0,
            "인프라총점":3.0,
            "초등학군":100.0,
            "중학군":41.98,
            "학군총점":53.584,
            "인구수":18.13,
            "인구증감":21.66,
            "인구총점":19.189,
            "일자리":8.8,
            "소득수준":59.98,
            "일자리총점":24.154,
            "가치 총점":42.246,
            "매매실거래년":20210910.0,
            "매매실거래가":74000.0,
            "전세실거래년":20211225.0,
            "전세실거래가":33000.0,
            "전세가율":48.6,
            "장기전세가율평균":66.17,
            "전세가율거품지수":17.57,
            "검색코드":117305,
            "세대수":913,
            "준공년월":"2020-01-01",
            "준공년차":3,
            "가까운역이름":"NA",
            "가까운역거리":"NA",
            "역세권여부":"NA",
            "30분이내주요거점역":"NA",
            "1시간이내주요거점역":"NA",
            "3km이내백화점수":0,
            "5km이내아울렛몰수":0,
            "1km이내대형먀트수":0,
            "500m이내은행수":0,
            "500m이내병원수":6,
            "5km이내대형병원수":0,
            "500m이내공원수":0,
            "3km이내혐오시설수":0,
            "초등학교학업성취도":100.0,
            "중학교학업성취도":69.7,
            "용적률":0,
            "건폐율":0,
            "Y":35.26824,
            "X":129.225487,
            "rank":28.0,
            "area_info":"30평(100.83), 30평(100.61), 32평(107.91), 34평(113.01), 35평(116.91)",
            "last_sales":"2021-09-10,74000.0,32평(107.91)"
        },
        {
            "index":141,
            "아파트명":"일광자이푸르지오2단지",
            "투자타입":"일반",
            "전용면적(m2)":"84.62",
            "전용면적(평)":"25평",
            "법정동주소":"부산시 기장군 일광면 삼성리 785",
            "도로명주소":"부산시 기장군 해빛로 29",
            "세대수":90,
            "입주년차":100,
            "용적률점수":"--",
            "건폐율점수":"--",
            "세대당주차수":30,
            "난방방식":30,
            "공급면적":"--",
            "전용률":"--",
            "욕실수":100,
            "현관타입":100,
            "주거총점":79.0,
            "지역구공급총점":0.0,
            "역세권":"NA",
            "30분내 이동가능 거점":"NA",
            "1시간내 이동가능 거점":"NA",
            "교통총점":"NA",
            "백화점":0,
            "아울렛몰":0,
            "대형마트":0,
            "은행":0,
            "병원":30,
            "종합병원":0,
            "공원":0,
            "혐오시설":0,
            "인프라총점":3.0,
            "초등학군":100.0,
            "중학군":41.98,
            "학군총점":53.584,
            "인구수":18.13,
            "인구증감":21.66,
            "인구총점":19.189,
            "일자리":8.8,
            "소득수준":59.98,
            "일자리총점":24.154,
            "가치 총점":42.246,
            "매매실거래년":20210906.0,
            "매매실거래가":92000.0,
            "전세실거래년":20211222.0,
            "전세실거래가":33000.0,
            "전세가율":104.24,
            "장기전세가율평균":66.17,
            "전세가율거품지수":-38.07,
            "검색코드":117307,
            "세대수":1059,
            "준공년월":"2020-01-01",
            "준공년차":3,
            "가까운역이름":"NA",
            "가까운역거리":"NA",
            "역세권여부":"NA",
            "30분이내주요거점역":"NA",
            "1시간이내주요거점역":"NA",
            "3km이내백화점수":0,
            "5km이내아울렛몰수":0,
            "1km이내대형먀트수":0,
            "500m이내은행수":0,
            "500m이내병원수":6,
            "5km이내대형병원수":0,
            "500m이내공원수":0,
            "3km이내혐오시설수":0,
            "초등학교학업성취도":100.0,
            "중학교학업성취도":69.7,
            "용적률":198,
            "건폐율":16,
            "Y":35.265328,
            "X":129.224128,
            "rank":28.0,
            "area_info":"25평(84.62), 29평(99.1), 33평(110.84), 33평(111.35), 33평(111.03), 33평(111.44), 33평(111.6)",
            "last_sales":"2021-09-06,92000.0,33평(111.6)"
        },
        {
            "index":172,
            "아파트명":"두산위브더테라스",
            "투자타입":"일반",
            "전용면적(m2)":"115.75",
            "전용면적(평)":"35평",
            "법정동주소":"부산시 기장군 정관읍 달산리 1244",
            "도로명주소":"부산시 기장군 산단6로 33-8",
            "세대수":0,
            "입주년차":80,
            "용적률점수":"--",
            "건폐율점수":"--",
            "세대당주차수":30,
            "난방방식":100,
            "공급면적":"--",
            "전용률":"--",
            "욕실수":100,
            "현관타입":100,
            "주거총점":50.5,
            "지역구공급총점":0.0,
            "역세권":"NA",
            "30분내 이동가능 거점":"NA",
            "1시간내 이동가능 거점":"NA",
            "교통총점":"NA",
            "백화점":0,
            "아울렛몰":80,
            "대형마트":0,
            "은행":0,
            "병원":0,
            "종합병원":80,
            "공원":0,
            "혐오시설":0,
            "인프라총점":24.0,
            "초등학군":88.51,
            "중학군":49.52,
            "학군총점":57.318,
            "인구수":18.13,
            "인구증감":21.66,
            "인구총점":19.189,
            "일자리":8.8,
            "소득수준":59.98,
            "일자리총점":24.154,
            "가치 총점":41.6045,
            "매매실거래년":20211111.0,
            "매매실거래가":50000.0,
            "전세실거래년":20191217.0,
            "전세실거래가":18000.0,
            "전세가율":36.0,
            "장기전세가율평균":66.17,
            "전세가율거품지수":30.17,
            "검색코드":115597,
            "세대수":272,
            "준공년월":"2018-05-31",
            "준공년차":5,
            "가까운역이름":"NA",
            "가까운역거리":"NA",
            "역세권여부":"NA",
            "30분이내주요거점역":"NA",
            "1시간이내주요거점역":"NA",
            "3km이내백화점수":0,
            "5km이내아울렛몰수":1,
            "1km이내대형먀트수":0,
            "500m이내은행수":0,
            "500m이내병원수":0,
            "5km이내대형병원수":1,
            "500m이내공원수":0,
            "3km이내혐오시설수":0,
            "초등학교학업성취도":88.51,
            "중학교학업성취도":82.2,
            "용적률":89,
            "건폐율":33,
            "Y":35.321226,
            "X":129.195587,
            "rank":29.0,
            "area_info":"35평(115.75), 35평(115.75), 35평(115.75), 35평(115.96), 35평(115.96), 35평(115.96), 35평(117.52), 35평(117.34), 35평(117.28)",
            "last_sales":"2021-11-11,50000.0,35평(115.75)"
        },
        {
            "index":276,
            "아파트명":"정관이진캐스빌2차",
            "투자타입":"일반",
            "전용면적(m2)":"80.09",
            "전용면적(평)":"24평",
            "법정동주소":"부산시 기장군 정관읍 용수리 1279",
            "도로명주소":"부산시 기장군 가동3로 19",
            "세대수":0,
            "입주년차":80,
            "용적률점수":"--",
            "건폐율점수":"--",
            "세대당주차수":30,
            "난방방식":100,
            "공급면적":"--",
            "전용률":"--",
            "욕실수":100,
            "현관타입":100,
            "주거총점":50.5,
            "지역구공급총점":0.0,
            "역세권":"NA",
            "30분내 이동가능 거점":"NA",
            "1시간내 이동가능 거점":"NA",
            "교통총점":"NA",
            "백화점":0,
            "아울렛몰":80,
            "대형마트":80,
            "은행":0,
            "병원":0,
            "종합병원":0,
            "공원":100,
            "혐오시설":0,
            "인프라총점":23.0,
            "초등학군":91.45,
            "중학군":49.52,
            "학군총점":57.906,
            "인구수":18.13,
            "인구증감":21.66,
            "인구총점":19.189,
            "일자리":8.8,
            "소득수준":59.98,
            "일자리총점":24.154,
            "가치 총점":41.3515,
            "매매실거래년":20220107.0,
            "매매실거래가":38000.0,
            "전세실거래년":20210925.0,
            "전세실거래가":18375.0,
            "전세가율":64.47,
            "장기전세가율평균":66.17,
            "전세가율거품지수":1.7,
            "검색코드":112016,
            "세대수":258,
            "준공년월":"2017-08-18",
            "준공년차":6,
            "가까운역이름":"NA",
            "가까운역거리":"NA",
            "역세권여부":"NA",
            "30분이내주요거점역":"NA",
            "1시간이내주요거점역":"NA",
            "3km이내백화점수":0,
            "5km이내아울렛몰수":1,
            "1km이내대형먀트수":1,
            "500m이내은행수":1,
            "500m이내병원수":0,
            "5km이내대형병원수":0,
            "500m이내공원수":2,
            "3km이내혐오시설수":0,
            "초등학교학업성취도":91.45,
            "중학교학업성취도":82.2,
            "용적률":106,
            "건폐율":16,
            "Y":35.329561,
            "X":129.181641,
            "rank":30.0,
            "area_info":"24평(80.09), 34평(112.73), 33평(112.0)",
            "last_sales":"2022-01-07,38000.0,34평(112.73)"
        },
        {
            "index":183,
            "아파트명":"서희스타힐스",
            "투자타입":"일반",
            "전용면적(m2)":"79.34",
            "전용면적(평)":"24평",
            "법정동주소":"부산시 기장군 정관읍 방곡리 385",
            "도로명주소":"부산시 기장군 방곡3로 11",
            "세대수":50,
            "입주년차":60,
            "용적률점수":"--",
            "건폐율점수":"--",
            "세대당주차수":30,
            "난방방식":100,
            "공급면적":"--",
            "전용률":"--",
            "욕실수":100,
            "현관타입":100,
            "주거총점":64.0,
            "지역구공급총점":0.0,
            "역세권":"NA",
            "30분내 이동가능 거점":"NA",
            "1시간내 이동가능 거점":"NA",
            "교통총점":"NA",
            "백화점":0,
            "아울렛몰":80,
            "대형마트":0,
            "은행":0,
            "병원":0,
            "종합병원":0,
            "공원":100,
            "혐오시설":0,
            "인프라총점":11.0,
            "초등학군":88.51,
            "중학군":49.52,
            "학군총점":57.318,
            "인구수":18.13,
            "인구증감":21.66,
            "인구총점":19.189,
            "일자리":8.8,
            "소득수준":59.98,
            "일자리총점":24.154,
            "가치 총점":41.1295,
            "매매실거래년":20211119.0,
            "매매실거래가":27000.0,
            "전세실거래년":20210727.0,
            "전세실거래가":18500.0,
            "전세가율":89.81,
            "장기전세가율평균":66.17,
            "전세가율거품지수":-23.64,
            "검색코드":102744,
            "세대수":444,
            "준공년월":"2011-04-25",
            "준공년차":12,
            "가까운역이름":"NA",
            "가까운역거리":"NA",
            "역세권여부":"NA",
            "30분이내주요거점역":"NA",
            "1시간이내주요거점역":"NA",
            "3km이내백화점수":0,
            "5km이내아울렛몰수":1,
            "1km이내대형먀트수":0,
            "500m이내은행수":0,
            "500m이내병원수":1,
            "5km이내대형병원수":0,
            "500m이내공원수":3,
            "3km이내혐오시설수":0,
            "초등학교학업성취도":88.51,
            "중학교학업성취도":82.2,
            "용적률":173,
            "건폐율":20,
            "Y":35.326042,
            "X":129.188091,
            "rank":31.0,
            "area_info":"24평(79.34), 24평(79.5), 23평(79.31), 33평(112.09), 33평(112.36), 33평(112.17)",
            "last_sales":"2021-11-19,27000.0,33평(112.17)"
        },
        {
            "index":263,
            "아파트명":"정관신도시현진에버빌",
            "투자타입":"일반",
            "전용면적(m2)":"122.64",
            "전용면적(평)":"37평",
            "법정동주소":"부산시 기장군 정관읍 모전리 755",
            "도로명주소":"부산시 기장군 정관2로 40",
            "세대수":50,
            "입주년차":60,
            "용적률점수":"--",
            "건폐율점수":"--",
            "세대당주차수":60,
            "난방방식":100,
            "공급면적":"--",
            "전용률":"--",
            "욕실수":100,
            "현관타입":100,
            "주거총점":68.5,
            "지역구공급총점":0.0,
            "역세권":"NA",
            "30분내 이동가능 거점":"NA",
            "1시간내 이동가능 거점":"NA",
            "교통총점":"NA",
            "백화점":0,
            "아울렛몰":0,
            "대형마트":0,
            "은행":0,
            "병원":30,
            "종합병원":0,
            "공원":100,
            "혐오시설":0,
            "인프라총점":6.0,
            "초등학군":86.57,
            "중학군":49.52,
            "학군총점":56.93,
            "인구수":18.13,
            "인구증감":21.66,
            "인구총점":19.189,
            "일자리":8.8,
            "소득수준":59.98,
            "일자리총점":24.154,
            "가치 총점":40.6075,
            "매매실거래년":20211102.0,
            "매매실거래가":68000.0,
            "전세실거래년":null,
            "전세실거래가":null,
            "전세가율":null,
            "장기전세가율평균":66.17,
            "전세가율거품지수":null,
            "검색코드":26551,
            "세대수":690,
            "준공년월":"2009-01-23",
            "준공년차":14,
            "가까운역이름":"NA",
            "가까운역거리":"NA",
            "역세권여부":"NA",
            "30분이내주요거점역":"NA",
            "1시간이내주요거점역":"NA",
            "3km이내백화점수":0,
            "5km이내아울렛몰수":0,
            "1km이내대형먀트수":0,
            "500m이내은행수":0,
            "500m이내병원수":7,
            "5km이내대형병원수":0,
            "500m이내공원수":2,
            "3km이내혐오시설수":0,
            "초등학교학업성취도":86.57,
            "중학교학업성취도":82.2,
            "용적률":191,
            "건폐율":17,
            "Y":35.333261,
            "X":129.167859,
            "rank":32.0,
            "area_info":"37평(122.64), 37평(123.97), 43평(145.15), 49평(164.57), 53평(178.44), 59평(197.69)",
            "last_sales":"2021-11-02,68000.0,59평(197.69)"
        },
        {
            "index":148,
            "아파트명":"일광한신더휴센트럴포레1단지",
            "투자타입":"일반",
            "전용면적(m2)":"80.98",
            "전용면적(평)":"24평",
            "법정동주소":"부산시 기장군 일광면 삼성리 794",
            "도로명주소":"부산시 기장군 해빛1로 62",
            "세대수":50,
            "입주년차":100,
            "용적률점수":"--",
            "건폐율점수":"--",
            "세대당주차수":30,
            "난방방식":30,
            "공급면적":"--",
            "전용률":"--",
            "욕실수":100,
            "현관타입":100,
            "주거총점":65.0,
            "지역구공급총점":0.0,
            "역세권":"NA",
            "30분내 이동가능 거점":"NA",
            "1시간내 이동가능 거점":"NA",
            "교통총점":"NA",
            "백화점":0,
            "아울렛몰":0,
            "대형마트":80,
            "은행":0,
            "병원":0,
            "종합병원":0,
            "공원":0,
            "혐오시설":0,
            "인프라총점":12.0,
            "초등학군":90.0,
            "중학군":41.98,
            "학군총점":51.584,
            "인구수":18.13,
            "인구증감":21.66,
            "인구총점":19.189,
            "일자리":8.8,
            "소득수준":59.98,
            "일자리총점":24.154,
            "가치 총점":40.446,
            "매매실거래년":20200710.0,
            "매매실거래가":40770.0,
            "전세실거래년":null,
            "전세실거래가":null,
            "전세가율":null,
            "장기전세가율평균":66.17,
            "전세가율거품지수":null,
            "검색코드":119568,
            "세대수":550,
            "준공년월":"2020-06-19",
            "준공년차":3,
            "가까운역이름":"NA",
            "가까운역거리":"NA",
            "역세권여부":"NA",
            "30분이내주요거점역":"NA",
            "1시간이내주요거점역":"NA",
            "3km이내백화점수":0,
            "5km이내아울렛몰수":0,
            "1km이내대형먀트수":1,
            "500m이내은행수":0,
            "500m이내병원수":0,
            "5km이내대형병원수":0,
            "500m이내공원수":0,
            "3km이내혐오시설수":0,
            "초등학교학업성취도":90.0,
            "중학교학업성취도":69.7,
            "용적률":199,
            "건폐율":15,
            "Y":35.262121,
            "X":129.22273,
            "rank":33.0,
            "area_info":"24평(80.98), 30평(102.23), 30평(102.41), 34평(113.67), 34평(113.92)",
            "last_sales":"2020-07-10,40770.0,34평(113.92)"
        },
        {
            "index":125,
            "아파트명":"일광대성베르힐",
            "투자타입":"일반",
            "전용면적(m2)":"108.28",
            "전용면적(평)":"32평",
            "법정동주소":"부산시 기장군 일광면 삼성리 810",
            "도로명주소":"부산시 기장군 해빛5로 14",
            "세대수":50,
            "입주년차":100,
            "용적률점수":"--",
            "건폐율점수":"--",
            "세대당주차수":30,
            "난방방식":30,
            "공급면적":"--",
            "전용률":"--",
            "욕실수":100,
            "현관타입":100,
            "주거총점":65.0,
            "지역구공급총점":0.0,
            "역세권":"NA",
            "30분내 이동가능 거점":"NA",
            "1시간내 이동가능 거점":"NA",
            "교통총점":"NA",
            "백화점":0,
            "아울렛몰":0,
            "대형마트":80,
            "은행":0,
            "병원":0,
            "종합병원":0,
            "공원":0,
            "혐오시설":0,
            "인프라총점":12.0,
            "초등학군":90.0,
            "중학군":41.98,
            "학군총점":51.584,
            "인구수":18.13,
            "인구증감":21.66,
            "인구총점":19.189,
            "일자리":8.8,
            "소득수준":59.98,
            "일자리총점":24.154,
            "가치 총점":40.446,
            "매매실거래년":20210429.0,
            "매매실거래가":53800.0,
            "전세실거래년":20211209.0,
            "전세실거래가":35000.0,
            "전세가율":65.06,
            "장기전세가율평균":66.17,
            "전세가율거품지수":1.11,
            "검색코드":122051,
            "세대수":518,
            "준공년월":"2020-10-01",
            "준공년차":3,
            "가까운역이름":"NA",
            "가까운역거리":"NA",
            "역세권여부":"NA",
            "30분이내주요거점역":"NA",
            "1시간이내주요거점역":"NA",
            "3km이내백화점수":0,
            "5km이내아울렛몰수":0,
            "1km이내대형먀트수":1,
            "500m이내은행수":0,
            "500m이내병원수":0,
            "5km이내대형병원수":0,
            "500m이내공원수":0,
            "3km이내혐오시설수":0,
            "초등학교학업성취도":90.0,
            "중학교학업성취도":69.7,
            "용적률":198,
            "건폐율":16,
            "Y":35.260014,
            "X":129.220036,
            "rank":33.0,
            "area_info":"32평(108.28), 33평(109.21), 33평(109.23)",
            "last_sales":"2021-04-29,53800.0,32평(108.28)"
        },
        {
            "index":39,
            "아파트명":"동부산동원로얄듀크",
            "투자타입":"일반",
            "전용면적(m2)":"112.41",
            "전용면적(평)":"34평",
            "법정동주소":"부산시 기장군 기장읍 내리 776",
            "도로명주소":"부산시 기장군 기장대로 67",
            "세대수":0,
            "입주년차":60,
            "용적률점수":"--",
            "건폐율점수":"--",
            "세대당주차수":30,
            "난방방식":30,
            "공급면적":"--",
            "전용률":"--",
            "욕실수":100,
            "현관타입":100,
            "주거총점":39.5,
            "지역구공급총점":0.0,
            "역세권":"NA",
            "30분내 이동가능 거점":"NA",
            "1시간내 이동가능 거점":"NA",
            "교통총점":"NA",
            "백화점":0,
            "아울렛몰":100,
            "대형마트":0,
            "은행":0,
            "병원":0,
            "종합병원":80,
            "공원":100,
            "혐오시설":-50,
            "인프라총점":28.0,
            "초등학군":67.56,
            "중학군":45.04,
            "학군총점":49.544,
            "인구수":18.13,
            "인구증감":21.66,
            "인구총점":19.189,
            "일자리":8.8,
            "소득수준":59.98,
            "일자리총점":24.154,
            "가치 총점":37.411,
            "매매실거래년":20211130.0,
            "매매실거래가":58000.0,
            "전세실거래년":20201105.0,
            "전세실거래가":22000.0,
            "전세가율":37.93,
            "장기전세가율평균":66.17,
            "전세가율거품지수":28.24,
            "검색코드":100365,
            "세대수":284,
            "준공년월":"2009-11-25",
            "준공년차":14,
            "가까운역이름":"NA",
            "가까운역거리":"NA",
            "역세권여부":"NA",
            "30분이내주요거점역":"NA",
            "1시간이내주요거점역":"NA",
            "3km이내백화점수":0,
            "5km이내아울렛몰수":2,
            "1km이내대형먀트수":0,
            "500m이내은행수":0,
            "500m이내병원수":1,
            "5km이내대형병원수":1,
            "500m이내공원수":3,
            "3km이내혐오시설수":1,
            "초등학교학업성취도":67.56,
            "중학교학업성취도":74.2,
            "용적률":155,
            "건폐율":23,
            "Y":35.203761,
            "X":129.205745,
            "rank":34.0,
            "area_info":"34평(112.41), 34평(112.84), 34평(112.61), 34평(113.06), 34평(113.09)",
            "last_sales":"2021-11-30,58000.0,34평(112.41)"
        },
        {
            "index":136,
            "아파트명":"일광자이푸르지오1단지",
            "투자타입":"일반",
            "전용면적(m2)":"83.89",
            "전용면적(평)":"25평",
            "법정동주소":"부산시 기장군 일광면 삼성리 783",
            "도로명주소":"부산시 기장군 해빛로 39-15",
            "세대수":50,
            "입주년차":100,
            "용적률점수":"--",
            "건폐율점수":"--",
            "세대당주차수":30,
            "난방방식":30,
            "공급면적":"--",
            "전용률":"--",
            "욕실수":100,
            "현관타입":100,
            "주거총점":65.0,
            "지역구공급총점":0.0,
            "역세권":"NA",
            "30분내 이동가능 거점":"NA",
            "1시간내 이동가능 거점":"NA",
            "교통총점":"NA",
            "백화점":0,
            "아울렛몰":0,
            "대형마트":0,
            "은행":0,
            "병원":30,
            "종합병원":0,
            "공원":0,
            "혐오시설":0,
            "인프라총점":3.0,
            "초등학군":90.0,
            "중학군":41.98,
            "학군총점":51.584,
            "인구수":18.13,
            "인구증감":21.66,
            "인구총점":19.189,
            "일자리":8.8,
            "소득수준":59.98,
            "일자리총점":24.154,
            "가치 총점":36.846,
            "매매실거래년":20211127.0,
            "매매실거래가":75000.0,
            "전세실거래년":20200216.0,
            "전세실거래가":16000.0,
            "전세가율":25.72,
            "장기전세가율평균":66.17,
            "전세가율거품지수":40.45,
            "검색코드":117306,
            "세대수":488,
            "준공년월":"2020-01-01",
            "준공년차":3,
            "가까운역이름":"NA",
            "가까운역거리":"NA",
            "역세권여부":"NA",
            "30분이내주요거점역":"NA",
            "1시간이내주요거점역":"NA",
            "3km이내백화점수":0,
            "5km이내아울렛몰수":0,
            "1km이내대형먀트수":0,
            "500m이내은행수":0,
            "500m이내병원수":6,
            "5km이내대형병원수":0,
            "500m이내공원수":0,
            "3km이내혐오시설수":0,
            "초등학교학업성취도":90.0,
            "중학교학업성취도":69.7,
            "용적률":0,
            "건폐율":0,
            "Y":35.26568,
            "X":129.222563,
            "rank":35.0,
            "area_info":"25평(83.89), 29평(98.48), 33평(110.14), 33평(110.64), 33평(110.33)",
            "last_sales":"2021-11-27,75000.0,33평(110.14)"
        },
        {
            "index":82,
            "아파트명":"이진캐스빌블루1차",
            "투자타입":"일반",
            "전용면적(m2)":"97.53",
            "전용면적(평)":"29평",
            "법정동주소":"부산시 기장군 기장읍 교리 2",
            "도로명주소":"부산시 기장군 차성로 461",
            "세대수":50,
            "입주년차":60,
            "용적률점수":"--",
            "건폐율점수":"--",
            "세대당주차수":30,
            "난방방식":30,
            "공급면적":"--",
            "전용률":"--",
            "욕실수":100,
            "현관타입":50,
            "주거총점":52.0,
            "지역구공급총점":0.0,
            "역세권":"NA",
            "30분내 이동가능 거점":"NA",
            "1시간내 이동가능 거점":"NA",
            "교통총점":"NA",
            "백화점":0,
            "아울렛몰":0,
            "대형마트":80,
            "은행":0,
            "병원":0,
            "종합병원":0,
            "공원":100,
            "혐오시설":0,
            "인프라총점":15.0,
            "초등학군":84.5,
            "중학군":41.98,
            "학군총점":50.484,
            "인구수":18.13,
            "인구증감":21.66,
            "인구총점":19.189,
            "일자리":8.8,
            "소득수준":59.98,
            "일자리총점":24.154,
            "가치 총점":36.821,
            "매매실거래년":20211023.0,
            "매매실거래가":42000.0,
            "전세실거래년":20201009.0,
            "전세실거래가":20000.0,
            "전세가율":54.5,
            "장기전세가율평균":66.17,
            "전세가율거품지수":11.67,
            "검색코드":27555,
            "세대수":620,
            "준공년월":"2011-03-24",
            "준공년차":12,
            "가까운역이름":"NA",
            "가까운역거리":"NA",
            "역세권여부":"NA",
            "30분이내주요거점역":"NA",
            "1시간이내주요거점역":"NA",
            "3km이내백화점수":0,
            "5km이내아울렛몰수":0,
            "1km이내대형먀트수":1,
            "500m이내은행수":0,
            "500m이내병원수":1,
            "5km이내대형병원수":0,
            "500m이내공원수":3,
            "3km이내혐오시설수":0,
            "초등학교학업성취도":84.5,
            "중학교학업성취도":69.7,
            "용적률":266,
            "건폐율":18,
            "Y":35.25688,
            "X":129.219003,
            "rank":36.0,
            "area_info":"29평(97.53), 34평(112.56), 34평(112.54), 34평(113.73), 34평(115.24), 43평(143.18), 44평(147.66), 49평(164.44), 52평(173.05), 62평(207.5), 70평(233.81)",
            "last_sales":"2021-10-23,42000.0,34평(113.73)"
        },
        {
            "index":123,
            "아파트명":"이지더원1차오션포레",
            "투자타입":"일반",
            "전용면적(m2)":"79.78",
            "전용면적(평)":"24평",
            "법정동주소":"부산시 기장군 일광면 삼성리 746",
            "도로명주소":"부산시 기장군 해빛4로 1",
            "세대수":50,
            "입주년차":100,
            "용적률점수":"--",
            "건폐율점수":"--",
            "세대당주차수":30,
            "난방방식":30,
            "공급면적":"--",
            "전용률":"--",
            "욕실수":100,
            "현관타입":100,
            "주거총점":65.0,
            "지역구공급총점":0.0,
            "역세권":"NA",
            "30분내 이동가능 거점":"NA",
            "1시간내 이동가능 거점":"NA",
            "교통총점":"NA",
            "백화점":0,
            "아울렛몰":0,
            "대형마트":0,
            "은행":0,
            "병원":10,
            "종합병원":0,
            "공원":0,
            "혐오시설":0,
            "인프라총점":1.0,
            "초등학군":100.0,
            "중학군":41.98,
            "학군총점":53.584,
            "인구수":18.13,
            "인구증감":21.66,
            "인구총점":19.189,
            "일자리":8.8,
            "소득수준":59.98,
            "일자리총점":24.154,
            "가치 총점":36.546,
            "매매실거래년":20210813.0,
            "매매실거래가":46900.0,
            "전세실거래년":20210114.0,
            "전세실거래가":25000.0,
            "전세가율":80.65,
            "장기전세가율평균":66.17,
            "전세가율거품지수":-14.48,
            "검색코드":118871,
            "세대수":653,
            "준공년월":"2020-04-01",
            "준공년차":3,
            "가까운역이름":"NA",
            "가까운역거리":"NA",
            "역세권여부":"NA",
            "30분이내주요거점역":"NA",
            "1시간이내주요거점역":"NA",
            "3km이내백화점수":0,
            "5km이내아울렛몰수":0,
            "1km이내대형먀트수":0,
            "500m이내은행수":0,
            "500m이내병원수":3,
            "5km이내대형병원수":0,
            "500m이내공원수":0,
            "3km이내혐오시설수":0,
            "초등학교학업성취도":100.0,
            "중학교학업성취도":69.7,
            "용적률":0,
            "건폐율":0,
            "Y":35.268729,
            "X":129.22175,
            "rank":37.0,
            "area_info":"24평(79.78), 24평(80.1)",
            "last_sales":"2021-08-13,46900.0,24평(80.1)"
        },
        {
            "index":107,
            "아파트명":"한신",
            "투자타입":"일반",
            "전용면적(m2)":"76.13",
            "전용면적(평)":"23평",
            "법정동주소":"부산시 기장군 기장읍 동부리 151-5",
            "도로명주소":"부산시 기장군 차성로344번길 13",
            "세대수":90,
            "입주년차":0,
            "용적률점수":"--",
            "건폐율점수":"--",
            "세대당주차수":0,
            "난방방식":30,
            "공급면적":"--",
            "전용률":"--",
            "욕실수":50,
            "현관타입":10,
            "주거총점":40.5,
            "지역구공급총점":0.0,
            "역세권":"NA",
            "30분내 이동가능 거점":"NA",
            "1시간내 이동가능 거점":"NA",
            "교통총점":"NA",
            "백화점":0,
            "아울렛몰":0,
            "대형마트":80,
            "은행":20,
            "병원":60,
            "종합병원":0,
            "공원":100,
            "혐오시설":0,
            "인프라총점":23.0,
            "초등학군":85.62,
            "중학군":41.98,
            "학군총점":50.708,
            "인구수":18.13,
            "인구증감":21.66,
            "인구총점":19.189,
            "일자리":8.8,
            "소득수준":59.98,
            "일자리총점":24.154,
            "가치 총점":36.052,
            "매매실거래년":20211222.0,
            "매매실거래가":29300.0,
            "전세실거래년":20220110.0,
            "전세실거래가":14000.0,
            "전세가율":65.42,
            "장기전세가율평균":66.17,
            "전세가율거품지수":0.75,
            "검색코드":4761,
            "세대수":1131,
            "준공년월":"1995-05-18",
            "준공년차":28,
            "가까운역이름":"NA",
            "가까운역거리":"NA",
            "역세권여부":"NA",
            "30분이내주요거점역":"NA",
            "1시간이내주요거점역":"NA",
            "3km이내백화점수":0,
            "5km이내아울렛몰수":0,
            "1km이내대형먀트수":1,
            "500m이내은행수":2,
            "500m이내병원수":29,
            "5km이내대형병원수":0,
            "500m이내공원수":8,
            "3km이내혐오시설수":0,
            "초등학교학업성취도":85.62,
            "중학교학업성취도":69.7,
            "용적률":363,
            "건폐율":20,
            "Y":35.249058,
            "X":129.215326,
            "rank":38.0,
            "area_info":"23평(76.13), 32평(108.1), 37평(122.8)",
            "last_sales":"2021-12-22,29300.0,32평(108.1)"
        },
        {
            "index":29,
            "아파트명":"기장현대",
            "투자타입":"일반",
            "전용면적(m2)":"70.88",
            "전용면적(평)":"21평",
            "법정동주소":"부산시 기장군 기장읍 청강리 18-2",
            "도로명주소":"부산시 기장군 기장대로 563",
            "세대수":90,
            "입주년차":0,
            "용적률점수":"--",
            "건폐율점수":"--",
            "세대당주차수":0,
            "난방방식":30,
            "공급면적":"--",
            "전용률":"--",
            "욕실수":50,
            "현관타입":100,
            "주거총점":49.5,
            "지역구공급총점":0.0,
            "역세권":"NA",
            "30분내 이동가능 거점":"NA",
            "1시간내 이동가능 거점":"NA",
            "교통총점":"NA",
            "백화점":0,
            "아울렛몰":0,
            "대형마트":0,
            "은행":20,
            "병원":80,
            "종합병원":0,
            "공원":100,
            "혐오시설":0,
            "인프라총점":13.0,
            "초등학군":85.62,
            "중학군":41.98,
            "학군총점":50.708,
            "인구수":18.13,
            "인구증감":21.66,
            "인구총점":19.189,
            "일자리":8.8,
            "소득수준":59.98,
            "일자리총점":24.154,
            "가치 총점":35.202,
            "매매실거래년":20211221.0,
            "매매실거래가":30000.0,
            "전세실거래년":20220114.0,
            "전세실거래가":12000.0,
            "전세가율":40.0,
            "장기전세가율평균":66.17,
            "전세가율거품지수":26.17,
            "검색코드":4764,
            "세대수":930,
            "준공년월":"1993-08-23",
            "준공년차":30,
            "가까운역이름":"NA",
            "가까운역거리":"NA",
            "역세권여부":"NA",
            "30분이내주요거점역":"NA",
            "1시간이내주요거점역":"NA",
            "3km이내백화점수":0,
            "5km이내아울렛몰수":0,
            "1km이내대형먀트수":0,
            "500m이내은행수":2,
            "500m이내병원수":52,
            "5km이내대형병원수":0,
            "500m이내공원수":7,
            "3km이내혐오시설수":0,
            "초등학교학업성취도":85.62,
            "중학교학업성취도":69.7,
            "용적률":273,
            "건폐율":24,
            "Y":35.245317,
            "X":129.219797,
            "rank":39.0,
            "area_info":"21평(70.88), 28평(95.59), 29평(96.58), 29평(96.25)",
            "last_sales":"2021-12-21,30000.0,21평(70.88)"
        },
        {
            "index":295,
            "아파트명":"형진강변",
            "투자타입":"재건축",
            "전용면적(m2)":"76.98",
            "전용면적(평)":"23평",
            "법정동주소":"부산시 기장군 정관읍 매학리 41",
            "도로명주소":"부산시 기장군 정관중앙로 83-13",
            "세대수":0,
            "입주년차":"--",
            "용적률점수":0,
            "건폐율점수":80,
            "세대당주차수":"--",
            "난방방식":"--",
            "공급면적":50,
            "전용률":60,
            "욕실수":"--",
            "현관타입":"--",
            "주거총점":21.5,
            "지역구공급총점":0.0,
            "역세권":"NA",
            "30분내 이동가능 거점":"NA",
            "1시간내 이동가능 거점":"NA",
            "교통총점":"NA",
            "백화점":0,
            "아울렛몰":0,
            "대형마트":80,
            "은행":100,
            "병원":80,
            "종합병원":0,
            "공원":100,
            "혐오시설":0,
            "인프라총점":33.0,
            "초등학군":90.0,
            "중학군":49.52,
            "학군총점":57.616,
            "인구수":18.13,
            "인구증감":21.66,
            "인구총점":19.189,
            "일자리":8.8,
            "소득수준":59.98,
            "일자리총점":24.154,
            "가치 총점":35.129,
            "매매실거래년":20210630.0,
            "매매실거래가":21900.0,
            "전세실거래년":20210807.0,
            "전세실거래가":13500.0,
            "전세가율":93.1,
            "장기전세가율평균":66.17,
            "전세가율거품지수":-26.93,
            "검색코드":4781,
            "세대수":143,
            "준공년월":"1992-09-07",
            "준공년차":31,
            "가까운역이름":"NA",
            "가까운역거리":"NA",
            "역세권여부":"NA",
            "30분이내주요거점역":"NA",
            "1시간이내주요거점역":"NA",
            "3km이내백화점수":0,
            "5km이내아울렛몰수":0,
            "1km이내대형먀트수":1,
            "500m이내은행수":5,
            "500m이내병원수":39,
            "5km이내대형병원수":0,
            "500m이내공원수":8,
            "3km이내혐오시설수":0,
            "초등학교학업성취도":90.0,
            "중학교학업성취도":82.2,
            "용적률":298,
            "건폐율":27,
            "Y":35.323622,
            "X":129.179356,
            "rank":40.0,
            "area_info":"23평(76.98), 23평(77.8), 23평(78.69), 24평(79.52), 24평(80.66), 24평(81.51), 27평(90.57), 27평(91.53), 30평(99.79), 30평(100.84), 33평(110.29), 33평(110.19), 33평(112.36), 37평(125.1), 38평(126.42)",
            "last_sales":"2021-06-30,21900.0,37평(125.1)"
        },
        {
            "index":310,
            "아파트명":"고촌LH3단지",
            "투자타입":"일반",
            "전용면적(m2)":"89.7",
            "전용면적(평)":"27평",
            "법정동주소":"부산시 기장군 철마면 고촌리 668",
            "도로명주소":"부산시 기장군 고촌로 58",
            "세대수":50,
            "입주년차":80,
            "용적률점수":"--",
            "건폐율점수":"--",
            "세대당주차수":30,
            "난방방식":30,
            "공급면적":"--",
            "전용률":"--",
            "욕실수":100,
            "현관타입":100,
            "주거총점":61.0,
            "지역구공급총점":0.0,
            "역세권":"NA",
            "30분내 이동가능 거점":"NA",
            "1시간내 이동가능 거점":"NA",
            "교통총점":"NA",
            "백화점":0,
            "아울렛몰":0,
            "대형마트":0,
            "은행":0,
            "병원":0,
            "종합병원":0,
            "공원":100,
            "혐오시설":0,
            "인프라총점":3.0,
            "초등학군":83.61,
            "중학군":40.26,
            "학군총점":48.93,
            "인구수":18.13,
            "인구증감":21.66,
            "인구총점":19.189,
            "일자리":8.8,
            "소득수준":59.98,
            "일자리총점":24.154,
            "가치 총점":34.7825,
            "매매실거래년":"18000101",
            "매매실거래가":null,
            "전세실거래년":null,
            "전세실거래가":null,
            "전세가율":null,
            "장기전세가율평균":66.17,
            "전세가율거품지수":null,
            "검색코드":142645,
            "세대수":468,
            "준공년월":"2016-02-24",
            "준공년차":7,
            "가까운역이름":"NA",
            "가까운역거리":"NA",
            "역세권여부":"NA",
            "30분이내주요거점역":"NA",
            "1시간이내주요거점역":"NA",
            "3km이내백화점수":0,
            "5km이내아울렛몰수":0,
            "1km이내대형먀트수":0,
            "500m이내은행수":0,
            "500m이내병원수":1,
            "5km이내대형병원수":0,
            "500m이내공원수":2,
            "3km이내혐오시설수":0,
            "초등학교학업성취도":83.61,
            "중학교학업성취도":67.1,
            "용적률":150,
            "건폐율":21,
            "Y":35.239336,
            "X":129.167999,
            "rank":41.0,
            "area_info":"27평(89.7), 29평(98.81), 29평(98.49), 29평(98.27), 33평(112.13), 33평(112.07)",
            "last_sales":"1800-01-01,nan,27평(89.7)"
        },
        {
            "index":316,
            "아파트명":"고촌센트럴",
            "투자타입":"일반",
            "전용면적(m2)":"110.24",
            "전용면적(평)":"33평",
            "법정동주소":"부산시 기장군 철마면 고촌리 684",
            "도로명주소":"부산시 기장군 고촌로 11",
            "세대수":50,
            "입주년차":80,
            "용적률점수":"--",
            "건폐율점수":"--",
            "세대당주차수":30,
            "난방방식":30,
            "공급면적":"--",
            "전용률":"--",
            "욕실수":100,
            "현관타입":100,
            "주거총점":61.0,
            "지역구공급총점":0.0,
            "역세권":"NA",
            "30분내 이동가능 거점":"NA",
            "1시간내 이동가능 거점":"NA",
            "교통총점":"NA",
            "백화점":0,
            "아울렛몰":0,
            "대형마트":0,
            "은행":0,
            "병원":0,
            "종합병원":0,
            "공원":100,
            "혐오시설":0,
            "인프라총점":3.0,
            "초등학군":83.61,
            "중학군":40.26,
            "학군총점":48.93,
            "인구수":18.13,
            "인구증감":21.66,
            "인구총점":19.189,
            "일자리":8.8,
            "소득수준":59.98,
            "일자리총점":24.154,
            "가치 총점":34.7825,
            "매매실거래년":20201205.0,
            "매매실거래가":28000.0,
            "전세실거래년":20211218.0,
            "전세실거래가":21000.0,
            "전세가율":72.54,
            "장기전세가율평균":66.17,
            "전세가율거품지수":-6.37,
            "검색코드":107337,
            "세대수":474,
            "준공년월":"2014-01-03",
            "준공년차":9,
            "가까운역이름":"NA",
            "가까운역거리":"NA",
            "역세권여부":"NA",
            "30분이내주요거점역":"NA",
            "1시간이내주요거점역":"NA",
            "3km이내백화점수":0,
            "5km이내아울렛몰수":0,
            "1km이내대형먀트수":0,
            "500m이내은행수":0,
            "500m이내병원수":1,
            "5km이내대형병원수":0,
            "500m이내공원수":2,
            "3km이내혐오시설수":0,
            "초등학교학업성취도":83.61,
            "중학교학업성취도":67.1,
            "용적률":141,
            "건폐율":16,
            "Y":35.238386,
            "X":129.171364,
            "rank":41.0,
            "area_info":"33평(110.24), 33평(110.02), 33평(110.18), 33평(110.27), 33평(110.27), 33평(110.24), 33평(110.24)",
            "last_sales":"2020-12-05,28000.0,33평(110.27)"
        },
        {
            "index":50,
            "아파트명":"부산기장포스코더샵",
            "투자타입":"일반",
            "전용면적(m2)":"112.01",
            "전용면적(평)":"33평",
            "법정동주소":"부산시 기장군 기장읍 동부리 364-2",
            "도로명주소":"부산시 기장군 차성동로116번길 12",
            "세대수":0,
            "입주년차":40,
            "용적률점수":"--",
            "건폐율점수":"--",
            "세대당주차수":30,
            "난방방식":30,
            "공급면적":"--",
            "전용률":"--",
            "욕실수":100,
            "현관타입":100,
            "주거총점":35.5,
            "지역구공급총점":0.0,
            "역세권":"NA",
            "30분내 이동가능 거점":"NA",
            "1시간내 이동가능 거점":"NA",
            "교통총점":"NA",
            "백화점":0,
            "아울렛몰":0,
            "대형마트":80,
            "은행":0,
            "병원":80,
            "종합병원":0,
            "공원":100,
            "혐오시설":0,
            "인프라총점":23.0,
            "초등학군":85.62,
            "중학군":41.98,
            "학군총점":50.708,
            "인구수":18.13,
            "인구증감":21.66,
            "인구총점":19.189,
            "일자리":8.8,
            "소득수준":59.98,
            "일자리총점":24.154,
            "가치 총점":34.302,
            "매매실거래년":20210728.0,
            "매매실거래가":31300.0,
            "전세실거래년":20211029.0,
            "전세실거래가":27500.0,
            "전세가율":87.86,
            "장기전세가율평균":66.17,
            "전세가율거품지수":-21.69,
            "검색코드":10254,
            "세대수":148,
            "준공년월":"2004-06-09",
            "준공년차":19,
            "가까운역이름":"NA",
            "가까운역거리":"NA",
            "역세권여부":"NA",
            "30분이내주요거점역":"NA",
            "1시간이내주요거점역":"NA",
            "3km이내백화점수":0,
            "5km이내아울렛몰수":0,
            "1km이내대형먀트수":1,
            "500m이내은행수":1,
            "500m이내병원수":34,
            "5km이내대형병원수":0,
            "500m이내공원수":8,
            "3km이내혐오시설수":0,
            "초등학교학업성취도":85.62,
            "중학교학업성취도":69.7,
            "용적률":349,
            "건폐율":22,
            "Y":35.247712,
            "X":129.21824,
            "rank":42.0,
            "area_info":"33평(112.01), 34평(112.64)",
            "last_sales":"2021-07-28,31300.0,33평(112.01)"
        },
        {
            "index":115,
            "아파트명":"가화일광타워",
            "투자타입":"일반",
            "전용면적(m2)":"83.38",
            "전용면적(평)":"25평",
            "법정동주소":"부산시 기장군 일광면 이천리 921-1",
            "도로명주소":"부산시 기장군 이천10길 37",
            "세대수":50,
            "입주년차":60,
            "용적률점수":"--",
            "건폐율점수":"--",
            "세대당주차수":0,
            "난방방식":30,
            "공급면적":"--",
            "전용률":"--",
            "욕실수":100,
            "현관타입":100,
            "주거총점":52.5,
            "지역구공급총점":0.0,
            "역세권":"NA",
            "30분내 이동가능 거점":"NA",
            "1시간내 이동가능 거점":"NA",
            "교통총점":"NA",
            "백화점":0,
            "아울렛몰":0,
            "대형마트":0,
            "은행":0,
            "병원":0,
            "종합병원":0,
            "공원":100,
            "혐오시설":0,
            "인프라총점":3.0,
            "초등학군":100.0,
            "중학군":41.98,
            "학군총점":53.584,
            "인구수":18.13,
            "인구증감":21.66,
            "인구총점":19.189,
            "일자리":8.8,
            "소득수준":59.98,
            "일자리총점":24.154,
            "가치 총점":32.971,
            "매매실거래년":20220104.0,
            "매매실거래가":15792.0,
            "전세실거래년":20211120.0,
            "전세실거래가":23500.0,
            "전세가율":148.81,
            "장기전세가율평균":66.17,
            "전세가율거품지수":-82.64,
            "검색코드":119765,
            "세대수":449,
            "준공년월":"2011-11-09",
            "준공년차":12,
            "가까운역이름":"NA",
            "가까운역거리":"NA",
            "역세권여부":"NA",
            "30분이내주요거점역":"NA",
            "1시간이내주요거점역":"NA",
            "3km이내백화점수":0,
            "5km이내아울렛몰수":0,
            "1km이내대형먀트수":0,
            "500m이내은행수":0,
            "500m이내병원수":1,
            "5km이내대형병원수":0,
            "500m이내공원수":2,
            "3km이내혐오시설수":0,
            "초등학교학업성취도":100.0,
            "중학교학업성취도":69.7,
            "용적률":259,
            "건폐율":14,
            "Y":35.269224,
            "X":129.235716,
            "rank":43.0,
            "area_info":"25평(83.38), 25평(84.59)",
            "last_sales":"2022-01-04,15792.0,25평(83.38)"
        },
        {
            "index":93,
            "아파트명":"이진캐스빌블루2차",
            "투자타입":"일반",
            "전용면적(m2)":"92.02",
            "전용면적(평)":"27평",
            "법정동주소":"부산시 기장군 기장읍 교리 367-1",
            "도로명주소":"부산시 기장군 차성로 452",
            "세대수":0,
            "입주년차":60,
            "용적률점수":"--",
            "건폐율점수":"--",
            "세대당주차수":30,
            "난방방식":30,
            "공급면적":"--",
            "전용률":"--",
            "욕실수":100,
            "현관타입":100,
            "주거총점":39.5,
            "지역구공급총점":0.0,
            "역세권":"NA",
            "30분내 이동가능 거점":"NA",
            "1시간내 이동가능 거점":"NA",
            "교통총점":"NA",
            "백화점":0,
            "아울렛몰":0,
            "대형마트":80,
            "은행":0,
            "병원":10,
            "종합병원":0,
            "공원":100,
            "혐오시설":0,
            "인프라총점":16.0,
            "초등학군":84.5,
            "중학군":41.98,
            "학군총점":50.484,
            "인구수":18.13,
            "인구증감":21.66,
            "인구총점":19.189,
            "일자리":8.8,
            "소득수준":59.98,
            "일자리총점":24.154,
            "가치 총점":32.846,
            "매매실거래년":20211220.0,
            "매매실거래가":43000.0,
            "전세실거래년":20211229.0,
            "전세실거래가":24000.0,
            "전세가율":62.5,
            "장기전세가율평균":66.17,
            "전세가율거품지수":3.67,
            "검색코드":103100,
            "세대수":194,
            "준공년월":"2011-09-05",
            "준공년차":12,
            "가까운역이름":"NA",
            "가까운역거리":"NA",
            "역세권여부":"NA",
            "30분이내주요거점역":"NA",
            "1시간이내주요거점역":"NA",
            "3km이내백화점수":0,
            "5km이내아울렛몰수":0,
            "1km이내대형먀트수":1,
            "500m이내은행수":0,
            "500m이내병원수":2,
            "5km이내대형병원수":0,
            "500m이내공원수":4,
            "3km이내혐오시설수":0,
            "초등학교학업성취도":84.5,
            "중학교학업성취도":69.7,
            "용적률":224,
            "건폐율":16,
            "Y":35.255174,
            "X":129.219274,
            "rank":44.0,
            "area_info":"27평(92.02), 33평(110.7), 47평(158.19)",
            "last_sales":"2021-12-20,43000.0,33평(110.7)"
        },
        {
            "index":16,
            "아파트명":"기장유림노르웨이숲",
            "투자타입":"일반",
            "전용면적(m2)":"73.76",
            "전용면적(평)":"22평",
            "법정동주소":"부산시 기장군 기장읍 교리 371",
            "도로명주소":"부산시 기장군 차성로436번길 46",
            "세대수":0,
            "입주년차":100,
            "용적률점수":"--",
            "건폐율점수":"--",
            "세대당주차수":0,
            "난방방식":30,
            "공급면적":"--",
            "전용률":"--",
            "욕실수":50,
            "현관타입":100,
            "주거총점":38.0,
            "지역구공급총점":0.0,
            "역세권":"NA",
            "30분내 이동가능 거점":"NA",
            "1시간내 이동가능 거점":"NA",
            "교통총점":"NA",
            "백화점":0,
            "아울렛몰":0,
            "대형마트":80,
            "은행":0,
            "병원":10,
            "종합병원":0,
            "공원":100,
            "혐오시설":0,
            "인프라총점":16.0,
            "초등학군":84.5,
            "중학군":41.98,
            "학군총점":50.484,
            "인구수":18.13,
            "인구증감":21.66,
            "인구총점":19.189,
            "일자리":8.8,
            "소득수준":59.98,
            "일자리총점":24.154,
            "가치 총점":32.321,
            "매매실거래년":20211218.0,
            "매매실거래가":22384.0,
            "전세실거래년":20220104.0,
            "전세실거래가":20000.0,
            "전세가율":89.35,
            "장기전세가율평균":66.17,
            "전세가율거품지수":-23.18,
            "검색코드":128429,
            "세대수":165,
            "준공년월":"2021-10-07",
            "준공년차":2,
            "가까운역이름":"NA",
            "가까운역거리":"NA",
            "역세권여부":"NA",
            "30분이내주요거점역":"NA",
            "1시간이내주요거점역":"NA",
            "3km이내백화점수":0,
            "5km이내아울렛몰수":0,
            "1km이내대형먀트수":1,
            "500m이내은행수":0,
            "500m이내병원수":2,
            "5km이내대형병원수":0,
            "500m이내공원수":5,
            "3km이내혐오시설수":0,
            "초등학교학업성취도":84.5,
            "중학교학업성취도":69.7,
            "용적률":296,
            "건폐율":47,
            "Y":35.252574,
            "X":129.219301,
            "rank":45.0,
            "area_info":"22평(73.76), 22평(73.76), 28평(93.59), 28평(94.97), 28평(94.11), 28평(95.4), 29평(96.44), 29평(96.44)",
            "last_sales":"2021-12-18,22384.0,22평(73.76)"
        },
        {
            "index":3,
            "아파트명":"경보그랜드비치",
            "투자타입":"일반",
            "전용면적(m2)":"80.83",
            "전용면적(평)":"24평",
            "법정동주소":"부산시 기장군 기장읍 대변리 647",
            "도로명주소":"부산시 기장군 무양2길 17-7",
            "세대수":0,
            "입주년차":80,
            "용적률점수":"--",
            "건폐율점수":"--",
            "세대당주차수":30,
            "난방방식":30,
            "공급면적":"--",
            "전용률":"--",
            "욕실수":100,
            "현관타입":100,
            "주거총점":43.5,
            "지역구공급총점":0.0,
            "역세권":"NA",
            "30분내 이동가능 거점":"NA",
            "1시간내 이동가능 거점":"NA",
            "교통총점":"NA",
            "백화점":0,
            "아울렛몰":100,
            "대형마트":0,
            "은행":0,
            "병원":0,
            "종합병원":0,
            "공원":0,
            "혐오시설":0,
            "인프라총점":10.0,
            "초등학군":75.04,
            "중학군":45.04,
            "학군총점":51.04,
            "인구수":18.13,
            "인구증감":21.66,
            "인구총점":19.189,
            "일자리":8.8,
            "소득수준":59.98,
            "일자리총점":24.154,
            "가치 총점":31.985,
            "매매실거래년":20211012.0,
            "매매실거래가":21000.0,
            "전세실거래년":20180726.0,
            "전세실거래가":14000.0,
            "전세가율":66.67,
            "장기전세가율평균":66.17,
            "전세가율거품지수":-0.5,
            "검색코드":113882,
            "세대수":117,
            "준공년월":"2018-01-25",
            "준공년차":5,
            "가까운역이름":"NA",
            "가까운역거리":"NA",
            "역세권여부":"NA",
            "30분이내주요거점역":"NA",
            "1시간이내주요거점역":"NA",
            "3km이내백화점수":0,
            "5km이내아울렛몰수":2,
            "1km이내대형먀트수":0,
            "500m이내은행수":0,
            "500m이내병원수":0,
            "5km이내대형병원수":0,
            "500m이내공원수":0,
            "3km이내혐오시설수":0,
            "초등학교학업성취도":75.04,
            "중학교학업성취도":74.2,
            "용적률":239,
            "건폐율":23,
            "Y":35.225516,
            "X":129.226806,
            "rank":46.0,
            "area_info":"24평(80.83), 24평(82.0), 29평(96.46), 34평(114.58)",
            "last_sales":"2021-10-12,21000.0,24평(80.83)"
        },
        {
            "index":75,
            "아파트명":"이진스카이빌",
            "투자타입":"일반",
            "전용면적(m2)":"79.62",
            "전용면적(평)":"24평",
            "법정동주소":"부산시 기장군 기장읍 동부리 333",
            "도로명주소":"부산시 기장군 차성서로 158-12",
            "세대수":0,
            "입주년차":40,
            "용적률점수":"--",
            "건폐율점수":"--",
            "세대당주차수":0,
            "난방방식":100,
            "공급면적":"--",
            "전용률":"--",
            "욕실수":100,
            "현관타입":100,
            "주거총점":38.0,
            "지역구공급총점":0.0,
            "역세권":"NA",
            "30분내 이동가능 거점":"NA",
            "1시간내 이동가능 거점":"NA",
            "교통총점":"NA",
            "백화점":0,
            "아울렛몰":0,
            "대형마트":0,
            "은행":20,
            "병원":60,
            "종합병원":0,
            "공원":100,
            "혐오시설":0,
            "인프라총점":11.0,
            "초등학군":85.62,
            "중학군":41.98,
            "학군총점":50.708,
            "인구수":18.13,
            "인구증감":21.66,
            "인구총점":19.189,
            "일자리":8.8,
            "소득수준":59.98,
            "일자리총점":24.154,
            "가치 총점":30.377,
            "매매실거래년":20210906.0,
            "매매실거래가":20500.0,
            "전세실거래년":20211128.0,
            "전세실거래가":13000.0,
            "전세가율":63.41,
            "장기전세가율평균":66.17,
            "전세가율거품지수":2.76,
            "검색코드":10215,
            "세대수":228,
            "준공년월":"2004-01-08",
            "준공년차":19,
            "가까운역이름":"NA",
            "가까운역거리":"NA",
            "역세권여부":"NA",
            "30분이내주요거점역":"NA",
            "1시간이내주요거점역":"NA",
            "3km이내백화점수":0,
            "5km이내아울렛몰수":0,
            "1km이내대형먀트수":0,
            "500m이내은행수":2,
            "500m이내병원수":22,
            "5km이내대형병원수":0,
            "500m이내공원수":6,
            "3km이내혐오시설수":0,
            "초등학교학업성취도":85.62,
            "중학교학업성취도":69.7,
            "용적률":271,
            "건폐율":23,
            "Y":35.247336,
            "X":129.21174,
            "rank":47.0,
            "area_info":"24평(79.62), 33평(111.63)",
            "last_sales":"2021-09-06,20500.0,24평(79.62)"
        },
        {
            "index":101,
            "아파트명":"주공(서부LH)",
            "투자타입":"일반",
            "전용면적(m2)":"67.29",
            "전용면적(평)":"20평",
            "법정동주소":"부산시 기장군 기장읍 서부리 101",
            "도로명주소":"부산시 기장군 차성서로 123",
            "세대수":80,
            "입주년차":20,
            "용적률점수":"--",
            "건폐율점수":"--",
            "세대당주차수":0,
            "난방방식":30,
            "공급면적":"--",
            "전용률":"--",
            "욕실수":50,
            "현관타입":10,
            "주거총점":41.0,
            "지역구공급총점":0.0,
            "역세권":"NA",
            "30분내 이동가능 거점":"NA",
            "1시간내 이동가능 거점":"NA",
            "교통총점":"NA",
            "백화점":0,
            "아울렛몰":0,
            "대형마트":0,
            "은행":20,
            "병원":30,
            "종합병원":0,
            "공원":100,
            "혐오시설":0,
            "인프라총점":8.0,
            "초등학군":85.62,
            "중학군":41.98,
            "학군총점":50.708,
            "인구수":18.13,
            "인구증감":21.66,
            "인구총점":19.189,
            "일자리":8.8,
            "소득수준":59.98,
            "일자리총점":24.154,
            "가치 총점":30.227,
            "매매실거래년":20211207.0,
            "매매실거래가":23700.0,
            "전세실거래년":20210602.0,
            "전세실거래가":12000.0,
            "전세가율":73.62,
            "장기전세가율평균":66.17,
            "전세가율거품지수":-7.45,
            "검색코드":10830,
            "세대수":702,
            "준공년월":"2001-05-30",
            "준공년차":22,
            "가까운역이름":"NA",
            "가까운역거리":"NA",
            "역세권여부":"NA",
            "30분이내주요거점역":"NA",
            "1시간이내주요거점역":"NA",
            "3km이내백화점수":0,
            "5km이내아울렛몰수":0,
            "1km이내대형먀트수":0,
            "500m이내은행수":2,
            "500m이내병원수":6,
            "5km이내대형병원수":0,
            "500m이내공원수":4,
            "3km이내혐오시설수":0,
            "초등학교학업성취도":85.62,
            "중학교학업성취도":69.7,
            "용적률":179,
            "건폐율":20,
            "Y":35.244483,
            "X":129.209456,
            "rank":48.0,
            "area_info":"20평(67.29), 26평(87.14), 26평(87.27)",
            "last_sales":"2021-12-07,23700.0,26평(87.27)"
        },
        {
            "index":171,
            "아파트명":"대우정밀사원",
            "투자타입":"일반",
            "전용면적(m2)":"59.59",
            "전용면적(평)":"18평",
            "법정동주소":"부산시 기장군 정관읍 달산리 141-3",
            "도로명주소":"부산시 기장군 정관로 750-8",
            "세대수":0,
            "입주년차":0,
            "용적률점수":"--",
            "건폐율점수":"--",
            "세대당주차수":0,
            "난방방식":30,
            "공급면적":"--",
            "전용률":"--",
            "욕실수":50,
            "현관타입":100,
            "주거총점":18.0,
            "지역구공급총점":0.0,
            "역세권":"NA",
            "30분내 이동가능 거점":"NA",
            "1시간내 이동가능 거점":"NA",
            "교통총점":"NA",
            "백화점":0,
            "아울렛몰":80,
            "대형마트":0,
            "은행":0,
            "병원":0,
            "종합병원":80,
            "공원":0,
            "혐오시설":0,
            "인프라총점":24.0,
            "초등학군":85.88,
            "중학군":49.52,
            "학군총점":56.792,
            "인구수":18.13,
            "인구증감":21.66,
            "인구총점":19.189,
            "일자리":8.8,
            "소득수준":59.98,
            "일자리총점":24.154,
            "가치 총점":30.098,
            "매매실거래년":20211012.0,
            "매매실거래가":11200.0,
            "전세실거래년":20210830.0,
            "전세실거래가":9000.0,
            "전세가율":80.36,
            "장기전세가율평균":66.17,
            "전세가율거품지수":-14.19,
            "검색코드":112606,
            "세대수":100,
            "준공년월":"1994-05-21",
            "준공년차":29,
            "가까운역이름":"NA",
            "가까운역거리":"NA",
            "역세권여부":"NA",
            "30분이내주요거점역":"NA",
            "1시간이내주요거점역":"NA",
            "3km이내백화점수":0,
            "5km이내아울렛몰수":1,
            "1km이내대형먀트수":0,
            "500m이내은행수":0,
            "500m이내병원수":1,
            "5km이내대형병원수":1,
            "500m이내공원수":0,
            "3km이내혐오시설수":0,
            "초등학교학업성취도":85.88,
            "중학교학업성취도":82.2,
            "용적률":0,
            "건폐율":0,
            "Y":35.321873,
            "X":129.195046,
            "rank":49.0,
            "area_info":"18평(59.59)",
            "last_sales":"2021-10-12,11200.0,18평(59.59)"
        },
        {
            "index":104,
            "아파트명":"태영",
            "투자타입":"일반",
            "전용면적(m2)":"78.55",
            "전용면적(평)":"23평",
            "법정동주소":"부산시 기장군 기장읍 교리 14-5",
            "도로명주소":"부산시 기장군 차성로441번길 7",
            "세대수":50,
            "입주년차":0,
            "용적률점수":"--",
            "건폐율점수":"--",
            "세대당주차수":0,
            "난방방식":30,
            "공급면적":"--",
            "전용률":"--",
            "욕실수":50,
            "현관타입":50,
            "주거총점":30.5,
            "지역구공급총점":0.0,
            "역세권":"NA",
            "30분내 이동가능 거점":"NA",
            "1시간내 이동가능 거점":"NA",
            "교통총점":"NA",
            "백화점":0,
            "아울렛몰":0,
            "대형마트":80,
            "은행":0,
            "병원":0,
            "종합병원":0,
            "공원":100,
            "혐오시설":0,
            "인프라총점":15.0,
            "초등학군":84.5,
            "중학군":41.98,
            "학군총점":50.484,
            "인구수":18.13,
            "인구증감":21.66,
            "인구총점":19.189,
            "일자리":8.8,
            "소득수준":59.98,
            "일자리총점":24.154,
            "가치 총점":29.296,
            "매매실거래년":20211218.0,
            "매매실거래가":23500.0,
            "전세실거래년":null,
            "전세실거래가":null,
            "전세가율":null,
            "장기전세가율평균":66.17,
            "전세가율거품지수":null,
            "검색코드":4758,
            "세대수":454,
            "준공년월":"1995-11-30",
            "준공년차":28,
            "가까운역이름":"NA",
            "가까운역거리":"NA",
            "역세권여부":"NA",
            "30분이내주요거점역":"NA",
            "1시간이내주요거점역":"NA",
            "3km이내백화점수":0,
            "5km이내아울렛몰수":0,
            "1km이내대형먀트수":1,
            "500m이내은행수":0,
            "500m이내병원수":1,
            "5km이내대형병원수":0,
            "500m이내공원수":4,
            "3km이내혐오시설수":0,
            "초등학교학업성취도":84.5,
            "중학교학업성취도":69.7,
            "용적률":270,
            "건폐율":23,
            "Y":35.255819,
            "X":129.217888,
            "rank":50.0,
            "area_info":"23평(78.55), 23평(78.55), 32평(105.81)",
            "last_sales":"2021-12-18,23500.0,32평(105.81)"
        },
        {
            "index":12,
            "아파트명":"기장우신네오빌",
            "투자타입":"일반",
            "전용면적(m2)":"65.44",
            "전용면적(평)":"19평",
            "법정동주소":"부산시 기장군 기장읍 청강리 144",
            "도로명주소":"부산시 기장군 청강로 76",
            "세대수":50,
            "입주년차":20,
            "용적률점수":"--",
            "건폐율점수":"--",
            "세대당주차수":0,
            "난방방식":30,
            "공급면적":"--",
            "전용률":"--",
            "욕실수":100,
            "현관타입":100,
            "주거총점":44.5,
            "지역구공급총점":0.0,
            "역세권":"NA",
            "30분내 이동가능 거점":"NA",
            "1시간내 이동가능 거점":"NA",
            "교통총점":"NA",
            "백화점":0,
            "아울렛몰":0,
            "대형마트":0,
            "은행":0,
            "병원":0,
            "종합병원":0,
            "공원":100,
            "혐오시설":0,
            "인프라총점":3.0,
            "초등학군":82.42,
            "중학군":41.98,
            "학군총점":50.068,
            "인구수":18.13,
            "인구증감":21.66,
            "인구총점":19.189,
            "일자리":8.8,
            "소득수준":59.98,
            "일자리총점":24.154,
            "가치 총점":29.292,
            "매매실거래년":20210717.0,
            "매매실거래가":38900.0,
            "전세실거래년":null,
            "전세실거래가":null,
            "전세가율":null,
            "장기전세가율평균":66.17,
            "전세가율거품지수":null,
            "검색코드":10852,
            "세대수":526,
            "준공년월":"2003-05-19",
            "준공년차":20,
            "가까운역이름":"NA",
            "가까운역거리":"NA",
            "역세권여부":"NA",
            "30분이내주요거점역":"NA",
            "1시간이내주요거점역":"NA",
            "3km이내백화점수":0,
            "5km이내아울렛몰수":0,
            "1km이내대형먀트수":0,
            "500m이내은행수":0,
            "500m이내병원수":0,
            "5km이내대형병원수":0,
            "500m이내공원수":3,
            "3km이내혐오시설수":0,
            "초등학교학업성취도":82.42,
            "중학교학업성취도":69.7,
            "용적률":297,
            "건폐율":20,
            "Y":35.2385,
            "X":129.222716,
            "rank":51.0,
            "area_info":"19평(65.44), 23평(79.3), 32평(105.86), 47평(157.5)",
            "last_sales":"2021-07-17,38900.0,47평(157.5)"
        },
        {
            "index":68,
            "아파트명":"씨엘늘채움",
            "투자타입":"일반",
            "전용면적(m2)":"101.66",
            "전용면적(평)":"30평",
            "법정동주소":"부산시 기장군 기장읍 대라리 925",
            "도로명주소":"부산시 기장군 차성남로 8-18",
            "세대수":0,
            "입주년차":40,
            "용적률점수":"--",
            "건폐율점수":"--",
            "세대당주차수":30,
            "난방방식":100,
            "공급면적":"--",
            "전용률":"--",
            "욕실수":100,
            "현관타입":100,
            "주거총점":42.5,
            "지역구공급총점":0.0,
            "역세권":"NA",
            "30분내 이동가능 거점":"NA",
            "1시간내 이동가능 거점":"NA",
            "교통총점":"NA",
            "백화점":0,
            "아울렛몰":0,
            "대형마트":0,
            "은행":0,
            "병원":0,
            "종합병원":0,
            "공원":100,
            "혐오시설":0,
            "인프라총점":3.0,
            "초등학군":82.42,
            "중학군":45.04,
            "학군총점":52.516,
            "인구수":18.13,
            "인구증감":21.66,
            "인구총점":19.189,
            "일자리":8.8,
            "소득수준":59.98,
            "일자리총점":24.154,
            "가치 총점":29.204,
            "매매실거래년":20211014.0,
            "매매실거래가":21000.0,
            "전세실거래년":20211125.0,
            "전세실거래가":17500.0,
            "전세가율":83.33,
            "장기전세가율평균":66.17,
            "전세가율거품지수":-17.16,
            "검색코드":26156,
            "세대수":158,
            "준공년월":"2007-03-15",
            "준공년차":16,
            "가까운역이름":"NA",
            "가까운역거리":"NA",
            "역세권여부":"NA",
            "30분이내주요거점역":"NA",
            "1시간이내주요거점역":"NA",
            "3km이내백화점수":0,
            "5km이내아울렛몰수":0,
            "1km이내대형먀트수":0,
            "500m이내은행수":1,
            "500m이내병원수":0,
            "5km이내대형병원수":0,
            "500m이내공원수":5,
            "3km이내혐오시설수":0,
            "초등학교학업성취도":82.42,
            "중학교학업성취도":74.2,
            "용적률":231,
            "건폐율":29,
            "Y":35.240905,
            "X":129.208513,
            "rank":52.0,
            "area_info":"30평(101.66), 33평(110.15), 34평(112.95), 52평(174.8)",
            "last_sales":"2021-10-14,21000.0,30평(101.66)"
        },
        {
            "index":52,
            "아파트명":"부전타워",
            "투자타입":"재건축",
            "전용면적(m2)":"76.53",
            "전용면적(평)":"23평",
            "법정동주소":"부산시 기장군 기장읍 교리 360-1",
            "도로명주소":"부산시 기장군 차성동로172번길 15",
            "세대수":30,
            "입주년차":"--",
            "용적률점수":0,
            "건폐율점수":60,
            "세대당주차수":"--",
            "난방방식":"--",
            "공급면적":50,
            "전용률":60,
            "욕실수":"--",
            "현관타입":"--",
            "주거총점":26.5,
            "지역구공급총점":0.0,
            "역세권":"NA",
            "30분내 이동가능 거점":"NA",
            "1시간내 이동가능 거점":"NA",
            "교통총점":"NA",
            "백화점":0,
            "아울렛몰":0,
            "대형마트":80,
            "은행":0,
            "병원":10,
            "종합병원":0,
            "공원":100,
            "혐오시설":0,
            "인프라총점":16.0,
            "초등학군":84.5,
            "중학군":41.98,
            "학군총점":50.484,
            "인구수":18.13,
            "인구증감":21.66,
            "인구총점":19.189,
            "일자리":8.8,
            "소득수준":59.98,
            "일자리총점":24.154,
            "가치 총점":28.296,
            "매매실거래년":20211020.0,
            "매매실거래가":18900.0,
            "전세실거래년":20180921.0,
            "전세실거래가":7500.0,
            "전세가율":55.97,
            "장기전세가율평균":66.17,
            "전세가율거품지수":10.2,
            "검색코드":4750,
            "세대수":365,
            "준공년월":"1992-02-15",
            "준공년차":31,
            "가까운역이름":"NA",
            "가까운역거리":"NA",
            "역세권여부":"NA",
            "30분이내주요거점역":"NA",
            "1시간이내주요거점역":"NA",
            "3km이내백화점수":0,
            "5km이내아울렛몰수":0,
            "1km이내대형먀트수":1,
            "500m이내은행수":0,
            "500m이내병원수":2,
            "5km이내대형병원수":0,
            "500m이내공원수":5,
            "3km이내혐오시설수":0,
            "초등학교학업성취도":84.5,
            "중학교학업성취도":69.7,
            "용적률":356,
            "건폐율":31,
            "Y":35.253658,
            "X":129.219427,
            "rank":53.0,
            "area_info":"23평(76.53), 23평(77.68), 24평(80.27), 24평(80.52), 28평(94.1), 28평(95.44), 30평(100.93), 30평(100.88), 30평(100.28), 33평(110.28)",
            "last_sales":"2021-10-20,18900.0,33평(110.28)"
        },
        {
            "index":77,
            "아파트명":"이진캐스빌",
            "투자타입":"일반",
            "전용면적(m2)":"67.89",
            "전용면적(평)":"20평",
            "법정동주소":"부산시 기장군 기장읍 대라리 240",
            "도로명주소":"부산시 기장군 차성서로 51",
            "세대수":50,
            "입주년차":20,
            "용적률점수":"--",
            "건폐율점수":"--",
            "세대당주차수":0,
            "난방방식":30,
            "공급면적":"--",
            "전용률":"--",
            "욕실수":50,
            "현관타입":100,
            "주거총점":39.5,
            "지역구공급총점":0.0,
            "역세권":"NA",
            "30분내 이동가능 거점":"NA",
            "1시간내 이동가능 거점":"NA",
            "교통총점":"NA",
            "백화점":0,
            "아울렛몰":0,
            "대형마트":0,
            "은행":0,
            "병원":0,
            "종합병원":0,
            "공원":100,
            "혐오시설":0,
            "인프라총점":3.0,
            "초등학군":82.42,
            "중학군":45.04,
            "학군총점":52.516,
            "인구수":18.13,
            "인구증감":21.66,
            "인구총점":19.189,
            "일자리":8.8,
            "소득수준":59.98,
            "일자리총점":24.154,
            "가치 총점":28.154,
            "매매실거래년":20220108.0,
            "매매실거래가":20200.0,
            "전세실거래년":20200519.0,
            "전세실거래가":10000.0,
            "전세가율":64.52,
            "장기전세가율평균":66.17,
            "전세가율거품지수":1.65,
            "검색코드":11925,
            "세대수":458,
            "준공년월":"2003-04-10",
            "준공년차":20,
            "가까운역이름":"NA",
            "가까운역거리":"NA",
            "역세권여부":"NA",
            "30분이내주요거점역":"NA",
            "1시간이내주요거점역":"NA",
            "3km이내백화점수":0,
            "5km이내아울렛몰수":0,
            "1km이내대형먀트수":0,
            "500m이내은행수":0,
            "500m이내병원수":0,
            "5km이내대형병원수":0,
            "500m이내공원수":5,
            "3km이내혐오시설수":0,
            "초등학교학업성취도":82.42,
            "중학교학업성취도":74.2,
            "용적률":276,
            "건폐율":19,
            "Y":35.238039,
            "X":129.20946,
            "rank":54.0,
            "area_info":"20평(67.89), 23평(78.66), 30평(99.79)",
            "last_sales":"2022-01-08,20200.0,23평(78.66)"
        },
        {
            "index":62,
            "아파트명":"성신맨션",
            "투자타입":"재건축",
            "전용면적(m2)":"93.8",
            "전용면적(평)":"28평",
            "법정동주소":"부산시 기장군 기장읍 교리 251-3",
            "도로명주소":"부산시 기장군 차성로 442",
            "세대수":0,
            "입주년차":"--",
            "용적률점수":0,
            "건폐율점수":80,
            "세대당주차수":"--",
            "난방방식":"--",
            "공급면적":70,
            "전용률":100,
            "욕실수":"--",
            "현관타입":"--",
            "주거총점":24.5,
            "지역구공급총점":0.0,
            "역세권":"NA",
            "30분내 이동가능 거점":"NA",
            "1시간내 이동가능 거점":"NA",
            "교통총점":"NA",
            "백화점":0,
            "아울렛몰":0,
            "대형마트":80,
            "은행":0,
            "병원":10,
            "종합병원":0,
            "공원":100,
            "혐오시설":0,
            "인프라총점":16.0,
            "초등학군":84.5,
            "중학군":41.98,
            "학군총점":50.484,
            "인구수":18.13,
            "인구증감":21.66,
            "인구총점":19.189,
            "일자리":8.8,
            "소득수준":59.98,
            "일자리총점":24.154,
            "가치 총점":27.596,
            "매매실거래년":20211030.0,
            "매매실거래가":14300.0,
            "전세실거래년":20211120.0,
            "전세실거래가":16000.0,
            "전세가율":111.89,
            "장기전세가율평균":66.17,
            "전세가율거품지수":-45.72,
            "검색코드":4753,
            "세대수":108,
            "준공년월":"1992-12-31",
            "준공년차":31,
            "가까운역이름":"NA",
            "가까운역거리":"NA",
            "역세권여부":"NA",
            "30분이내주요거점역":"NA",
            "1시간이내주요거점역":"NA",
            "3km이내백화점수":0,
            "5km이내아울렛몰수":0,
            "1km이내대형먀트수":1,
            "500m이내은행수":0,
            "500m이내병원수":2,
            "5km이내대형병원수":0,
            "500m이내공원수":5,
            "3km이내혐오시설수":0,
            "초등학교학업성취도":84.5,
            "중학교학업성취도":69.7,
            "용적률":354,
            "건폐율":29,
            "Y":35.254861,
            "X":129.21816,
            "rank":55.0,
            "area_info":"28평(93.8), 35평(116.4), 44평(145.8)",
            "last_sales":"2021-10-30,14300.0,28평(93.8)"
        },
        {
            "index":65,
            "아파트명":"씨앤스타빌(도시형)",
            "투자타입":"일반",
            "전용면적(m2)":"32.92",
            "전용면적(평)":"9평",
            "법정동주소":"부산시 기장군 기장읍 청강리 258",
            "도로명주소":"부산시 기장군 기장대로 470",
            "세대수":0,
            "입주년차":80,
            "용적률점수":"--",
            "건폐율점수":"--",
            "세대당주차수":0,
            "난방방식":30,
            "공급면적":"--",
            "전용률":"--",
            "욕실수":50,
            "현관타입":10,
            "주거총점":25.0,
            "지역구공급총점":0.0,
            "역세권":"NA",
            "30분내 이동가능 거점":"NA",
            "1시간내 이동가능 거점":"NA",
            "교통총점":"NA",
            "백화점":0,
            "아울렛몰":100,
            "대형마트":0,
            "은행":0,
            "병원":0,
            "종합병원":0,
            "공원":100,
            "혐오시설":0,
            "인프라총점":13.0,
            "초등학군":82.42,
            "중학군":45.04,
            "학군총점":52.516,
            "인구수":18.13,
            "인구증감":21.66,
            "인구총점":19.189,
            "일자리":8.8,
            "소득수준":59.98,
            "일자리총점":24.154,
            "가치 총점":27.079,
            "매매실거래년":20211130.0,
            "매매실거래가":13000.0,
            "전세실거래년":20210511.0,
            "전세실거래가":4500.0,
            "전세가율":64.29,
            "장기전세가율평균":66.17,
            "전세가율거품지수":1.88,
            "검색코드":110168,
            "세대수":182,
            "준공년월":"2014-12-23",
            "준공년차":9,
            "가까운역이름":"NA",
            "가까운역거리":"NA",
            "역세권여부":"NA",
            "30분이내주요거점역":"NA",
            "1시간이내주요거점역":"NA",
            "3km이내백화점수":0,
            "5km이내아울렛몰수":2,
            "1km이내대형먀트수":0,
            "500m이내은행수":0,
            "500m이내병원수":1,
            "5km이내대형병원수":0,
            "500m이내공원수":4,
            "3km이내혐오시설수":0,
            "초등학교학업성취도":82.42,
            "중학교학업성취도":74.2,
            "용적률":716,
            "건폐율":73,
            "Y":35.237168,
            "X":129.219027,
            "rank":56.0,
            "area_info":"9평(32.92), 19평(63.32), 20평(66.91)",
            "last_sales":"2021-11-30,13000.0,20평(66.91)"
        },
        {
            "index":80,
            "아파트명":"이진캐스빌골드",
            "투자타입":"일반",
            "전용면적(m2)":"110.66",
            "전용면적(평)":"33평",
            "법정동주소":"부산시 기장군 기장읍 대라리 251",
            "도로명주소":"부산시 기장군 대청로 7",
            "세대수":0,
            "입주년차":40,
            "용적률점수":"--",
            "건폐율점수":"--",
            "세대당주차수":30,
            "난방방식":30,
            "공급면적":"--",
            "전용률":"--",
            "욕실수":100,
            "현관타입":100,
            "주거총점":35.5,
            "지역구공급총점":0.0,
            "역세권":"NA",
            "30분내 이동가능 거점":"NA",
            "1시간내 이동가능 거점":"NA",
            "교통총점":"NA",
            "백화점":0,
            "아울렛몰":0,
            "대형마트":0,
            "은행":0,
            "병원":0,
            "종합병원":0,
            "공원":100,
            "혐오시설":0,
            "인프라총점":3.0,
            "초등학군":82.42,
            "중학군":45.04,
            "학군총점":52.516,
            "인구수":18.13,
            "인구증감":21.66,
            "인구총점":19.189,
            "일자리":8.8,
            "소득수준":59.98,
            "일자리총점":24.154,
            "가치 총점":26.754,
            "매매실거래년":20220107.0,
            "매매실거래가":30000.0,
            "전세실거래년":20211023.0,
            "전세실거래가":28000.0,
            "전세가율":93.33,
            "장기전세가율평균":66.17,
            "전세가율거품지수":-27.16,
            "검색코드":17397,
            "세대수":239,
            "준공년월":"2004-11-08",
            "준공년차":19,
            "가까운역이름":"NA",
            "가까운역거리":"NA",
            "역세권여부":"NA",
            "30분이내주요거점역":"NA",
            "1시간이내주요거점역":"NA",
            "3km이내백화점수":0,
            "5km이내아울렛몰수":0,
            "1km이내대형먀트수":0,
            "500m이내은행수":1,
            "500m이내병원수":0,
            "5km이내대형병원수":0,
            "500m이내공원수":6,
            "3km이내혐오시설수":0,
            "초등학교학업성취도":82.42,
            "중학교학업성취도":74.2,
            "용적률":271,
            "건폐율":17,
            "Y":35.23843,
            "X":129.210894,
            "rank":57.0,
            "area_info":"33평(110.66), 43평(143.96)",
            "last_sales":"2022-01-07,30000.0,33평(110.66)"
        },
        {
            "index":117,
            "아파트명":"동부산쏠마레(도시형)",
            "투자타입":"일반",
            "전용면적(m2)":"68.87",
            "전용면적(평)":"20평",
            "법정동주소":"부산시 기장군 일광면 472",
            "도로명주소":"부산시 기장군 이천11길 23",
            "세대수":0,
            "입주년차":80,
            "용적률점수":"--",
            "건폐율점수":"--",
            "세대당주차수":0,
            "난방방식":30,
            "공급면적":"--",
            "전용률":"--",
            "욕실수":50,
            "현관타입":100,
            "주거총점":34.0,
            "지역구공급총점":0.0,
            "역세권":"NA",
            "30분내 이동가능 거점":"NA",
            "1시간내 이동가능 거점":"NA",
            "교통총점":"NA",
            "백화점":0,
            "아울렛몰":0,
            "대형마트":0,
            "은행":0,
            "병원":0,
            "종합병원":0,
            "공원":100,
            "혐오시설":0,
            "인프라총점":3.0,
            "초등학군":100.0,
            "중학군":41.98,
            "학군총점":53.584,
            "인구수":18.13,
            "인구증감":21.66,
            "인구총점":19.189,
            "일자리":8.8,
            "소득수준":59.98,
            "일자리총점":24.154,
            "가치 총점":26.496,
            "매매실거래년":20211118.0,
            "매매실거래가":19900.0,
            "전세실거래년":20201120.0,
            "전세실거래가":12000.0,
            "전세가율":60.3,
            "장기전세가율평균":66.17,
            "전세가율거품지수":5.87,
            "검색코드":108573,
            "세대수":144,
            "준공년월":"2014-11-26",
            "준공년차":9,
            "가까운역이름":"NA",
            "가까운역거리":"NA",
            "역세권여부":"NA",
            "30분이내주요거점역":"NA",
            "1시간이내주요거점역":"NA",
            "3km이내백화점수":0,
            "5km이내아울렛몰수":0,
            "1km이내대형먀트수":0,
            "500m이내은행수":0,
            "500m이내병원수":0,
            "5km이내대형병원수":0,
            "500m이내공원수":2,
            "3km이내혐오시설수":0,
            "초등학교학업성취도":100.0,
            "중학교학업성취도":69.7,
            "용적률":186,
            "건폐율":20,
            "Y":35.269177,
            "X":129.237476,
            "rank":58.0,
            "area_info":"20평(68.87), 20평(69.03), 20평(69.02), 21평(70.73)",
            "last_sales":"2021-11-18,19900.0,20평(68.87)"
        },
        {
            "index":0,
            "아파트명":"가화만사성(343-1)",
            "투자타입":"일반",
            "전용면적(m2)":"65.82",
            "전용면적(평)":"19평",
            "법정동주소":"부산시 기장군 기장읍 교리 343-1",
            "도로명주소":"부산시 기장군 차성동로 167-10",
            "세대수":0,
            "입주년차":40,
            "용적률점수":"--",
            "건폐율점수":"--",
            "세대당주차수":0,
            "난방방식":30,
            "공급면적":"--",
            "전용률":"--",
            "욕실수":50,
            "현관타입":50,
            "주거총점":21.0,
            "지역구공급총점":0.0,
            "역세권":"NA",
            "30분내 이동가능 거점":"NA",
            "1시간내 이동가능 거점":"NA",
            "교통총점":"NA",
            "백화점":0,
            "아울렛몰":0,
            "대형마트":80,
            "은행":0,
            "병원":10,
            "종합병원":0,
            "공원":100,
            "혐오시설":0,
            "인프라총점":16.0,
            "초등학군":84.5,
            "중학군":41.98,
            "학군총점":50.484,
            "인구수":18.13,
            "인구증감":21.66,
            "인구총점":19.189,
            "일자리":8.8,
            "소득수준":59.98,
            "일자리총점":24.154,
            "가치 총점":26.371,
            "매매실거래년":20211207.0,
            "매매실거래가":21300.0,
            "전세실거래년":null,
            "전세실거래가":null,
            "전세가율":null,
            "장기전세가율평균":66.17,
            "전세가율거품지수":null,
            "검색코드":13559,
            "세대수":147,
            "준공년월":"2004-04-16",
            "준공년차":19,
            "가까운역이름":"NA",
            "가까운역거리":"NA",
            "역세권여부":"NA",
            "30분이내주요거점역":"NA",
            "1시간이내주요거점역":"NA",
            "3km이내백화점수":0,
            "5km이내아울렛몰수":0,
            "1km이내대형먀트수":1,
            "500m이내은행수":0,
            "500m이내병원수":2,
            "5km이내대형병원수":0,
            "500m이내공원수":7,
            "3km이내혐오시설수":0,
            "초등학교학업성취도":84.5,
            "중학교학업성취도":69.7,
            "용적률":345,
            "건폐율":35,
            "Y":35.253031,
            "X":129.216363,
            "rank":59.0,
            "area_info":"19평(65.82), 21평(71.01), 24평(79.74)",
            "last_sales":"2021-12-07,21300.0,24평(79.74)"
        },
        {
            "index":44,
            "아파트명":"동산그린타워",
            "투자타입":"재건축",
            "전용면적(m2)":"65.72",
            "전용면적(평)":"19평",
            "법정동주소":"부산시 기장군 기장읍 동부리 374-11",
            "도로명주소":"부산시 기장군 차성동로122번길 30",
            "세대수":0,
            "입주년차":"--",
            "용적률점수":0,
            "건폐율점수":40,
            "세대당주차수":"--",
            "난방방식":"--",
            "공급면적":50,
            "전용률":80,
            "욕실수":"--",
            "현관타입":"--",
            "주거총점":14.5,
            "지역구공급총점":0.0,
            "역세권":"NA",
            "30분내 이동가능 거점":"NA",
            "1시간내 이동가능 거점":"NA",
            "교통총점":"NA",
            "백화점":0,
            "아울렛몰":0,
            "대형마트":80,
            "은행":0,
            "병원":60,
            "종합병원":0,
            "공원":100,
            "혐오시설":0,
            "인프라총점":21.0,
            "초등학군":85.62,
            "중학군":41.98,
            "학군총점":50.708,
            "인구수":18.13,
            "인구증감":21.66,
            "인구총점":19.189,
            "일자리":8.8,
            "소득수준":59.98,
            "일자리총점":24.154,
            "가치 총점":26.152,
            "매매실거래년":20211108.0,
            "매매실거래가":17800.0,
            "전세실거래년":20200609.0,
            "전세실거래가":7000.0,
            "전세가율":73.68,
            "장기전세가율평균":66.17,
            "전세가율거품지수":-7.51,
            "검색코드":4745,
            "세대수":102,
            "준공년월":"1992-12-31",
            "준공년차":31,
            "가까운역이름":"NA",
            "가까운역거리":"NA",
            "역세권여부":"NA",
            "30분이내주요거점역":"NA",
            "1시간이내주요거점역":"NA",
            "3km이내백화점수":0,
            "5km이내아울렛몰수":0,
            "1km이내대형먀트수":1,
            "500m이내은행수":0,
            "500m이내병원수":28,
            "5km이내대형병원수":0,
            "500m이내공원수":8,
            "3km이내혐오시설수":0,
            "초등학교학업성취도":85.62,
            "중학교학업성취도":69.7,
            "용적률":399,
            "건폐율":37,
            "Y":35.24826,
            "X":129.218501,
            "rank":60.0,
            "area_info":"19평(65.72), 20평(69.17), 28평(93.46), 28평(94.7)",
            "last_sales":"2021-11-08,17800.0,28평(94.7)"
        },
        {
            "index":96,
            "아파트명":"이진테마빌",
            "투자타입":"일반",
            "전용면적(m2)":"50.96",
            "전용면적(평)":"15평",
            "법정동주소":"부산시 기장군 기장읍 서부리 402",
            "도로명주소":"부산시 기장군 배산로8번길 51",
            "세대수":50,
            "입주년차":20,
            "용적률점수":"--",
            "건폐율점수":"--",
            "세대당주차수":0,
            "난방방식":30,
            "공급면적":"--",
            "전용률":"--",
            "욕실수":50,
            "현관타입":10,
            "주거총점":30.5,
            "지역구공급총점":0.0,
            "역세권":"NA",
            "30분내 이동가능 거점":"NA",
            "1시간내 이동가능 거점":"NA",
            "교통총점":"NA",
            "백화점":0,
            "아울렛몰":0,
            "대형마트":0,
            "은행":0,
            "병원":0,
            "종합병원":0,
            "공원":100,
            "혐오시설":0,
            "인프라총점":3.0,
            "초등학군":84.5,
            "중학군":41.98,
            "학군총점":50.484,
            "인구수":18.13,
            "인구증감":21.66,
            "인구총점":19.189,
            "일자리":8.8,
            "소득수준":59.98,
            "일자리총점":24.154,
            "가치 총점":24.496,
            "매매실거래년":20211231.0,
            "매매실거래가":13500.0,
            "전세실거래년":20211126.0,
            "전세실거래가":8000.0,
            "전세가율":90.91,
            "장기전세가율평균":66.17,
            "전세가율거품지수":-24.74,
            "검색코드":101666,
            "세대수":476,
            "준공년월":"2000-12-30",
            "준공년차":23,
            "가까운역이름":"NA",
            "가까운역거리":"NA",
            "역세권여부":"NA",
            "30분이내주요거점역":"NA",
            "1시간이내주요거점역":"NA",
            "3km이내백화점수":0,
            "5km이내아울렛몰수":0,
            "1km이내대형먀트수":0,
            "500m이내은행수":1,
            "500m이내병원수":0,
            "5km이내대형병원수":0,
            "500m이내공원수":6,
            "3km이내혐오시설수":0,
            "초등학교학업성취도":84.5,
            "중학교학업성취도":69.7,
            "용적률":0,
            "건폐율":0,
            "Y":35.250274,
            "X":129.210872,
            "rank":61.0,
            "area_info":"15평(50.96), 21평(72.0), 22평(75.8), 24평(81.15), 25평(83.84)",
            "last_sales":"2021-12-31,13500.0,25평(83.84)"
        },
        {
            "index":48,
            "아파트명":"문화그린맨션",
            "투자타입":"일반",
            "전용면적(m2)":"82.08",
            "전용면적(평)":"24평",
            "법정동주소":"부산시 기장군 기장읍 교리 65",
            "도로명주소":"부산시 기장군 차성로417번길 21",
            "세대수":0,
            "입주년차":0,
            "용적률점수":"--",
            "건폐율점수":"--",
            "세대당주차수":0,
            "난방방식":30,
            "공급면적":"--",
            "전용률":"--",
            "욕실수":50,
            "현관타입":50,
            "주거총점":13.0,
            "지역구공급총점":0.0,
            "역세권":"NA",
            "30분내 이동가능 거점":"NA",
            "1시간내 이동가능 거점":"NA",
            "교통총점":"NA",
            "백화점":0,
            "아울렛몰":0,
            "대형마트":80,
            "은행":0,
            "병원":0,
            "종합병원":0,
            "공원":100,
            "혐오시설":0,
            "인프라총점":15.0,
            "초등학군":84.5,
            "중학군":41.98,
            "학군총점":50.484,
            "인구수":18.13,
            "인구증감":21.66,
            "인구총점":19.189,
            "일자리":8.8,
            "소득수준":59.98,
            "일자리총점":24.154,
            "가치 총점":23.171,
            "매매실거래년":20211213.0,
            "매매실거래가":12900.0,
            "전세실거래년":20210306.0,
            "전세실거래가":9000.0,
            "전세가율":69.77,
            "장기전세가율평균":66.17,
            "전세가율거품지수":-3.6,
            "검색코드":4748,
            "세대수":299,
            "준공년월":"1993-05-13",
            "준공년차":30,
            "가까운역이름":"NA",
            "가까운역거리":"NA",
            "역세권여부":"NA",
            "30분이내주요거점역":"NA",
            "1시간이내주요거점역":"NA",
            "3km이내백화점수":0,
            "5km이내아울렛몰수":0,
            "1km이내대형먀트수":1,
            "500m이내은행수":0,
            "500m이내병원수":1,
            "5km이내대형병원수":0,
            "500m이내공원수":4,
            "3km이내혐오시설수":0,
            "초등학교학업성취도":84.5,
            "중학교학업성취도":69.7,
            "용적률":264,
            "건폐율":24,
            "Y":35.256472,
            "X":129.214843,
            "rank":62.0,
            "area_info":"24평(82.08), 30평(102.34)",
            "last_sales":"2021-12-13,12900.0,24평(82.08)"
        },
        {
            "index":33,
            "아파트명":"대진로얄타운",
            "투자타입":"재건축",
            "전용면적(m2)":"82.18",
            "전용면적(평)":"24평",
            "법정동주소":"부산시 기장군 기장읍 동부리 133-8",
            "도로명주소":"부산시 기장군 차성로326번길 9",
            "세대수":0,
            "입주년차":"--",
            "용적률점수":0,
            "건폐율점수":0,
            "세대당주차수":"--",
            "난방방식":"--",
            "공급면적":70,
            "전용률":80,
            "욕실수":"--",
            "현관타입":"--",
            "주거총점":7.5,
            "지역구공급총점":0.0,
            "역세권":"NA",
            "30분내 이동가능 거점":"NA",
            "1시간내 이동가능 거점":"NA",
            "교통총점":"NA",
            "백화점":0,
            "아울렛몰":0,
            "대형마트":0,
            "은행":70,
            "병원":80,
            "종합병원":0,
            "공원":100,
            "혐오시설":0,
            "인프라총점":18.0,
            "초등학군":85.62,
            "중학군":41.98,
            "학군총점":50.708,
            "인구수":18.13,
            "인구증감":21.66,
            "인구총점":19.189,
            "일자리":8.8,
            "소득수준":59.98,
            "일자리총점":24.154,
            "가치 총점":22.502,
            "매매실거래년":20211222.0,
            "매매실거래가":14000.0,
            "전세실거래년":20210913.0,
            "전세실거래가":11500.0,
            "전세가율":87.12,
            "장기전세가율평균":66.17,
            "전세가율거품지수":-20.95,
            "검색코드":4767,
            "세대수":116,
            "준공년월":"1990-08-31",
            "준공년차":33,
            "가까운역이름":"NA",
            "가까운역거리":"NA",
            "역세권여부":"NA",
            "30분이내주요거점역":"NA",
            "1시간이내주요거점역":"NA",
            "3km이내백화점수":0,
            "5km이내아울렛몰수":0,
            "1km이내대형먀트수":0,
            "500m이내은행수":3,
            "500m이내병원수":46,
            "5km이내대형병원수":0,
            "500m이내공원수":8,
            "3km이내혐오시설수":0,
            "초등학교학업성취도":85.62,
            "중학교학업성취도":69.7,
            "용적률":0,
            "건폐율":0,
            "Y":35.247062,
            "X":129.21478,
            "rank":63.0,
            "area_info":"24평(82.18), 29평(99.08)",
            "last_sales":"2021-12-22,14000.0,29평(99.08)"
        },
        {
            "index":7,
            "아파트명":"금강궁전",
            "투자타입":"일반",
            "전용면적(m2)":"57.64",
            "전용면적(평)":"17평",
            "법정동주소":"부산시 기장군 기장읍 대라리 971",
            "도로명주소":"부산시 기장군 차성남로 13-6",
            "세대수":0,
            "입주년차":0,
            "용적률점수":"--",
            "건폐율점수":"--",
            "세대당주차수":0,
            "난방방식":30,
            "공급면적":"--",
            "전용률":"--",
            "욕실수":50,
            "현관타입":100,
            "주거총점":18.0,
            "지역구공급총점":0.0,
            "역세권":"NA",
            "30분내 이동가능 거점":"NA",
            "1시간내 이동가능 거점":"NA",
            "교통총점":"NA",
            "백화점":0,
            "아울렛몰":0,
            "대형마트":0,
            "은행":20,
            "병원":10,
            "종합병원":0,
            "공원":100,
            "혐오시설":0,
            "인프라총점":6.0,
            "초등학군":82.42,
            "중학군":41.98,
            "학군총점":50.068,
            "인구수":18.13,
            "인구증감":21.66,
            "인구총점":19.189,
            "일자리":8.8,
            "소득수준":59.98,
            "일자리총점":24.154,
            "가치 총점":21.217,
            "매매실거래년":20211217.0,
            "매매실거래가":11700.0,
            "전세실거래년":20160427.0,
            "전세실거래가":4800.0,
            "전세가율":50.53,
            "장기전세가율평균":66.17,
            "전세가율거품지수":15.64,
            "검색코드":25250,
            "세대수":159,
            "준공년월":"1994-12-29",
            "준공년차":29,
            "가까운역이름":"NA",
            "가까운역거리":"NA",
            "역세권여부":"NA",
            "30분이내주요거점역":"NA",
            "1시간이내주요거점역":"NA",
            "3km이내백화점수":0,
            "5km이내아울렛몰수":0,
            "1km이내대형먀트수":0,
            "500m이내은행수":2,
            "500m이내병원수":2,
            "5km이내대형병원수":0,
            "500m이내공원수":5,
            "3km이내혐오시설수":0,
            "초등학교학업성취도":82.42,
            "중학교학업성취도":69.7,
            "용적률":301,
            "건폐율":35,
            "Y":35.241792,
            "X":129.209988,
            "rank":64.0,
            "area_info":"17평(57.64), 18평(60.42), 19평(63.28), 19평(64.69), 19평(65.19)",
            "last_sales":"2021-12-17,11700.0,19평(63.28)"
        },
        {
            "index":72,
            "아파트명":"양산기장주공",
            "투자타입":"재건축",
            "전용면적(m2)":"45.12",
            "전용면적(평)":"13평",
            "법정동주소":"부산시 기장군 기장읍 대라리 128-11",
            "도로명주소":"부산시 기장군 대청로35번길 49",
            "세대수":0,
            "입주년차":"--",
            "용적률점수":0,
            "건폐율점수":0,
            "세대당주차수":"--",
            "난방방식":"--",
            "공급면적":50,
            "전용률":80,
            "욕실수":"--",
            "현관타입":"--",
            "주거총점":6.5,
            "지역구공급총점":0.0,
            "역세권":"NA",
            "30분내 이동가능 거점":"NA",
            "1시간내 이동가능 거점":"NA",
            "교통총점":"NA",
            "백화점":0,
            "아울렛몰":0,
            "대형마트":0,
            "은행":20,
            "병원":60,
            "종합병원":0,
            "공원":100,
            "혐오시설":0,
            "인프라총점":11.0,
            "초등학군":82.42,
            "중학군":41.98,
            "학군총점":50.068,
            "인구수":18.13,
            "인구증감":21.66,
            "인구총점":19.189,
            "일자리":8.8,
            "소득수준":59.98,
            "일자리총점":24.154,
            "가치 총점":19.192,
            "매매실거래년":20211126.0,
            "매매실거래가":22000.0,
            "전세실거래년":20201023.0,
            "전세실거래가":6000.0,
            "전세가율":27.27,
            "장기전세가율평균":66.17,
            "전세가율거품지수":38.9,
            "검색코드":105435,
            "세대수":140,
            "준공년월":"1985-10-15",
            "준공년차":38,
            "가까운역이름":"NA",
            "가까운역거리":"NA",
            "역세권여부":"NA",
            "30분이내주요거점역":"NA",
            "1시간이내주요거점역":"NA",
            "3km이내백화점수":0,
            "5km이내아울렛몰수":0,
            "1km이내대형먀트수":0,
            "500m이내은행수":2,
            "500m이내병원수":19,
            "5km이내대형병원수":0,
            "500m이내공원수":6,
            "3km이내혐오시설수":0,
            "초등학교학업성취도":82.42,
            "중학교학업성취도":69.7,
            "용적률":0,
            "건폐율":0,
            "Y":35.239917,
            "X":129.213597,
            "rank":65.0,
            "area_info":"13평(45.12), 15평(52.14), 15평(52.5)",
            "last_sales":"2021-11-26,22000.0,13평(45.12)"
        },
        {
            "index":121,
            "아파트명":"선우",
            "투자타입":"재건축",
            "전용면적(m2)":"83.32",
            "전용면적(평)":"25평",
            "법정동주소":"부산시 기장군 일광면 삼성리 713-1",
            "도로명주소":"부산시 기장군 일역길 75-38",
            "세대수":0,
            "입주년차":"--",
            "용적률점수":0,
            "건폐율점수":0,
            "세대당주차수":"--",
            "난방방식":"--",
            "공급면적":70,
            "전용률":80,
            "욕실수":"--",
            "현관타입":"--",
            "주거총점":7.5,
            "지역구공급총점":0.0,
            "역세권":"NA",
            "30분내 이동가능 거점":"NA",
            "1시간내 이동가능 거점":"NA",
            "교통총점":"NA",
            "백화점":0,
            "아울렛몰":0,
            "대형마트":0,
            "은행":0,
            "병원":10,
            "종합병원":0,
            "공원":80,
            "혐오시설":0,
            "인프라총점":3.4,
            "초등학군":100.0,
            "중학군":41.98,
            "학군총점":53.584,
            "인구수":18.13,
            "인구증감":21.66,
            "인구총점":19.189,
            "일자리":8.8,
            "소득수준":59.98,
            "일자리총점":24.154,
            "가치 총점":17.381,
            "매매실거래년":20211115.0,
            "매매실거래가":23000.0,
            "전세실거래년":20210811.0,
            "전세실거래가":14000.0,
            "전세가율":79.1,
            "장기전세가율평균":66.17,
            "전세가율거품지수":-12.93,
            "검색코드":4778,
            "세대수":120,
            "준공년월":"1991-08-31",
            "준공년차":32,
            "가까운역이름":"NA",
            "가까운역거리":"NA",
            "역세권여부":"NA",
            "30분이내주요거점역":"NA",
            "1시간이내주요거점역":"NA",
            "3km이내백화점수":0,
            "5km이내아울렛몰수":0,
            "1km이내대형먀트수":0,
            "500m이내은행수":0,
            "500m이내병원수":3,
            "5km이내대형병원수":0,
            "500m이내공원수":1,
            "3km이내혐오시설수":0,
            "초등학교학업성취도":100.0,
            "중학교학업성취도":69.7,
            "용적률":0,
            "건폐율":0,
            "Y":35.261735,
            "X":129.231791,
            "rank":66.0,
            "area_info":"25평(83.32), 29평(97.9)",
            "last_sales":"2021-11-15,23000.0,29평(97.9)"
        }
    ]
}