{
    "schema":{
        "fields":[
            {
                "name":"index",
                "type":"integer"
            },
            {
                "name":"아파트명",
                "type":"string"
            },
            {
                "name":"투자타입",
                "type":"string"
            },
            {
                "name":"전용면적(m2)",
                "type":"string"
            },
            {
                "name":"전용면적(평)",
                "type":"string"
            },
            {
                "name":"법정동주소",
                "type":"string"
            },
            {
                "name":"도로명주소",
                "type":"string"
            },
            {
                "name":"세대수",
                "type":"integer"
            },
            {
                "name":"입주년차",
                "type":"string"
            },
            {
                "name":"용적률점수",
                "type":"string"
            },
            {
                "name":"건폐율점수",
                "type":"string"
            },
            {
                "name":"세대당주차수",
                "type":"string"
            },
            {
                "name":"난방방식",
                "type":"string"
            },
            {
                "name":"공급면적",
                "type":"string"
            },
            {
                "name":"전용률",
                "type":"string"
            },
            {
                "name":"욕실수",
                "type":"string"
            },
            {
                "name":"현관타입",
                "type":"string"
            },
            {
                "name":"주거총점",
                "type":"number"
            },
            {
                "name":"지역구공급총점",
                "type":"number"
            },
            {
                "name":"역세권",
                "type":"integer"
            },
            {
                "name":"30분내 이동가능 거점",
                "type":"integer"
            },
            {
                "name":"1시간내 이동가능 거점",
                "type":"integer"
            },
            {
                "name":"교통총점",
                "type":"number"
            },
            {
                "name":"백화점",
                "type":"integer"
            },
            {
                "name":"아울렛몰",
                "type":"integer"
            },
            {
                "name":"대형마트",
                "type":"integer"
            },
            {
                "name":"은행",
                "type":"integer"
            },
            {
                "name":"병원",
                "type":"integer"
            },
            {
                "name":"종합병원",
                "type":"integer"
            },
            {
                "name":"공원",
                "type":"integer"
            },
            {
                "name":"혐오시설",
                "type":"integer"
            },
            {
                "name":"인프라총점",
                "type":"number"
            },
            {
                "name":"초등학군",
                "type":"number"
            },
            {
                "name":"중학군",
                "type":"number"
            },
            {
                "name":"학군총점",
                "type":"number"
            },
            {
                "name":"인구수",
                "type":"number"
            },
            {
                "name":"인구증감",
                "type":"number"
            },
            {
                "name":"인구총점",
                "type":"number"
            },
            {
                "name":"일자리",
                "type":"number"
            },
            {
                "name":"소득수준",
                "type":"number"
            },
            {
                "name":"일자리총점",
                "type":"number"
            },
            {
                "name":"가치 총점",
                "type":"number"
            },
            {
                "name":"매매실거래년",
                "type":"string"
            },
            {
                "name":"매매실거래가",
                "type":"number"
            },
            {
                "name":"전세실거래년",
                "type":"number"
            },
            {
                "name":"전세실거래가",
                "type":"number"
            },
            {
                "name":"전세가율",
                "type":"number"
            },
            {
                "name":"장기전세가율평균",
                "type":"number"
            },
            {
                "name":"전세가율거품지수",
                "type":"number"
            },
            {
                "name":"검색코드",
                "type":"integer"
            },
            {
                "name":"세대수",
                "type":"number"
            },
            {
                "name":"준공년월",
                "type":"string"
            },
            {
                "name":"준공년차",
                "type":"number"
            },
            {
                "name":"가까운역이름",
                "type":"string"
            },
            {
                "name":"가까운역거리",
                "type":"number"
            },
            {
                "name":"역세권여부",
                "type":"string"
            },
            {
                "name":"30분이내주요거점역",
                "type":"integer"
            },
            {
                "name":"1시간이내주요거점역",
                "type":"integer"
            },
            {
                "name":"3km이내백화점수",
                "type":"integer"
            },
            {
                "name":"5km이내아울렛몰수",
                "type":"integer"
            },
            {
                "name":"1km이내대형먀트수",
                "type":"integer"
            },
            {
                "name":"500m이내은행수",
                "type":"integer"
            },
            {
                "name":"500m이내병원수",
                "type":"integer"
            },
            {
                "name":"5km이내대형병원수",
                "type":"integer"
            },
            {
                "name":"500m이내공원수",
                "type":"integer"
            },
            {
                "name":"3km이내혐오시설수",
                "type":"integer"
            },
            {
                "name":"초등학교학업성취도",
                "type":"number"
            },
            {
                "name":"중학교학업성취도",
                "type":"number"
            },
            {
                "name":"용적률",
                "type":"integer"
            },
            {
                "name":"건폐율",
                "type":"integer"
            },
            {
                "name":"Y",
                "type":"number"
            },
            {
                "name":"X",
                "type":"number"
            },
            {
                "name":"rank",
                "type":"number"
            },
            {
                "name":"area_info",
                "type":"string"
            },
            {
                "name":"last_sales",
                "type":"string"
            }
        ],
        "primaryKey":[
            "index"
        ],
        "pandas_version":"1.4.0"
    },
    "data":[
        {
            "index":33,
            "아파트명":"극동",
            "투자타입":"재건축",
            "전용면적(m2)":"53.67",
            "전용면적(평)":"16평",
            "법정동주소":"인천시 남동구 간석동 501",
            "도로명주소":"인천시 남동구 구월로 78",
            "세대수":80,
            "입주년차":"--",
            "용적률점수":60,
            "건폐율점수":100,
            "세대당주차수":"--",
            "난방방식":"--",
            "공급면적":50,
            "전용률":60,
            "욕실수":"--",
            "현관타입":"--",
            "주거총점":73.5,
            "지역구공급총점":100.0,
            "역세권":80,
            "30분내 이동가능 거점":0,
            "1시간내 이동가능 거점":50,
            "교통총점":50.0,
            "백화점":100,
            "아울렛몰":0,
            "대형마트":80,
            "은행":70,
            "병원":30,
            "종합병원":100,
            "공원":100,
            "혐오시설":0,
            "인프라총점":75.0,
            "초등학군":87.07,
            "중학군":51.06,
            "학군총점":58.262,
            "인구수":60.53,
            "인구증감":-11.65,
            "인구총점":38.876,
            "일자리":29.7,
            "소득수준":60.47,
            "일자리총점":38.931,
            "가치 총점":63.4393,
            "매매실거래년":20211227.0,
            "매매실거래가":30000.0,
            "전세실거래년":20220111.0,
            "전세실거래가":14000.0,
            "전세가율":46.67,
            "장기전세가율평균":72.18,
            "전세가율거품지수":25.51,
            "검색코드":2236,
            "세대수":760.0,
            "준공년월":"1989-05-31",
            "준공년차":34.0,
            "가까운역이름":"인천시청",
            "가까운역거리":254.26,
            "역세권여부":"역세권",
            "30분이내주요거점역":0,
            "1시간이내주요거점역":5,
            "3km이내백화점수":1,
            "5km이내아울렛몰수":0,
            "1km이내대형먀트수":1,
            "500m이내은행수":3,
            "500m이내병원수":5,
            "5km이내대형병원수":5,
            "500m이내공원수":2,
            "3km이내혐오시설수":0,
            "초등학교학업성취도":87.07,
            "중학교학업성취도":84.5,
            "용적률":192,
            "건폐율":17,
            "Y":37.456161,
            "X":126.699804,
            "rank":1.0,
            "area_info":"16평(53.67), 18평(61.7), 19평(64.79), 21평(71.71), 26평(86.02), 31평(103.28)",
            "last_sales":"2021-12-27,30000.0,16평(53.67)"
        },
        {
            "index":233,
            "아파트명":"구월힐스테이트,롯데캐슬골드1단지",
            "투자타입":"일반",
            "전용면적(m2)":"65.98",
            "전용면적(평)":"19평",
            "법정동주소":"인천시 남동구 구월동 23",
            "도로명주소":"인천시 남동구 구월로 192",
            "세대수":100,
            "입주년차":40,
            "용적률점수":"--",
            "건폐율점수":"--",
            "세대당주차수":30,
            "난방방식":30,
            "공급면적":"--",
            "전용률":"--",
            "욕실수":50,
            "현관타입":100,
            "주거총점":65.5,
            "지역구공급총점":100.0,
            "역세권":80,
            "30분내 이동가능 거점":0,
            "1시간내 이동가능 거점":60,
            "교통총점":52.0,
            "백화점":100,
            "아울렛몰":0,
            "대형마트":80,
            "은행":70,
            "병원":60,
            "종합병원":100,
            "공원":100,
            "혐오시설":0,
            "인프라총점":78.0,
            "초등학군":86.91,
            "중학군":49.66,
            "학군총점":57.11,
            "인구수":60.53,
            "인구증감":-11.65,
            "인구총점":38.876,
            "일자리":29.7,
            "소득수준":60.47,
            "일자리총점":38.931,
            "가치 총점":63.2665,
            "매매실거래년":20211218.0,
            "매매실거래가":85000.0,
            "전세실거래년":20200615.0,
            "전세실거래가":23500.0,
            "전세가율":68.12,
            "장기전세가율평균":72.18,
            "전세가율거품지수":4.06,
            "검색코드":18892,
            "세대수":5076.0,
            "준공년월":"2007-08-01",
            "준공년차":16.0,
            "가까운역이름":"석천사거리",
            "가까운역거리":338.91,
            "역세권여부":"역세권",
            "30분이내주요거점역":0,
            "1시간이내주요거점역":6,
            "3km이내백화점수":1,
            "5km이내아울렛몰수":0,
            "1km이내대형먀트수":1,
            "500m이내은행수":3,
            "500m이내병원수":27,
            "5km이내대형병원수":6,
            "500m이내공원수":2,
            "3km이내혐오시설수":0,
            "초등학교학업성취도":86.91,
            "중학교학업성취도":81.5,
            "용적률":349,
            "건폐율":20,
            "Y":37.454617,
            "X":126.712659,
            "rank":2.0,
            "area_info":"19평(65.98), 26평(87.98), 31평(104.61), 33평(111.6), 33평(111.23), 33평(111.23), 34평(114.67), 34평(114.82), 34평(114.09), 44평(147.73), 50평(168.11)",
            "last_sales":"2021-12-18,85000.0,50평(168.11)"
        },
        {
            "index":67,
            "아파트명":"어울림마을",
            "투자타입":"일반",
            "전용면적(m2)":"77.69",
            "전용면적(평)":"23평",
            "법정동주소":"인천시 남동구 간석동 938-1",
            "도로명주소":"인천시 남동구 석산로 138",
            "세대수":100,
            "입주년차":40,
            "용적률점수":"--",
            "건폐율점수":"--",
            "세대당주차수":30,
            "난방방식":30,
            "공급면적":"--",
            "전용률":"--",
            "욕실수":50,
            "현관타입":100,
            "주거총점":65.5,
            "지역구공급총점":100.0,
            "역세권":80,
            "30분내 이동가능 거점":0,
            "1시간내 이동가능 거점":40,
            "교통총점":48.0,
            "백화점":100,
            "아울렛몰":0,
            "대형마트":80,
            "은행":100,
            "병원":80,
            "종합병원":100,
            "공원":80,
            "혐오시설":0,
            "인프라총점":82.4,
            "초등학군":86.85,
            "중학군":49.66,
            "학군총점":57.098,
            "인구수":60.53,
            "인구증감":-11.65,
            "인구총점":38.876,
            "일자리":29.7,
            "소득수준":60.47,
            "일자리총점":38.931,
            "가치 총점":63.1847,
            "매매실거래년":20211218.0,
            "매매실거래가":43400.0,
            "전세실거래년":20211210.0,
            "전세실거래가":24150.0,
            "전세가율":55.65,
            "장기전세가율평균":72.18,
            "전세가율거품지수":16.53,
            "검색코드":11383,
            "세대수":1733.0,
            "준공년월":"2005-10-27",
            "준공년차":18.0,
            "가까운역이름":"석천사거리",
            "가까운역거리":383.86,
            "역세권여부":"역세권",
            "30분이내주요거점역":0,
            "1시간이내주요거점역":4,
            "3km이내백화점수":1,
            "5km이내아울렛몰수":0,
            "1km이내대형먀트수":1,
            "500m이내은행수":5,
            "500m이내병원수":42,
            "5km이내대형병원수":6,
            "500m이내공원수":1,
            "3km이내혐오시설수":0,
            "초등학교학업성취도":86.85,
            "중학교학업성취도":81.5,
            "용적률":349,
            "건폐율":20,
            "Y":37.459121,
            "X":126.706761,
            "rank":3.0,
            "area_info":"23평(77.69), 30평(102.38), 33평(110.22), 39평(130.85), 39평(131.95), 49평(163.86)",
            "last_sales":"2021-12-18,43400.0,23평(77.69)"
        },
        {
            "index":474,
            "아파트명":"인천소래LH4단지",
            "투자타입":"일반",
            "전용면적(m2)":"84.64",
            "전용면적(평)":"25평",
            "법정동주소":"인천시 남동구 논현동 749-1",
            "도로명주소":"인천시 남동구 논고개로68번길 34",
            "세대수":80,
            "입주년차":80,
            "용적률점수":"--",
            "건폐율점수":"--",
            "세대당주차수":30,
            "난방방식":100,
            "공급면적":"--",
            "전용률":"--",
            "욕실수":100,
            "현관타입":100,
            "주거총점":78.5,
            "지역구공급총점":100.0,
            "역세권":80,
            "30분내 이동가능 거점":40,
            "1시간내 이동가능 거점":40,
            "교통총점":60.0,
            "백화점":0,
            "아울렛몰":80,
            "대형마트":80,
            "은행":70,
            "병원":80,
            "종합병원":80,
            "공원":100,
            "혐오시설":0,
            "인프라총점":54.0,
            "초등학군":90.89,
            "중학군":53.26,
            "학군총점":60.786,
            "인구수":60.53,
            "인구증감":-11.65,
            "인구총점":38.876,
            "일자리":29.7,
            "소득수준":60.47,
            "일자리총점":38.931,
            "가치 총점":62.0179,
            "매매실거래년":20211008.0,
            "매매실거래가":59000.0,
            "전세실거래년":null,
            "전세실거래가":null,
            "전세가율":null,
            "장기전세가율평균":72.18,
            "전세가율거품지수":null,
            "검색코드":132412,
            "세대수":820.0,
            "준공년월":"2014-11-14",
            "준공년차":9.0,
            "가까운역이름":"소래포구",
            "가까운역거리":353.22,
            "역세권여부":"역세권",
            "30분이내주요거점역":2,
            "1시간이내주요거점역":4,
            "3km이내백화점수":0,
            "5km이내아울렛몰수":1,
            "1km이내대형먀트수":1,
            "500m이내은행수":4,
            "500m이내병원수":36,
            "5km이내대형병원수":1,
            "500m이내공원수":6,
            "3km이내혐오시설수":0,
            "초등학교학업성취도":90.89,
            "중학교학업성취도":85.9,
            "용적률":179,
            "건폐율":13,
            "Y":37.399907,
            "X":126.729745,
            "rank":4.0,
            "area_info":"25평(84.64), 25평(84.27), 25평(84.27), 25평(84.64)",
            "last_sales":"2021-10-08,59000.0,25평(84.64)"
        },
        {
            "index":411,
            "아파트명":"어진마을한화꿈에그린",
            "투자타입":"일반",
            "전용면적(m2)":"131.78",
            "전용면적(평)":"39평",
            "법정동주소":"인천시 남동구 논현동 634-1",
            "도로명주소":"인천시 남동구 논현로 106",
            "세대수":90,
            "입주년차":40,
            "용적률점수":"--",
            "건폐율점수":"--",
            "세대당주차수":60,
            "난방방식":100,
            "공급면적":"--",
            "전용률":"--",
            "욕실수":100,
            "현관타입":100,
            "주거총점":78.5,
            "지역구공급총점":100.0,
            "역세권":80,
            "30분내 이동가능 거점":40,
            "1시간내 이동가능 거점":30,
            "교통총점":58.0,
            "백화점":0,
            "아울렛몰":80,
            "대형마트":80,
            "은행":70,
            "병원":80,
            "종합병원":100,
            "공원":100,
            "혐오시설":0,
            "인프라총점":58.0,
            "초등학군":88.63,
            "중학군":48.54,
            "학군총점":56.558,
            "인구수":60.53,
            "인구증감":-11.65,
            "인구총점":38.876,
            "일자리":29.7,
            "소득수준":60.47,
            "일자리총점":38.931,
            "가치 총점":61.8837,
            "매매실거래년":20220109.0,
            "매매실거래가":67300.0,
            "전세실거래년":20220114.0,
            "전세실거래가":31500.0,
            "전세가율":48.84,
            "장기전세가율평균":72.18,
            "전세가율거품지수":23.34,
            "검색코드":22937,
            "세대수":982.0,
            "준공년월":"2007-12-24",
            "준공년차":16.0,
            "가까운역이름":"인천논현",
            "가까운역거리":359.92,
            "역세권여부":"역세권",
            "30분이내주요거점역":2,
            "1시간이내주요거점역":3,
            "3km이내백화점수":0,
            "5km이내아울렛몰수":1,
            "1km이내대형먀트수":1,
            "500m이내은행수":3,
            "500m이내병원수":34,
            "5km이내대형병원수":2,
            "500m이내공원수":3,
            "3km이내혐오시설수":0,
            "초등학교학업성취도":88.63,
            "중학교학업성취도":79.5,
            "용적률":224,
            "건폐율":12,
            "Y":37.401692,
            "X":126.718636,
            "rank":5.0,
            "area_info":"39평(131.78), 46평(154.28), 46평(154.19), 48평(161.78), 56평(187.56)",
            "last_sales":"2022-01-09,67300.0,46평(154.19)"
        },
        {
            "index":369,
            "아파트명":"논현신일해피트리",
            "투자타입":"일반",
            "전용면적(m2)":"127.08",
            "전용면적(평)":"38평",
            "법정동주소":"인천시 남동구 논현동 618-1",
            "도로명주소":"인천시 남동구 은봉로 288",
            "세대수":80,
            "입주년차":40,
            "용적률점수":"--",
            "건폐율점수":"--",
            "세대당주차수":80,
            "난방방식":100,
            "공급면적":"--",
            "전용률":"--",
            "욕실수":100,
            "현관타입":100,
            "주거총점":78.0,
            "지역구공급총점":100.0,
            "역세권":80,
            "30분내 이동가능 거점":40,
            "1시간내 이동가능 거점":30,
            "교통총점":58.0,
            "백화점":0,
            "아울렛몰":80,
            "대형마트":80,
            "은행":70,
            "병원":80,
            "종합병원":100,
            "공원":100,
            "혐오시설":0,
            "인프라총점":58.0,
            "초등학군":88.63,
            "중학군":48.54,
            "학군총점":56.558,
            "인구수":60.53,
            "인구증감":-11.65,
            "인구총점":38.876,
            "일자리":29.7,
            "소득수준":60.47,
            "일자리총점":38.931,
            "가치 총점":61.7837,
            "매매실거래년":20210621.0,
            "매매실거래가":78000.0,
            "전세실거래년":20210821.0,
            "전세실거래가":30500.0,
            "전세가율":62.24,
            "장기전세가율평균":72.18,
            "전세가율거품지수":9.94,
            "검색코드":22439,
            "세대수":828.0,
            "준공년월":"2007-05-14",
            "준공년차":16.0,
            "가까운역이름":"인천논현",
            "가까운역거리":439.72,
            "역세권여부":"역세권",
            "30분이내주요거점역":2,
            "1시간이내주요거점역":3,
            "3km이내백화점수":0,
            "5km이내아울렛몰수":1,
            "1km이내대형먀트수":1,
            "500m이내은행수":4,
            "500m이내병원수":42,
            "5km이내대형병원수":2,
            "500m이내공원수":4,
            "3km이내혐오시설수":0,
            "초등학교학업성취도":88.63,
            "중학교학업성취도":79.5,
            "용적률":240,
            "건폐율":14,
            "Y":37.404559,
            "X":126.722134,
            "rank":6.0,
            "area_info":"38평(127.08), 44평(146.59), 48평(161.32), 55평(183.57), 69평(230.09)",
            "last_sales":"2021-06-21,78000.0,55평(183.57)"
        },
        {
            "index":134,
            "아파트명":"한진",
            "투자타입":"재건축",
            "전용면적(m2)":"58.31",
            "전용면적(평)":"17평",
            "법정동주소":"인천시 남동구 간석동 519-4",
            "도로명주소":"인천시 남동구 경인로524번길 16",
            "세대수":50,
            "입주년차":"--",
            "용적률점수":80,
            "건폐율점수":100,
            "세대당주차수":"--",
            "난방방식":"--",
            "공급면적":50,
            "전용률":100,
            "욕실수":"--",
            "현관타입":"--",
            "주거총점":74.5,
            "지역구공급총점":100.0,
            "역세권":80,
            "30분내 이동가능 거점":0,
            "1시간내 이동가능 거점":50,
            "교통총점":50.0,
            "백화점":100,
            "아울렛몰":0,
            "대형마트":80,
            "은행":0,
            "병원":30,
            "종합병원":100,
            "공원":100,
            "혐오시설":0,
            "인프라총점":68.0,
            "초등학군":83.66,
            "중학군":51.06,
            "학군총점":57.58,
            "인구수":60.53,
            "인구증감":-11.65,
            "인구총점":38.876,
            "일자리":29.7,
            "소득수준":60.47,
            "일자리총점":38.931,
            "가치 총점":61.437,
            "매매실거래년":20211127.0,
            "매매실거래가":29500.0,
            "전세실거래년":20211227.0,
            "전세실거래가":18000.0,
            "전세가율":61.02,
            "장기전세가율평균":72.18,
            "전세가율거품지수":11.16,
            "검색코드":2512,
            "세대수":600.0,
            "준공년월":"1981-04-01",
            "준공년차":42.0,
            "가까운역이름":"인천시청",
            "가까운역거리":454.85,
            "역세권여부":"역세권",
            "30분이내주요거점역":0,
            "1시간이내주요거점역":5,
            "3km이내백화점수":1,
            "5km이내아울렛몰수":0,
            "1km이내대형먀트수":1,
            "500m이내은행수":1,
            "500m이내병원수":9,
            "5km이내대형병원수":6,
            "500m이내공원수":2,
            "3km이내혐오시설수":0,
            "초등학교학업성취도":83.66,
            "중학교학업성취도":84.5,
            "용적률":171,
            "건폐율":14,
            "Y":37.459255,
            "X":126.697625,
            "rank":7.0,
            "area_info":"17평(58.31), 17평(58.81), 17평(58.35), 17평(58.68), 19평(64.36), 19평(64.59), 19평(65.46), 19평(65.15), 19평(65.85), 19평(65.52), 19평(65.59), 19평(66.02), 20평(67.13), 20평(67.39), 33평(109.42), 33평(109.56), 33평(109.68)",
            "last_sales":"2021-11-27,29500.0,17평(58.31)"
        },
        {
            "index":316,
            "아파트명":"신영구월지웰시티푸르지오",
            "투자타입":"일반",
            "전용면적(m2)":"103.35",
            "전용면적(평)":"31평",
            "법정동주소":"인천시 남동구 구월동 1608",
            "도로명주소":"인천시 남동구 남동대로799번길 34",
            "세대수":30,
            "입주년차":100,
            "용적률점수":"--",
            "건폐율점수":"--",
            "세대당주차수":30,
            "난방방식":30,
            "공급면적":"--",
            "전용률":"--",
            "욕실수":100,
            "현관타입":100,
            "주거총점":58.0,
            "지역구공급총점":100.0,
            "역세권":80,
            "30분내 이동가능 거점":0,
            "1시간내 이동가능 거점":40,
            "교통총점":48.0,
            "백화점":100,
            "아울렛몰":0,
            "대형마트":80,
            "은행":100,
            "병원":60,
            "종합병원":100,
            "공원":100,
            "혐오시설":0,
            "인프라총점":81.0,
            "초등학군":88.31,
            "중학군":49.66,
            "학군총점":57.39,
            "인구수":60.53,
            "인구증감":-11.65,
            "인구총점":38.876,
            "일자리":29.7,
            "소득수준":60.47,
            "일자리총점":38.931,
            "가치 총점":61.3085,
            "매매실거래년":20201210.0,
            "매매실거래가":67214.0,
            "전세실거래년":20210601.0,
            "전세실거래가":43000.0,
            "전세가율":76.34,
            "장기전세가율평균":72.18,
            "전세가율거품지수":-4.16,
            "검색코드":117314,
            "세대수":376.0,
            "준공년월":"2020-12-01",
            "준공년차":3.0,
            "가까운역이름":"석천사거리",
            "가까운역거리":401.13,
            "역세권여부":"역세권",
            "30분이내주요거점역":0,
            "1시간이내주요거점역":4,
            "3km이내백화점수":1,
            "5km이내아울렛몰수":0,
            "1km이내대형먀트수":1,
            "500m이내은행수":8,
            "500m이내병원수":23,
            "5km이내대형병원수":6,
            "500m이내공원수":2,
            "3km이내혐오시설수":0,
            "초등학교학업성취도":88.31,
            "중학교학업성취도":81.5,
            "용적률":689,
            "건폐율":65,
            "Y":37.454138,
            "X":126.706926,
            "rank":8.0,
            "area_info":"31평(103.35), 35평(116.3), 35평(116.95), 35평(117.92), 35평(117.28), 39평(131.05)",
            "last_sales":"2020-12-10,67214.0,39평(131.05)"
        },
        {
            "index":309,
            "아파트명":"송정",
            "투자타입":"재건축",
            "전용면적(m2)":"49.54",
            "전용면적(평)":"14평",
            "법정동주소":"인천시 남동구 구월동 1160",
            "도로명주소":"인천시 남동구 남동대로725번길 31",
            "세대수":0,
            "입주년차":"--",
            "용적률점수":60,
            "건폐율점수":60,
            "세대당주차수":"--",
            "난방방식":"--",
            "공급면적":50,
            "전용률":80,
            "욕실수":"--",
            "현관타입":"--",
            "주거총점":42.5,
            "지역구공급총점":100.0,
            "역세권":80,
            "30분내 이동가능 거점":0,
            "1시간내 이동가능 거점":50,
            "교통총점":50.0,
            "백화점":100,
            "아울렛몰":0,
            "대형마트":100,
            "은행":100,
            "병원":100,
            "종합병원":100,
            "공원":100,
            "혐오시설":0,
            "인프라총점":88.0,
            "초등학군":86.14,
            "중학군":52.62,
            "학군총점":59.324,
            "인구수":60.53,
            "인구증감":-11.65,
            "인구총점":38.876,
            "일자리":29.7,
            "소득수준":60.47,
            "일자리총점":38.931,
            "가치 총점":61.2986,
            "매매실거래년":20211020.0,
            "매매실거래가":15000.0,
            "전세실거래년":20211210.0,
            "전세실거래가":8500.0,
            "전세가율":72.03,
            "장기전세가율평균":72.18,
            "전세가율거품지수":0.15,
            "검색코드":9462,
            "세대수":108.0,
            "준공년월":"1988-01-27",
            "준공년차":35.0,
            "가까운역이름":"예술회관",
            "가까운역거리":464.4,
            "역세권여부":"역세권",
            "30분이내주요거점역":0,
            "1시간이내주요거점역":5,
            "3km이내백화점수":1,
            "5km이내아울렛몰수":0,
            "1km이내대형먀트수":3,
            "500m이내은행수":8,
            "500m이내병원수":99,
            "5km이내대형병원수":4,
            "500m이내공원수":2,
            "3km이내혐오시설수":0,
            "초등학교학업성취도":86.14,
            "중학교학업성취도":85.1,
            "용적률":187,
            "건폐율":33,
            "Y":37.446913,
            "X":126.705242,
            "rank":9.0,
            "area_info":"14평(49.54), 16평(53.76)",
            "last_sales":"2021-10-20,15000.0,16평(53.76)"
        },
        {
            "index":39,
            "아파트명":"금호",
            "투자타입":"재건축",
            "전용면적(m2)":"54.81",
            "전용면적(평)":"16평",
            "법정동주소":"인천시 남동구 간석동 495-5",
            "도로명주소":"인천시 남동구 구월로 73",
            "세대수":50,
            "입주년차":"--",
            "용적률점수":60,
            "건폐율점수":100,
            "세대당주차수":"--",
            "난방방식":"--",
            "공급면적":50,
            "전용률":60,
            "욕실수":"--",
            "현관타입":"--",
            "주거총점":64.5,
            "지역구공급총점":100.0,
            "역세권":80,
            "30분내 이동가능 거점":0,
            "1시간내 이동가능 거점":50,
            "교통총점":50.0,
            "백화점":100,
            "아울렛몰":0,
            "대형마트":80,
            "은행":20,
            "병원":60,
            "종합병원":100,
            "공원":100,
            "혐오시설":0,
            "인프라총점":73.0,
            "초등학군":83.66,
            "중학군":51.06,
            "학군총점":57.58,
            "인구수":60.53,
            "인구증감":-11.65,
            "인구총점":38.876,
            "일자리":29.7,
            "소득수준":60.47,
            "일자리총점":38.931,
            "가치 총점":60.937,
            "매매실거래년":20210811.0,
            "매매실거래가":34300.0,
            "전세실거래년":20211217.0,
            "전세실거래가":13650.0,
            "전세가율":39.8,
            "장기전세가율평균":72.18,
            "전세가율거품지수":32.38,
            "검색코드":2237,
            "세대수":630.0,
            "준공년월":"1987-09-05",
            "준공년차":36.0,
            "가까운역이름":"인천시청",
            "가까운역거리":258.17,
            "역세권여부":"역세권",
            "30분이내주요거점역":0,
            "1시간이내주요거점역":5,
            "3km이내백화점수":1,
            "5km이내아울렛몰수":0,
            "1km이내대형먀트수":1,
            "500m이내은행수":2,
            "500m이내병원수":12,
            "5km이내대형병원수":6,
            "500m이내공원수":2,
            "3km이내혐오시설수":0,
            "초등학교학업성취도":83.66,
            "중학교학업성취도":84.5,
            "용적률":195,
            "건폐율":14,
            "Y":37.457913,
            "X":126.699367,
            "rank":10.0,
            "area_info":"16평(54.81), 22평(75.41), 28평(92.92), 30평(101.29), 35평(117.33)",
            "last_sales":"2021-08-11,34300.0,16평(54.81)"
        },
        {
            "index":436,
            "아파트명":"에코메트로5단지한화꿈에그린",
            "투자타입":"일반",
            "전용면적(m2)":"113.7",
            "전용면적(평)":"34평",
            "법정동주소":"인천시 남동구 논현동 755-1",
            "도로명주소":"인천시 남동구 소래역남로 39",
            "세대수":90,
            "입주년차":60,
            "용적률점수":"--",
            "건폐율점수":"--",
            "세대당주차수":60,
            "난방방식":100,
            "공급면적":"--",
            "전용률":"--",
            "욕실수":100,
            "현관타입":100,
            "주거총점":82.5,
            "지역구공급총점":100.0,
            "역세권":80,
            "30분내 이동가능 거점":40,
            "1시간내 이동가능 거점":40,
            "교통총점":60.0,
            "백화점":0,
            "아울렛몰":80,
            "대형마트":80,
            "은행":20,
            "병원":60,
            "종합병원":80,
            "공원":100,
            "혐오시설":0,
            "인프라총점":47.0,
            "초등학군":90.89,
            "중학군":53.26,
            "학군총점":60.786,
            "인구수":60.53,
            "인구증감":-11.65,
            "인구총점":38.876,
            "일자리":29.7,
            "소득수준":60.47,
            "일자리총점":38.931,
            "가치 총점":60.7179,
            "매매실거래년":20210903.0,
            "매매실거래가":82700.0,
            "전세실거래년":null,
            "전세실거래가":null,
            "전세가율":null,
            "장기전세가율평균":72.18,
            "전세가율거품지수":null,
            "검색코드":26165,
            "세대수":1052.0,
            "준공년월":"2010-12-24",
            "준공년차":13.0,
            "가까운역이름":"소래포구",
            "가까운역거리":356.25,
            "역세권여부":"역세권",
            "30분이내주요거점역":2,
            "1시간이내주요거점역":4,
            "3km이내백화점수":0,
            "5km이내아울렛몰수":1,
            "1km이내대형먀트수":1,
            "500m이내은행수":2,
            "500m이내병원수":13,
            "5km이내대형병원수":1,
            "500m이내공원수":6,
            "3km이내혐오시설수":0,
            "초등학교학업성취도":90.89,
            "중학교학업성취도":85.9,
            "용적률":198,
            "건폐율":10,
            "Y":37.398146,
            "X":126.731571,
            "rank":11.0,
            "area_info":"34평(113.7), 34평(114.34), 34평(114.27), 34평(114.37), 40평(134.39), 46평(153.92), 56평(185.81)",
            "last_sales":"2021-09-03,82700.0,56평(185.81)"
        },
        {
            "index":0,
            "아파트명":"간석래미안자이",
            "투자타입":"일반",
            "전용면적(m2)":"79.73",
            "전용면적(평)":"24평",
            "법정동주소":"인천시 남동구 간석동 939-1",
            "도로명주소":"인천시 남동구 남동대로 860",
            "세대수":100,
            "입주년차":40,
            "용적률점수":"--",
            "건폐율점수":"--",
            "세대당주차수":60,
            "난방방식":30,
            "공급면적":"--",
            "전용률":"--",
            "욕실수":100,
            "현관타입":100,
            "주거총점":75.0,
            "지역구공급총점":100.0,
            "역세권":80,
            "30분내 이동가능 거점":0,
            "1시간내 이동가능 거점":60,
            "교통총점":52.0,
            "백화점":100,
            "아울렛몰":0,
            "대형마트":0,
            "은행":20,
            "병원":80,
            "종합병원":100,
            "공원":100,
            "혐오시설":0,
            "인프라총점":63.0,
            "초등학군":84.2,
            "중학군":49.66,
            "학군총점":56.568,
            "인구수":60.53,
            "인구증감":-11.65,
            "인구총점":38.876,
            "일자리":29.7,
            "소득수준":60.47,
            "일자리총점":38.931,
            "가치 총점":60.5852,
            "매매실거래년":20211203.0,
            "매매실거래가":84000.0,
            "전세실거래년":20220105.0,
            "전세실거래가":31500.0,
            "전세가율":63.0,
            "장기전세가율평균":72.18,
            "전세가율거품지수":9.18,
            "검색코드":22503,
            "세대수":2432.0,
            "준공년월":"2008-10-17",
            "준공년차":15.0,
            "가까운역이름":"석천사거리",
            "가까운역거리":246.05,
            "역세권여부":"역세권",
            "30분이내주요거점역":0,
            "1시간이내주요거점역":6,
            "3km이내백화점수":1,
            "5km이내아울렛몰수":0,
            "1km이내대형먀트수":0,
            "500m이내은행수":2,
            "500m이내병원수":48,
            "5km이내대형병원수":6,
            "500m이내공원수":2,
            "3km이내혐오시설수":0,
            "초등학교학업성취도":84.2,
            "중학교학업성취도":81.5,
            "용적률":249,
            "건폐율":15,
            "Y":37.458956,
            "X":126.71064,
            "rank":12.0,
            "area_info":"24평(79.73), 33평(111.22), 33평(111.41), 34평(112.56), 44평(145.6), 44평(148.11), 52평(173.24)",
            "last_sales":"2021-12-03,84000.0,44평(145.6)"
        },
        {
            "index":292,
            "아파트명":"롯데캐슬골드2단지",
            "투자타입":"일반",
            "전용면적(m2)":"65.96",
            "전용면적(평)":"19평",
            "법정동주소":"인천시 남동구 구월동 24",
            "도로명주소":"인천시 남동구 호구포로 803",
            "세대수":100,
            "입주년차":40,
            "용적률점수":"--",
            "건폐율점수":"--",
            "세대당주차수":30,
            "난방방식":30,
            "공급면적":"--",
            "전용률":"--",
            "욕실수":50,
            "현관타입":100,
            "주거총점":65.5,
            "지역구공급총점":100.0,
            "역세권":80,
            "30분내 이동가능 거점":0,
            "1시간내 이동가능 거점":40,
            "교통총점":48.0,
            "백화점":100,
            "아울렛몰":0,
            "대형마트":0,
            "은행":70,
            "병원":100,
            "종합병원":100,
            "공원":100,
            "혐오시설":0,
            "인프라총점":70.0,
            "초등학군":86.91,
            "중학군":56.9,
            "학군총점":62.902,
            "인구수":60.53,
            "인구증감":-11.65,
            "인구총점":38.876,
            "일자리":29.7,
            "소득수준":60.47,
            "일자리총점":38.931,
            "가치 총점":60.3353,
            "매매실거래년":20211002.0,
            "매매실거래가":80000.0,
            "전세실거래년":20210408.0,
            "전세실거래가":22575.0,
            "전세가율":59.41,
            "장기전세가율평균":72.18,
            "전세가율거품지수":12.77,
            "검색코드":18893,
            "세대수":3384.0,
            "준공년월":"2007-08-01",
            "준공년차":16.0,
            "가까운역이름":"모래내시장",
            "가까운역거리":296.16,
            "역세권여부":"역세권",
            "30분이내주요거점역":0,
            "1시간이내주요거점역":4,
            "3km이내백화점수":1,
            "5km이내아울렛몰수":0,
            "1km이내대형먀트수":0,
            "500m이내은행수":3,
            "500m이내병원수":69,
            "5km이내대형병원수":4,
            "500m이내공원수":3,
            "3km이내혐오시설수":0,
            "초등학교학업성취도":86.91,
            "중학교학업성취도":92.5,
            "용적률":347,
            "건폐율":18,
            "Y":37.454326,
            "X":126.716529,
            "rank":13.0,
            "area_info":"19평(65.96), 26평(87.81), 31평(104.43), 33평(111.64), 33평(111.28), 33평(111.28), 34평(113.9), 34평(114.95), 34평(114.63), 44평(147.39), 50평(167.72)",
            "last_sales":"2021-10-02,80000.0,44평(147.39)"
        },
        {
            "index":127,
            "아파트명":"한국(393-1)",
            "투자타입":"재건축",
            "전용면적(m2)":"48.16",
            "전용면적(평)":"14평",
            "법정동주소":"인천시 남동구 간석동 393-1",
            "도로명주소":"인천시 남동구 주안로235번길 19",
            "세대수":0,
            "입주년차":"--",
            "용적률점수":100,
            "건폐율점수":80,
            "세대당주차수":"--",
            "난방방식":"--",
            "공급면적":50,
            "전용률":60,
            "욕실수":"--",
            "현관타입":"--",
            "주거총점":61.5,
            "지역구공급총점":100.0,
            "역세권":80,
            "30분내 이동가능 거점":0,
            "1시간내 이동가능 거점":60,
            "교통총점":52.0,
            "백화점":100,
            "아울렛몰":0,
            "대형마트":80,
            "은행":0,
            "병원":60,
            "종합병원":100,
            "공원":100,
            "혐오시설":0,
            "인프라총점":71.0,
            "초등학군":83.66,
            "중학군":47.52,
            "학군총점":54.748,
            "인구수":60.53,
            "인구증감":-11.65,
            "인구총점":38.876,
            "일자리":29.7,
            "소득수준":60.47,
            "일자리총점":38.931,
            "가치 총점":60.0122,
            "매매실거래년":20210507.0,
            "매매실거래가":10450.0,
            "전세실거래년":20140721.0,
            "전세실거래가":4000.0,
            "전세가율":47.62,
            "장기전세가율평균":72.18,
            "전세가율거품지수":24.56,
            "검색코드":11148,
            "세대수":144.0,
            "준공년월":"1988-06-16",
            "준공년차":35.0,
            "가까운역이름":"간석",
            "가까운역거리":111.36,
            "역세권여부":"역세권",
            "30분이내주요거점역":0,
            "1시간이내주요거점역":6,
            "3km이내백화점수":1,
            "5km이내아울렛몰수":0,
            "1km이내대형먀트수":1,
            "500m이내은행수":1,
            "500m이내병원수":15,
            "5km이내대형병원수":7,
            "500m이내공원수":4,
            "3km이내혐오시설수":0,
            "초등학교학업성취도":83.66,
            "중학교학업성취도":78.2,
            "용적률":147,
            "건폐율":29,
            "Y":37.464393,
            "X":126.695366,
            "rank":14.0,
            "area_info":"14평(48.16), 15평(50.86), 17평(58.64), 18평(60.09), 18평(61.16), 18평(61.16), 24평(81.06)",
            "last_sales":"2021-05-07,10450.0,17평(58.64)"
        },
        {
            "index":466,
            "아파트명":"인천논현힐스테이트",
            "투자타입":"일반",
            "전용면적(m2)":"113.44",
            "전용면적(평)":"34평",
            "법정동주소":"인천시 남동구 논현동 732-1",
            "도로명주소":"인천시 남동구 논고개로68번길 49",
            "세대수":50,
            "입주년차":60,
            "용적률점수":"--",
            "건폐율점수":"--",
            "세대당주차수":80,
            "난방방식":100,
            "공급면적":"--",
            "전용률":"--",
            "욕실수":100,
            "현관타입":100,
            "주거총점":71.5,
            "지역구공급총점":100.0,
            "역세권":80,
            "30분내 이동가능 거점":40,
            "1시간내 이동가능 거점":30,
            "교통총점":58.0,
            "백화점":0,
            "아울렛몰":80,
            "대형마트":80,
            "은행":70,
            "병원":80,
            "종합병원":80,
            "공원":100,
            "혐오시설":0,
            "인프라총점":54.0,
            "초등학군":90.89,
            "중학군":53.26,
            "학군총점":60.786,
            "인구수":60.53,
            "인구증감":-11.65,
            "인구총점":38.876,
            "일자리":29.7,
            "소득수준":60.47,
            "일자리총점":38.931,
            "가치 총점":59.9179,
            "매매실거래년":20211124.0,
            "매매실거래가":70000.0,
            "전세실거래년":20210705.0,
            "전세실거래가":45000.0,
            "전세가율":94.74,
            "장기전세가율평균":72.18,
            "전세가율거품지수":-22.56,
            "검색코드":26403,
            "세대수":594.0,
            "준공년월":"2010-11-18",
            "준공년차":13.0,
            "가까운역이름":"소래포구",
            "가까운역거리":419.38,
            "역세권여부":"역세권",
            "30분이내주요거점역":2,
            "1시간이내주요거점역":3,
            "3km이내백화점수":0,
            "5km이내아울렛몰수":1,
            "1km이내대형먀트수":1,
            "500m이내은행수":4,
            "500m이내병원수":50,
            "5km이내대형병원수":1,
            "500m이내공원수":6,
            "3km이내혐오시설수":0,
            "초등학교학업성취도":90.89,
            "중학교학업성취도":85.9,
            "용적률":226,
            "건폐율":12,
            "Y":37.400675,
            "X":126.728787,
            "rank":15.0,
            "area_info":"34평(113.44), 34평(113.06), 44평(147.26), 45평(150.59), 49평(164.45), 55평(182.33), 66평(218.81), 78평(260.53)",
            "last_sales":"2021-11-24,70000.0,55평(182.33)"
        },
        {
            "index":58,
            "아파트명":"성락",
            "투자타입":"재건축",
            "전용면적(m2)":"59.81",
            "전용면적(평)":"18평",
            "법정동주소":"인천시 남동구 간석동 514",
            "도로명주소":"인천시 남동구 석산로72번길 18",
            "세대수":0,
            "입주년차":"--",
            "용적률점수":100,
            "건폐율점수":80,
            "세대당주차수":"--",
            "난방방식":"--",
            "공급면적":50,
            "전용률":80,
            "욕실수":"--",
            "현관타입":"--",
            "주거총점":62.5,
            "지역구공급총점":100.0,
            "역세권":80,
            "30분내 이동가능 거점":0,
            "1시간내 이동가능 거점":60,
            "교통총점":52.0,
            "백화점":100,
            "아울렛몰":0,
            "대형마트":80,
            "은행":0,
            "병원":30,
            "종합병원":100,
            "공원":100,
            "혐오시설":0,
            "인프라총점":68.0,
            "초등학군":83.66,
            "중학군":51.06,
            "학군총점":57.58,
            "인구수":60.53,
            "인구증감":-11.65,
            "인구총점":38.876,
            "일자리":29.7,
            "소득수준":60.47,
            "일자리총점":38.931,
            "가치 총점":59.737,
            "매매실거래년":20211013.0,
            "매매실거래가":25300.0,
            "전세실거래년":20201029.0,
            "전세실거래가":6000.0,
            "전세가율":23.72,
            "장기전세가율평균":72.18,
            "전세가율거품지수":48.46,
            "검색코드":10958,
            "세대수":122.0,
            "준공년월":"1983-03-23",
            "준공년차":40.0,
            "가까운역이름":"인천시청",
            "가까운역거리":393.62,
            "역세권여부":"역세권",
            "30분이내주요거점역":0,
            "1시간이내주요거점역":6,
            "3km이내백화점수":1,
            "5km이내아울렛몰수":0,
            "1km이내대형먀트수":1,
            "500m이내은행수":1,
            "500m이내병원수":9,
            "5km이내대형병원수":6,
            "500m이내공원수":2,
            "3km이내혐오시설수":0,
            "초등학교학업성취도":83.66,
            "중학교학업성취도":84.5,
            "용적률":113,
            "건폐율":24,
            "Y":37.45991,
            "X":126.69907,
            "rank":16.0,
            "area_info":"18평(59.81)",
            "last_sales":"2021-10-13,25300.0,18평(59.81)"
        },
        {
            "index":46,
            "아파트명":"동국",
            "투자타입":"재건축",
            "전용면적(m2)":"73.39",
            "전용면적(평)":"22평",
            "법정동주소":"인천시 남동구 간석동 899",
            "도로명주소":"인천시 남동구 구월로37번길 20",
            "세대수":0,
            "입주년차":"--",
            "용적률점수":100,
            "건폐율점수":80,
            "세대당주차수":"--",
            "난방방식":"--",
            "공급면적":50,
            "전용률":80,
            "욕실수":"--",
            "현관타입":"--",
            "주거총점":62.5,
            "지역구공급총점":100.0,
            "역세권":80,
            "30분내 이동가능 거점":0,
            "1시간내 이동가능 거점":50,
            "교통총점":50.0,
            "백화점":100,
            "아울렛몰":0,
            "대형마트":80,
            "은행":20,
            "병원":30,
            "종합병원":100,
            "공원":100,
            "혐오시설":0,
            "인프라총점":70.0,
            "초등학군":83.66,
            "중학군":51.06,
            "학군총점":57.58,
            "인구수":60.53,
            "인구증감":-11.65,
            "인구총점":38.876,
            "일자리":29.7,
            "소득수준":60.47,
            "일자리총점":38.931,
            "가치 총점":59.637,
            "매매실거래년":20210424.0,
            "매매실거래가":29000.0,
            "전세실거래년":20190822.0,
            "전세실거래가":10000.0,
            "전세가율":38.54,
            "장기전세가율평균":72.18,
            "전세가율거품지수":33.64,
            "검색코드":11561,
            "세대수":121.0,
            "준공년월":"1982-12-04",
            "준공년차":41.0,
            "가까운역이름":"석바위시장",
            "가까운역거리":245.13,
            "역세권여부":"역세권",
            "30분이내주요거점역":0,
            "1시간이내주요거점역":5,
            "3km이내백화점수":1,
            "5km이내아울렛몰수":0,
            "1km이내대형먀트수":1,
            "500m이내은행수":2,
            "500m이내병원수":9,
            "5km이내대형병원수":6,
            "500m이내공원수":2,
            "3km이내혐오시설수":0,
            "초등학교학업성취도":83.66,
            "중학교학업성취도":84.5,
            "용적률":131,
            "건폐율":26,
            "Y":37.458497,
            "X":126.695118,
            "rank":17.0,
            "area_info":"22평(73.39), 23평(76.61), 23평(78.27), 23평(78.9)",
            "last_sales":"2021-04-24,29000.0,23평(78.27)"
        },
        {
            "index":677,
            "아파트명":"하우스토리만수",
            "투자타입":"일반",
            "전용면적(m2)":"81.39",
            "전용면적(평)":"24평",
            "법정동주소":"인천시 남동구 만수동 1123",
            "도로명주소":"인천시 남동구 구월로372번길 90",
            "세대수":80,
            "입주년차":100,
            "용적률점수":"--",
            "건폐율점수":"--",
            "세대당주차수":30,
            "난방방식":30,
            "공급면적":"--",
            "전용률":"--",
            "욕실수":100,
            "현관타입":100,
            "주거총점":75.5,
            "지역구공급총점":100.0,
            "역세권":80,
            "30분내 이동가능 거점":0,
            "1시간내 이동가능 거점":10,
            "교통총점":42.0,
            "백화점":100,
            "아울렛몰":0,
            "대형마트":80,
            "은행":0,
            "병원":60,
            "종합병원":100,
            "공원":100,
            "혐오시설":0,
            "인프라총점":71.0,
            "초등학군":86.6,
            "중학군":44.76,
            "학군총점":53.128,
            "인구수":60.53,
            "인구증감":-11.65,
            "인구총점":38.876,
            "일자리":29.7,
            "소득수준":60.47,
            "일자리총점":38.931,
            "가치 총점":59.0692,
            "매매실거래년":20211201.0,
            "매매실거래가":21400.0,
            "전세실거래년":20211123.0,
            "전세실거래가":30000.0,
            "전세가율":140.19,
            "장기전세가율평균":72.18,
            "전세가율거품지수":-68.01,
            "검색코드":120852,
            "세대수":795.0,
            "준공년월":"2020-07-27",
            "준공년차":3.0,
            "가까운역이름":"만수",
            "가까운역거리":392.63,
            "역세권여부":"역세권",
            "30분이내주요거점역":0,
            "1시간이내주요거점역":1,
            "3km이내백화점수":1,
            "5km이내아울렛몰수":0,
            "1km이내대형먀트수":1,
            "500m이내은행수":0,
            "500m이내병원수":15,
            "5km이내대형병원수":4,
            "500m이내공원수":4,
            "3km이내혐오시설수":0,
            "초등학교학업성취도":86.6,
            "중학교학업성취도":71.8,
            "용적률":245,
            "건폐율":20,
            "Y":37.451554,
            "X":126.730715,
            "rank":18.0,
            "area_info":"24평(81.39), 24평(81.33), 24평(82.29)",
            "last_sales":"2021-12-01,21400.0,24평(81.39)"
        },
        {
            "index":204,
            "아파트명":"구월파라디아(도시형)",
            "투자타입":"일반",
            "전용면적(m2)":"28.57",
            "전용면적(평)":"8평",
            "법정동주소":"인천시 남동구 구월동 1143-34",
            "도로명주소":"인천시 남동구 남동대로765번길 26",
            "세대수":0,
            "입주년차":80,
            "용적률점수":"--",
            "건폐율점수":"--",
            "세대당주차수":0,
            "난방방식":30,
            "공급면적":"--",
            "전용률":"--",
            "욕실수":50,
            "현관타입":100,
            "주거총점":34.0,
            "지역구공급총점":100.0,
            "역세권":80,
            "30분내 이동가능 거점":0,
            "1시간내 이동가능 거점":50,
            "교통총점":50.0,
            "백화점":100,
            "아울렛몰":0,
            "대형마트":100,
            "은행":100,
            "병원":80,
            "종합병원":100,
            "공원":100,
            "혐오시설":0,
            "인프라총점":86.0,
            "초등학군":88.31,
            "중학군":52.62,
            "학군총점":59.758,
            "인구수":60.53,
            "인구증감":-11.65,
            "인구총점":38.876,
            "일자리":29.7,
            "소득수준":60.47,
            "일자리총점":38.931,
            "가치 총점":59.0637,
            "매매실거래년":20190622.0,
            "매매실거래가":9000.0,
            "전세실거래년":null,
            "전세실거래가":null,
            "전세가율":null,
            "장기전세가율평균":72.18,
            "전세가율거품지수":null,
            "검색코드":105563,
            "세대수":125.0,
            "준공년월":"2014-02-27",
            "준공년차":9.0,
            "가까운역이름":"예술회관",
            "가까운역거리":497.17,
            "역세권여부":"역세권",
            "30분이내주요거점역":0,
            "1시간이내주요거점역":5,
            "3km이내백화점수":1,
            "5km이내아울렛몰수":0,
            "1km이내대형먀트수":2,
            "500m이내은행수":5,
            "500m이내병원수":33,
            "5km이내대형병원수":5,
            "500m이내공원수":2,
            "3km이내혐오시설수":0,
            "초등학교학업성취도":88.31,
            "중학교학업성취도":85.1,
            "용적률":773,
            "건폐율":63,
            "Y":37.451051,
            "X":126.706244,
            "rank":19.0,
            "area_info":"8평(28.57), 8평(29.23), 9평(30.71), 10평(33.12), 11평(37.31), 11평(37.93)",
            "last_sales":"2019-06-22,9000.0,11평(37.93)"
        },
        {
            "index":76,
            "아파트명":"우성1차",
            "투자타입":"재건축",
            "전용면적(m2)":"71.96",
            "전용면적(평)":"21평",
            "법정동주소":"인천시 남동구 간석동 893-1",
            "도로명주소":"인천시 남동구 방축로 501",
            "세대수":90,
            "입주년차":"--",
            "용적률점수":20,
            "건폐율점수":100,
            "세대당주차수":"--",
            "난방방식":"--",
            "공급면적":50,
            "전용률":60,
            "욕실수":"--",
            "현관타입":"--",
            "주거총점":60.5,
            "지역구공급총점":100.0,
            "역세권":80,
            "30분내 이동가능 거점":0,
            "1시간내 이동가능 거점":60,
            "교통총점":52.0,
            "백화점":100,
            "아울렛몰":0,
            "대형마트":80,
            "은행":0,
            "병원":30,
            "종합병원":100,
            "공원":100,
            "혐오시설":0,
            "인프라총점":68.0,
            "초등학군":86.59,
            "중학군":47.52,
            "학군총점":55.334,
            "인구수":60.53,
            "인구증감":-11.65,
            "인구총점":38.876,
            "일자리":29.7,
            "소득수준":60.47,
            "일자리총점":38.931,
            "가치 총점":59.0001,
            "매매실거래년":20211221.0,
            "매매실거래가":43000.0,
            "전세실거래년":20220115.0,
            "전세실거래가":19000.0,
            "전세가율":71.7,
            "장기전세가율평균":72.18,
            "전세가율거품지수":0.48,
            "검색코드":2239,
            "세대수":1050.0,
            "준공년월":"1990-07-13",
            "준공년차":33.0,
            "가까운역이름":"간석",
            "가까운역거리":239.47,
            "역세권여부":"역세권",
            "30분이내주요거점역":0,
            "1시간이내주요거점역":6,
            "3km이내백화점수":1,
            "5km이내아울렛몰수":0,
            "1km이내대형먀트수":1,
            "500m이내은행수":1,
            "500m이내병원수":8,
            "5km이내대형병원수":8,
            "500m이내공원수":3,
            "3km이내혐오시설수":0,
            "초등학교학업성취도":86.59,
            "중학교학업성취도":78.2,
            "용적률":213,
            "건폐율":16,
            "Y":37.466854,
            "X":126.694679,
            "rank":20.0,
            "area_info":"21평(71.96), 26평(88.82), 30평(101.69), 38평(128.04)",
            "last_sales":"2021-12-21,43000.0,30평(101.69)"
        },
        {
            "index":358,
            "아파트명":"냇마을신영지웰",
            "투자타입":"일반",
            "전용면적(m2)":"121.96",
            "전용면적(평)":"36평",
            "법정동주소":"인천시 남동구 논현동 604-1",
            "도로명주소":"인천시 남동구 소래역로 93",
            "세대수":90,
            "입주년차":40,
            "용적률점수":"--",
            "건폐율점수":"--",
            "세대당주차수":60,
            "난방방식":100,
            "공급면적":"--",
            "전용률":"--",
            "욕실수":100,
            "현관타입":100,
            "주거총점":78.5,
            "지역구공급총점":100.0,
            "역세권":80,
            "30분내 이동가능 거점":40,
            "1시간내 이동가능 거점":30,
            "교통총점":58.0,
            "백화점":0,
            "아울렛몰":80,
            "대형마트":80,
            "은행":20,
            "병원":60,
            "종합병원":80,
            "공원":100,
            "혐오시설":0,
            "인프라총점":47.0,
            "초등학군":86.3,
            "중학군":52.08,
            "학군총점":58.924,
            "인구수":60.53,
            "인구증감":-11.65,
            "인구총점":38.876,
            "일자리":29.7,
            "소득수준":60.47,
            "일자리총점":38.931,
            "가치 총점":58.9386,
            "매매실거래년":20211208.0,
            "매매실거래가":98000.0,
            "전세실거래년":20220111.0,
            "전세실거래가":45000.0,
            "전세가율":69.77,
            "장기전세가율평균":72.18,
            "전세가율거품지수":2.41,
            "검색코드":22103,
            "세대수":985.0,
            "준공년월":"2007-10-27",
            "준공년차":16.0,
            "가까운역이름":"소래포구",
            "가까운역거리":487.88,
            "역세권여부":"역세권",
            "30분이내주요거점역":2,
            "1시간이내주요거점역":3,
            "3km이내백화점수":0,
            "5km이내아울렛몰수":1,
            "1km이내대형먀트수":1,
            "500m이내은행수":2,
            "500m이내병원수":10,
            "5km이내대형병원수":1,
            "500m이내공원수":3,
            "3km이내혐오시설수":0,
            "초등학교학업성취도":86.3,
            "중학교학업성취도":84.2,
            "용적률":224,
            "건폐율":13,
            "Y":37.403817,
            "X":126.729341,
            "rank":21.0,
            "area_info":"36평(121.96), 48평(161.9), 56평(185.8), 72평(239.43), 78평(260.03)",
            "last_sales":"2021-12-08,98000.0,78평(260.03)"
        },
        {
            "index":125,
            "아파트명":"한국(387)",
            "투자타입":"재건축",
            "전용면적(m2)":"58.88",
            "전용면적(평)":"17평",
            "법정동주소":"인천시 남동구 간석동 387",
            "도로명주소":"인천시 남동구 주안로259번길 27",
            "세대수":0,
            "입주년차":"--",
            "용적률점수":80,
            "건폐율점수":80,
            "세대당주차수":"--",
            "난방방식":"--",
            "공급면적":50,
            "전용률":60,
            "욕실수":"--",
            "현관타입":"--",
            "주거총점":53.5,
            "지역구공급총점":100.0,
            "역세권":80,
            "30분내 이동가능 거점":0,
            "1시간내 이동가능 거점":50,
            "교통총점":50.0,
            "백화점":100,
            "아울렛몰":0,
            "대형마트":80,
            "은행":20,
            "병원":60,
            "종합병원":100,
            "공원":100,
            "혐오시설":0,
            "인프라총점":73.0,
            "초등학군":90.0,
            "중학군":47.52,
            "학군총점":56.016,
            "인구수":60.53,
            "인구증감":-11.65,
            "인구총점":38.876,
            "일자리":29.7,
            "소득수준":60.47,
            "일자리총점":38.931,
            "가치 총점":58.5024,
            "매매실거래년":20211106.0,
            "매매실거래가":10800.0,
            "전세실거래년":20211116.0,
            "전세실거래가":6000.0,
            "전세가율":63.83,
            "장기전세가율평균":72.18,
            "전세가율거품지수":8.35,
            "검색코드":11147,
            "세대수":132.0,
            "준공년월":"1989-11-23",
            "준공년차":34.0,
            "가까운역이름":"간석",
            "가까운역거리":352.5,
            "역세권여부":"역세권",
            "30분이내주요거점역":0,
            "1시간이내주요거점역":5,
            "3km이내백화점수":1,
            "5km이내아울렛몰수":0,
            "1km이내대형먀트수":1,
            "500m이내은행수":2,
            "500m이내병원수":14,
            "5km이내대형병원수":7,
            "500m이내공원수":6,
            "3km이내혐오시설수":0,
            "초등학교학업성취도":90.0,
            "중학교학업성취도":78.2,
            "용적률":177,
            "건폐율":29,
            "Y":37.46458,
            "X":126.69817,
            "rank":22.0,
            "area_info":"17평(58.88), 18평(62.62)",
            "last_sales":"2021-11-06,10800.0,18평(62.62)"
        },
        {
            "index":30,
            "아파트명":"광명(894-1)",
            "투자타입":"재건축",
            "전용면적(m2)":"63.42",
            "전용면적(평)":"19평",
            "법정동주소":"인천시 남동구 간석동 894-1",
            "도로명주소":"인천시 남동구 방축로 492",
            "세대수":0,
            "입주년차":"--",
            "용적률점수":80,
            "건폐율점수":80,
            "세대당주차수":"--",
            "난방방식":"--",
            "공급면적":50,
            "전용률":60,
            "욕실수":"--",
            "현관타입":"--",
            "주거총점":53.5,
            "지역구공급총점":100.0,
            "역세권":80,
            "30분내 이동가능 거점":0,
            "1시간내 이동가능 거점":60,
            "교통총점":52.0,
            "백화점":100,
            "아울렛몰":0,
            "대형마트":80,
            "은행":0,
            "병원":60,
            "종합병원":100,
            "공원":100,
            "혐오시설":0,
            "인프라총점":71.0,
            "초등학군":86.59,
            "중학군":47.52,
            "학군총점":55.334,
            "인구수":60.53,
            "인구증감":-11.65,
            "인구총점":38.876,
            "일자리":29.7,
            "소득수준":60.47,
            "일자리총점":38.931,
            "가치 총점":58.5001,
            "매매실거래년":20220108.0,
            "매매실거래가":13000.0,
            "전세실거래년":20211023.0,
            "전세실거래가":11000.0,
            "전세가율":84.62,
            "장기전세가율평균":72.18,
            "전세가율거품지수":-12.44,
            "검색코드":9736,
            "세대수":192.0,
            "준공년월":"1989-05-13",
            "준공년차":34.0,
            "가까운역이름":"간석",
            "가까운역거리":244.48,
            "역세권여부":"역세권",
            "30분이내주요거점역":0,
            "1시간이내주요거점역":6,
            "3km이내백화점수":1,
            "5km이내아울렛몰수":0,
            "1km이내대형먀트수":1,
            "500m이내은행수":0,
            "500m이내병원수":10,
            "5km이내대형병원수":7,
            "500m이내공원수":2,
            "3km이내혐오시설수":0,
            "초등학교학업성취도":86.59,
            "중학교학업성취도":78.2,
            "용적률":168,
            "건폐율":28,
            "Y":37.466377,
            "X":126.692336,
            "rank":23.0,
            "area_info":"19평(63.42), 23평(76.25), 25평(83.13)",
            "last_sales":"2022-01-08,13000.0,19평(63.42)"
        },
        {
            "index":258,
            "아파트명":"대우재엘에이치",
            "투자타입":"일반",
            "전용면적(m2)":"109.21",
            "전용면적(평)":"33평",
            "법정동주소":"인천시 남동구 구월동 1476",
            "도로명주소":"인천시 남동구 문화로 161",
            "세대수":0,
            "입주년차":60,
            "용적률점수":"--",
            "건폐율점수":"--",
            "세대당주차수":60,
            "난방방식":30,
            "공급면적":"--",
            "전용률":"--",
            "욕실수":100,
            "현관타입":100,
            "주거총점":44.0,
            "지역구공급총점":100.0,
            "역세권":80,
            "30분내 이동가능 거점":0,
            "1시간내 이동가능 거점":50,
            "교통총점":50.0,
            "백화점":100,
            "아울렛몰":0,
            "대형마트":80,
            "은행":70,
            "병원":60,
            "종합병원":100,
            "공원":100,
            "혐오시설":0,
            "인프라총점":78.0,
            "초등학군":87.07,
            "중학군":51.06,
            "학군총점":58.262,
            "인구수":60.53,
            "인구증감":-11.65,
            "인구총점":38.876,
            "일자리":29.7,
            "소득수준":60.47,
            "일자리총점":38.931,
            "가치 총점":58.4393,
            "매매실거래년":20211005.0,
            "매매실거래가":60000.0,
            "전세실거래년":20210219.0,
            "전세실거래가":33000.0,
            "전세가율":55.0,
            "장기전세가율평균":72.18,
            "전세가율거품지수":17.18,
            "검색코드":101507,
            "세대수":120.0,
            "준공년월":"2011-12-06",
            "준공년차":12.0,
            "가까운역이름":"인천시청",
            "가까운역거리":438.18,
            "역세권여부":"역세권",
            "30분이내주요거점역":0,
            "1시간이내주요거점역":5,
            "3km이내백화점수":1,
            "5km이내아울렛몰수":0,
            "1km이내대형먀트수":1,
            "500m이내은행수":4,
            "500m이내병원수":11,
            "5km이내대형병원수":5,
            "500m이내공원수":2,
            "3km이내혐오시설수":0,
            "초등학교학업성취도":87.07,
            "중학교학업성취도":84.5,
            "용적률":168,
            "건폐율":17,
            "Y":37.454024,
            "X":126.699671,
            "rank":24.0,
            "area_info":"33평(109.21), 33평(109.16), 33평(109.44)",
            "last_sales":"2021-10-05,60000.0,33평(109.21)"
        },
        {
            "index":222,
            "아파트명":"구월프라움아트(도시형)",
            "투자타입":"일반",
            "전용면적(m2)":"22.95",
            "전용면적(평)":"6평",
            "법정동주소":"인천시 남동구 구월동 1131-18",
            "도로명주소":"인천시 남동구 예술로204번길 19",
            "세대수":0,
            "입주년차":80,
            "용적률점수":"--",
            "건폐율점수":"--",
            "세대당주차수":0,
            "난방방식":30,
            "공급면적":"--",
            "전용률":"--",
            "욕실수":50,
            "현관타입":100,
            "주거총점":34.0,
            "지역구공급총점":100.0,
            "역세권":80,
            "30분내 이동가능 거점":0,
            "1시간내 이동가능 거점":50,
            "교통총점":50.0,
            "백화점":100,
            "아울렛몰":0,
            "대형마트":100,
            "은행":100,
            "병원":60,
            "종합병원":100,
            "공원":100,
            "혐오시설":0,
            "인프라총점":84.0,
            "초등학군":87.07,
            "중학군":52.62,
            "학군총점":59.51,
            "인구수":60.53,
            "인구증감":-11.65,
            "인구총점":38.876,
            "일자리":29.7,
            "소득수준":60.47,
            "일자리총점":38.931,
            "가치 총점":58.4265,
            "매매실거래년":20211210.0,
            "매매실거래가":14890.0,
            "전세실거래년":20211215.0,
            "전세실거래가":9000.0,
            "전세가율":103.45,
            "장기전세가율평균":72.18,
            "전세가율거품지수":-31.27,
            "검색코드":113447,
            "세대수":244.0,
            "준공년월":"2016-07-27",
            "준공년차":7.0,
            "가까운역이름":"예술회관",
            "가까운역거리":381.08,
            "역세권여부":"역세권",
            "30분이내주요거점역":0,
            "1시간이내주요거점역":5,
            "3km이내백화점수":1,
            "5km이내아울렛몰수":0,
            "1km이내대형먀트수":2,
            "500m이내은행수":8,
            "500m이내병원수":15,
            "5km이내대형병원수":5,
            "500m이내공원수":2,
            "3km이내혐오시설수":0,
            "초등학교학업성취도":87.07,
            "중학교학업성취도":85.1,
            "용적률":691,
            "건폐율":57,
            "Y":37.452553,
            "X":126.702692,
            "rank":25.0,
            "area_info":"6평(22.95), 7평(23.48), 7평(23.31), 8평(27.97), 8평(28.34), 8평(29.11), 8평(29.39), 8평(29.74), 9평(30.59), 9평(31.45), 10평(34.88)",
            "last_sales":"2021-12-10,14890.0,8평(27.97)"
        },
        {
            "index":44,
            "아파트명":"다정한마을서해그랑블",
            "투자타입":"일반",
            "전용면적(m2)":"77.11",
            "전용면적(평)":"23평",
            "법정동주소":"인천시 남동구 간석동 408-1",
            "도로명주소":"인천시 남동구 구월로157번길 7",
            "세대수":0,
            "입주년차":40,
            "용적률점수":"--",
            "건폐율점수":"--",
            "세대당주차수":30,
            "난방방식":30,
            "공급면적":"--",
            "전용률":"--",
            "욕실수":100,
            "현관타입":100,
            "주거총점":35.5,
            "지역구공급총점":100.0,
            "역세권":80,
            "30분내 이동가능 거점":0,
            "1시간내 이동가능 거점":70,
            "교통총점":54.0,
            "백화점":100,
            "아울렛몰":0,
            "대형마트":80,
            "은행":70,
            "병원":60,
            "종합병원":100,
            "공원":80,
            "혐오시설":0,
            "인프라총점":77.4,
            "초등학군":88.31,
            "중학군":49.66,
            "학군총점":57.39,
            "인구수":60.53,
            "인구증감":-11.65,
            "인구총점":38.876,
            "일자리":29.7,
            "소득수준":60.47,
            "일자리총점":38.931,
            "가치 총점":57.8285,
            "매매실거래년":20211025.0,
            "매매실거래가":49000.0,
            "전세실거래년":20220108.0,
            "전세실거래가":23000.0,
            "전세가율":58.97,
            "장기전세가율평균":72.18,
            "전세가율거품지수":13.21,
            "검색코드":11062,
            "세대수":270.0,
            "준공년월":"2004-08-27",
            "준공년차":19.0,
            "가까운역이름":"석천사거리",
            "가까운역거리":337.51,
            "역세권여부":"역세권",
            "30분이내주요거점역":0,
            "1시간이내주요거점역":7,
            "3km이내백화점수":1,
            "5km이내아울렛몰수":0,
            "1km이내대형먀트수":1,
            "500m이내은행수":4,
            "500m이내병원수":19,
            "5km이내대형병원수":6,
            "500m이내공원수":1,
            "3km이내혐오시설수":0,
            "초등학교학업성취도":88.31,
            "중학교학업성취도":81.5,
            "용적률":249,
            "건폐율":21,
            "Y":37.45717,
            "X":126.70619,
            "rank":26.0,
            "area_info":"23평(77.11), 31평(103.58)",
            "last_sales":"2021-10-25,49000.0,31평(103.58)"
        },
        {
            "index":428,
            "아파트명":"에코메트로12단지한화꿈에그린",
            "투자타입":"일반",
            "전용면적(m2)":"111.22",
            "전용면적(평)":"33평",
            "법정동주소":"인천시 남동구 논현동 755-4",
            "도로명주소":"인천시 남동구 논고개로 10",
            "세대수":90,
            "입주년차":60,
            "용적률점수":"--",
            "건폐율점수":"--",
            "세대당주차수":60,
            "난방방식":100,
            "공급면적":"--",
            "전용률":"--",
            "욕실수":100,
            "현관타입":50,
            "주거총점":77.5,
            "지역구공급총점":100.0,
            "역세권":80,
            "30분내 이동가능 거점":40,
            "1시간내 이동가능 거점":30,
            "교통총점":58.0,
            "백화점":0,
            "아울렛몰":80,
            "대형마트":80,
            "은행":0,
            "병원":0,
            "종합병원":100,
            "공원":100,
            "혐오시설":0,
            "인프라총점":43.0,
            "초등학군":90.89,
            "중학군":53.26,
            "학군총점":60.786,
            "인구수":60.53,
            "인구증감":-11.65,
            "인구총점":38.876,
            "일자리":29.7,
            "소득수준":60.47,
            "일자리총점":38.931,
            "가치 총점":57.8179,
            "매매실거래년":20211130.0,
            "매매실거래가":65500.0,
            "전세실거래년":20211125.0,
            "전세실거래가":42000.0,
            "전세가율":62.69,
            "장기전세가율평균":72.18,
            "전세가율거품지수":9.49,
            "검색코드":26126,
            "세대수":1298.0,
            "준공년월":"2009-07-29",
            "준공년차":14.0,
            "가까운역이름":"소래포구",
            "가까운역거리":489.92,
            "역세권여부":"역세권",
            "30분이내주요거점역":2,
            "1시간이내주요거점역":3,
            "3km이내백화점수":0,
            "5km이내아울렛몰수":1,
            "1km이내대형먀트수":1,
            "500m이내은행수":0,
            "500m이내병원수":0,
            "5km이내대형병원수":2,
            "500m이내공원수":4,
            "3km이내혐오시설수":0,
            "초등학교학업성취도":90.89,
            "중학교학업성취도":85.9,
            "용적률":198,
            "건폐율":14,
            "Y":37.39658,
            "X":126.734229,
            "rank":27.0,
            "area_info":"33평(111.22), 33평(112.17), 33평(112.17), 39평(131.0), 43평(142.98), 46평(153.2), 49평(164.6), 58평(194.41)",
            "last_sales":"2021-11-30,65500.0,33평(112.17)"
        },
        {
            "index":22,
            "아파트명":"간석우성2차",
            "투자타입":"재건축",
            "전용면적(m2)":"76.7",
            "전용면적(평)":"23평",
            "법정동주소":"인천시 남동구 간석동 609",
            "도로명주소":"인천시 남동구 석정로551번길 20",
            "세대수":0,
            "입주년차":"--",
            "용적률점수":80,
            "건폐율점수":80,
            "세대당주차수":"--",
            "난방방식":"--",
            "공급면적":50,
            "전용률":60,
            "욕실수":"--",
            "현관타입":"--",
            "주거총점":53.5,
            "지역구공급총점":100.0,
            "역세권":80,
            "30분내 이동가능 거점":0,
            "1시간내 이동가능 거점":60,
            "교통총점":52.0,
            "백화점":100,
            "아울렛몰":0,
            "대형마트":80,
            "은행":0,
            "병원":30,
            "종합병원":100,
            "공원":100,
            "혐오시설":0,
            "인프라총점":68.0,
            "초등학군":86.59,
            "중학군":47.52,
            "학군총점":55.334,
            "인구수":60.53,
            "인구증감":-11.65,
            "인구총점":38.876,
            "일자리":29.7,
            "소득수준":60.47,
            "일자리총점":38.931,
            "가치 총점":57.6001,
            "매매실거래년":20210729.0,
            "매매실거래가":30500.0,
            "전세실거래년":20210715.0,
            "전세실거래가":17000.0,
            "전세가율":94.44,
            "장기전세가율평균":72.18,
            "전세가율거품지수":-22.26,
            "검색코드":2240,
            "세대수":108.0,
            "준공년월":"1992-07-24",
            "준공년차":31.0,
            "가까운역이름":"간석",
            "가까운역거리":401.68,
            "역세권여부":"역세권",
            "30분이내주요거점역":0,
            "1시간이내주요거점역":6,
            "3km이내백화점수":1,
            "5km이내아울렛몰수":0,
            "1km이내대형먀트수":1,
            "500m이내은행수":1,
            "500m이내병원수":7,
            "5km이내대형병원수":8,
            "500m이내공원수":4,
            "3km이내혐오시설수":0,
            "초등학교학업성취도":86.59,
            "중학교학업성취도":78.2,
            "용적률":170,
            "건폐율":26,
            "Y":37.467218,
            "X":126.697489,
            "rank":28.0,
            "area_info":"23평(76.7), 31평(103.59)",
            "last_sales":"2021-07-29,30500.0,31평(103.59)"
        },
        {
            "index":156,
            "아파트명":"현대홈타운",
            "투자타입":"일반",
            "전용면적(m2)":"90.7",
            "전용면적(평)":"27평",
            "법정동주소":"인천시 남동구 간석동 900-153",
            "도로명주소":"인천시 남동구 구월로 65",
            "세대수":50,
            "입주년차":20,
            "용적률점수":"--",
            "건폐율점수":"--",
            "세대당주차수":60,
            "난방방식":30,
            "공급면적":"--",
            "전용률":"--",
            "욕실수":100,
            "현관타입":100,
            "주거총점":53.5,
            "지역구공급총점":100.0,
            "역세권":80,
            "30분내 이동가능 거점":0,
            "1시간내 이동가능 거점":50,
            "교통총점":50.0,
            "백화점":100,
            "아울렛몰":0,
            "대형마트":80,
            "은행":0,
            "병원":30,
            "종합병원":100,
            "공원":100,
            "혐오시설":0,
            "인프라총점":68.0,
            "초등학군":83.66,
            "중학군":51.06,
            "학군총점":57.58,
            "인구수":60.53,
            "인구증감":-11.65,
            "인구총점":38.876,
            "일자리":29.7,
            "소득수준":60.47,
            "일자리총점":38.931,
            "가치 총점":57.237,
            "매매실거래년":20211002.0,
            "매매실거래가":75000.0,
            "전세실거래년":20201119.0,
            "전세실거래가":27000.0,
            "전세가율":62.07,
            "장기전세가율평균":72.18,
            "전세가율거품지수":10.11,
            "검색코드":9221,
            "세대수":649.0,
            "준공년월":"2003-04-15",
            "준공년차":20.0,
            "가까운역이름":"인천시청",
            "가까운역거리":399.02,
            "역세권여부":"역세권",
            "30분이내주요거점역":0,
            "1시간이내주요거점역":5,
            "3km이내백화점수":1,
            "5km이내아울렛몰수":0,
            "1km이내대형먀트수":1,
            "500m이내은행수":1,
            "500m이내병원수":9,
            "5km이내대형병원수":6,
            "500m이내공원수":2,
            "3km이내혐오시설수":0,
            "초등학교학업성취도":83.66,
            "중학교학업성취도":84.5,
            "용적률":351,
            "건폐율":22,
            "Y":37.458401,
            "X":126.697878,
            "rank":29.0,
            "area_info":"27평(90.7), 30평(101.39), 37평(122.37), 42평(140.59), 48평(158.99)",
            "last_sales":"2021-10-02,75000.0,48평(158.99)"
        },
        {
            "index":335,
            "아파트명":"중앙헤리티지(도시형)",
            "투자타입":"일반",
            "전용면적(m2)":"22.48",
            "전용면적(평)":"6평",
            "법정동주소":"인천시 남동구 구월동 1132-11",
            "도로명주소":"인천시 남동구 예술로204번길 39",
            "세대수":0,
            "입주년차":60,
            "용적률점수":"--",
            "건폐율점수":"--",
            "세대당주차수":0,
            "난방방식":30,
            "공급면적":"--",
            "전용률":"--",
            "욕실수":50,
            "현관타입":50,
            "주거총점":25.0,
            "지역구공급총점":100.0,
            "역세권":80,
            "30분내 이동가능 거점":0,
            "1시간내 이동가능 거점":60,
            "교통총점":52.0,
            "백화점":100,
            "아울렛몰":0,
            "대형마트":100,
            "은행":100,
            "병원":60,
            "종합병원":100,
            "공원":80,
            "혐오시설":0,
            "인프라총점":83.4,
            "초등학군":88.31,
            "중학군":52.62,
            "학군총점":59.758,
            "인구수":60.53,
            "인구증감":-11.65,
            "인구총점":38.876,
            "일자리":29.7,
            "소득수준":60.47,
            "일자리총점":38.931,
            "가치 총점":57.1837,
            "매매실거래년":20210513.0,
            "매매실거래가":6100.0,
            "전세실거래년":20211111.0,
            "전세실거래가":5700.0,
            "전세가율":85.07,
            "장기전세가율평균":72.18,
            "전세가율거품지수":-12.89,
            "검색코드":105387,
            "세대수":143.0,
            "준공년월":"2012-07-04",
            "준공년차":11.0,
            "가까운역이름":"예술회관",
            "가까운역거리":407.48,
            "역세권여부":"역세권",
            "30분이내주요거점역":0,
            "1시간이내주요거점역":6,
            "3km이내백화점수":1,
            "5km이내아울렛몰수":0,
            "1km이내대형먀트수":2,
            "500m이내은행수":9,
            "500m이내병원수":21,
            "5km이내대형병원수":5,
            "500m이내공원수":1,
            "3km이내혐오시설수":0,
            "초등학교학업성취도":88.31,
            "중학교학업성취도":85.1,
            "용적률":662,
            "건폐율":59,
            "Y":37.452348,
            "X":126.703747,
            "rank":30.0,
            "area_info":"6평(22.48), 6평(22.3), 7평(24.65), 7평(24.45), 7평(25.95), 7평(26.1)",
            "last_sales":"2021-05-13,6100.0,7평(26.1)"
        },
        {
            "index":330,
            "아파트명":"아트뷰(도시형)",
            "투자타입":"일반",
            "전용면적(m2)":"21.37",
            "전용면적(평)":"6평",
            "법정동주소":"인천시 남동구 구월동 1128-1",
            "도로명주소":"인천시 남동구 예술로192번길 32",
            "세대수":0,
            "입주년차":60,
            "용적률점수":"--",
            "건폐율점수":"--",
            "세대당주차수":0,
            "난방방식":30,
            "공급면적":"--",
            "전용률":"--",
            "욕실수":50,
            "현관타입":50,
            "주거총점":25.0,
            "지역구공급총점":100.0,
            "역세권":80,
            "30분내 이동가능 거점":0,
            "1시간내 이동가능 거점":60,
            "교통총점":52.0,
            "백화점":100,
            "아울렛몰":0,
            "대형마트":100,
            "은행":70,
            "병원":80,
            "종합병원":100,
            "공원":80,
            "혐오시설":0,
            "인프라총점":82.4,
            "초등학군":87.07,
            "중학군":52.62,
            "학군총점":59.51,
            "인구수":60.53,
            "인구증감":-11.65,
            "인구총점":38.876,
            "일자리":29.7,
            "소득수준":60.47,
            "일자리총점":38.931,
            "가치 총점":56.8465,
            "매매실거래년":20211118.0,
            "매매실거래가":6800.0,
            "전세실거래년":20201123.0,
            "전세실거래가":4000.0,
            "전세가율":58.82,
            "장기전세가율평균":72.18,
            "전세가율거품지수":13.36,
            "검색코드":105980,
            "세대수":126.0,
            "준공년월":"2012-09-12",
            "준공년차":11.0,
            "가까운역이름":"예술회관",
            "가까운역거리":215.08,
            "역세권여부":"역세권",
            "30분이내주요거점역":0,
            "1시간이내주요거점역":6,
            "3km이내백화점수":1,
            "5km이내아울렛몰수":0,
            "1km이내대형먀트수":2,
            "500m이내은행수":4,
            "500m이내병원수":37,
            "5km이내대형병원수":5,
            "500m이내공원수":1,
            "3km이내혐오시설수":0,
            "초등학교학업성취도":87.07,
            "중학교학업성취도":85.1,
            "용적률":576,
            "건폐율":56,
            "Y":37.450635,
            "X":126.702883,
            "rank":31.0,
            "area_info":"6평(21.37), 7평(24.09), 7평(24.26), 7평(25.2), 7평(25.37)",
            "last_sales":"2021-11-18,6800.0,6평(21.37)"
        },
        {
            "index":478,
            "아파트명":"인천소래논현구역에코메트로3차더타워",
            "투자타입":"일반",
            "전용면적(m2)":"131.83",
            "전용면적(평)":"39평",
            "법정동주소":"인천시 남동구 논현동 751-1",
            "도로명주소":"인천시 남동구 소래역남로 40",
            "세대수":50,
            "입주년차":60,
            "용적률점수":"--",
            "건폐율점수":"--",
            "세대당주차수":80,
            "난방방식":100,
            "공급면적":"--",
            "전용률":"--",
            "욕실수":100,
            "현관타입":100,
            "주거총점":71.5,
            "지역구공급총점":100.0,
            "역세권":80,
            "30분내 이동가능 거점":40,
            "1시간내 이동가능 거점":50,
            "교통총점":62.0,
            "백화점":0,
            "아울렛몰":80,
            "대형마트":80,
            "은행":0,
            "병원":0,
            "종합병원":80,
            "공원":100,
            "혐오시설":0,
            "인프라총점":39.0,
            "초등학군":90.89,
            "중학군":53.26,
            "학군총점":60.786,
            "인구수":60.53,
            "인구증감":-11.65,
            "인구총점":38.876,
            "일자리":29.7,
            "소득수준":60.47,
            "일자리총점":38.931,
            "가치 총점":56.8179,
            "매매실거래년":20210731.0,
            "매매실거래가":78000.0,
            "전세실거래년":20210925.0,
            "전세실거래가":24150.0,
            "전세가율":36.59,
            "장기전세가율평균":72.18,
            "전세가율거품지수":35.59,
            "검색코드":101899,
            "세대수":644.0,
            "준공년월":"2013-11-01",
            "준공년차":10.0,
            "가까운역이름":"소래포구",
            "가까운역거리":143.68,
            "역세권여부":"역세권",
            "30분이내주요거점역":2,
            "1시간이내주요거점역":5,
            "3km이내백화점수":0,
            "5km이내아울렛몰수":1,
            "1km이내대형먀트수":1,
            "500m이내은행수":1,
            "500m이내병원수":1,
            "5km이내대형병원수":1,
            "500m이내공원수":7,
            "3km이내혐오시설수":0,
            "초등학교학업성취도":90.89,
            "중학교학업성취도":85.9,
            "용적률":699,
            "건폐율":54,
            "Y":37.399896,
            "X":126.732581,
            "rank":32.0,
            "area_info":"39평(131.83), 44평(146.39), 49평(164.11), 53평(177.5), 59평(196.62)",
            "last_sales":"2021-07-31,78000.0,59평(196.62)"
        },
        {
            "index":105,
            "아파트명":"청실",
            "투자타입":"재건축",
            "전용면적(m2)":"68.28",
            "전용면적(평)":"20평",
            "법정동주소":"인천시 남동구 간석동 585",
            "도로명주소":"인천시 남동구 석정로566번길 13",
            "세대수":0,
            "입주년차":"--",
            "용적률점수":80,
            "건폐율점수":60,
            "세대당주차수":"--",
            "난방방식":"--",
            "공급면적":50,
            "전용률":100,
            "욕실수":"--",
            "현관타입":"--",
            "주거총점":51.5,
            "지역구공급총점":100.0,
            "역세권":80,
            "30분내 이동가능 거점":0,
            "1시간내 이동가능 거점":50,
            "교통총점":50.0,
            "백화점":100,
            "아울렛몰":0,
            "대형마트":80,
            "은행":0,
            "병원":30,
            "종합병원":100,
            "공원":100,
            "혐오시설":0,
            "인프라총점":68.0,
            "초등학군":90.0,
            "중학군":47.52,
            "학군총점":56.016,
            "인구수":60.53,
            "인구증감":-11.65,
            "인구총점":38.876,
            "일자리":29.7,
            "소득수준":60.47,
            "일자리총점":38.931,
            "가치 총점":56.6024,
            "매매실거래년":20210826.0,
            "매매실거래가":16450.0,
            "전세실거래년":20180802.0,
            "전세실거래가":4000.0,
            "전세가율":24.32,
            "장기전세가율평균":72.18,
            "전세가율거품지수":47.86,
            "검색코드":11348,
            "세대수":100.0,
            "준공년월":"1984-12-07",
            "준공년차":39.0,
            "가까운역이름":"간석",
            "가까운역거리":440.42,
            "역세권여부":"역세권",
            "30분이내주요거점역":0,
            "1시간이내주요거점역":5,
            "3km이내백화점수":1,
            "5km이내아울렛몰수":0,
            "1km이내대형먀트수":1,
            "500m이내은행수":1,
            "500m이내병원수":6,
            "5km이내대형병원수":8,
            "500m이내공원수":4,
            "3km이내혐오시설수":0,
            "초등학교학업성취도":90.0,
            "중학교학업성취도":78.2,
            "용적률":154,
            "건폐율":30,
            "Y":37.465973,
            "X":126.698922,
            "rank":33.0,
            "area_info":"20평(68.28), 22평(74.34), 23평(78.4), 25평(84.06)",
            "last_sales":"2021-08-26,16450.0,20평(68.28)"
        },
        {
            "index":244,
            "아파트명":"구월힐스테이트3단지",
            "투자타입":"일반",
            "전용면적(m2)":"111.72",
            "전용면적(평)":"33평",
            "법정동주소":"인천시 남동구 구월동 20",
            "도로명주소":"인천시 남동구 용천로87번길 23",
            "세대수":50,
            "입주년차":40,
            "용적률점수":"--",
            "건폐율점수":"--",
            "세대당주차수":30,
            "난방방식":30,
            "공급면적":"--",
            "전용률":"--",
            "욕실수":100,
            "현관타입":100,
            "주거총점":53.0,
            "지역구공급총점":100.0,
            "역세권":80,
            "30분내 이동가능 거점":0,
            "1시간내 이동가능 거점":60,
            "교통총점":52.0,
            "백화점":100,
            "아울렛몰":0,
            "대형마트":0,
            "은행":20,
            "병원":60,
            "종합병원":100,
            "공원":100,
            "혐오시설":0,
            "인프라총점":61.0,
            "초등학군":84.2,
            "중학군":56.9,
            "학군총점":62.36,
            "인구수":60.53,
            "인구증감":-11.65,
            "인구총점":38.876,
            "일자리":29.7,
            "소득수준":60.47,
            "일자리총점":38.931,
            "가치 총점":56.454,
            "매매실거래년":20210923.0,
            "매매실거래가":64700.0,
            "전세실거래년":20211124.0,
            "전세실거래가":28000.0,
            "전세가율":50.91,
            "장기전세가율평균":72.18,
            "전세가율거품지수":21.27,
            "검색코드":18894,
            "세대수":474.0,
            "준공년월":"2007-08-07",
            "준공년차":16.0,
            "가까운역이름":"석천사거리",
            "가까운역거리":339.03,
            "역세권여부":"역세권",
            "30분이내주요거점역":0,
            "1시간이내주요거점역":6,
            "3km이내백화점수":1,
            "5km이내아울렛몰수":0,
            "1km이내대형먀트수":0,
            "500m이내은행수":2,
            "500m이내병원수":21,
            "5km이내대형병원수":6,
            "500m이내공원수":3,
            "3km이내혐오시설수":0,
            "초등학교학업성취도":84.2,
            "중학교학업성취도":92.5,
            "용적률":338,
            "건폐율":24,
            "Y":37.457152,
            "X":126.713802,
            "rank":34.0,
            "area_info":"33평(111.72), 33평(111.72), 33평(112.09), 34평(114.47)",
            "last_sales":"2021-09-23,64700.0,34평(114.47)"
        },
        {
            "index":322,
            "아파트명":"아델라이(도시형)",
            "투자타입":"일반",
            "전용면적(m2)":"30.82",
            "전용면적(평)":"9평",
            "법정동주소":"인천시 남동구 구월동 1129",
            "도로명주소":"인천시 남동구 예술로204번길 26",
            "세대수":0,
            "입주년차":60,
            "용적률점수":"--",
            "건폐율점수":"--",
            "세대당주차수":0,
            "난방방식":30,
            "공급면적":"--",
            "전용률":"--",
            "욕실수":50,
            "현관타입":10,
            "주거총점":21.0,
            "지역구공급총점":100.0,
            "역세권":80,
            "30분내 이동가능 거점":0,
            "1시간내 이동가능 거점":60,
            "교통총점":52.0,
            "백화점":100,
            "아울렛몰":0,
            "대형마트":100,
            "은행":100,
            "병원":60,
            "종합병원":100,
            "공원":80,
            "혐오시설":0,
            "인프라총점":83.4,
            "초등학군":87.07,
            "중학군":52.62,
            "학군총점":59.51,
            "인구수":60.53,
            "인구증감":-11.65,
            "인구총점":38.876,
            "일자리":29.7,
            "소득수준":60.47,
            "일자리총점":38.931,
            "가치 총점":56.3465,
            "매매실거래년":20210818.0,
            "매매실거래가":10400.0,
            "전세실거래년":20200129.0,
            "전세실거래가":7500.0,
            "전세가율":100.0,
            "장기전세가율평균":72.18,
            "전세가율거품지수":-27.82,
            "검색코드":103724,
            "세대수":116.0,
            "준공년월":"2012-06-12",
            "준공년차":11.0,
            "가까운역이름":"예술회관",
            "가까운역거리":334.91,
            "역세권여부":"역세권",
            "30분이내주요거점역":0,
            "1시간이내주요거점역":6,
            "3km이내백화점수":1,
            "5km이내아울렛몰수":0,
            "1km이내대형먀트수":2,
            "500m이내은행수":6,
            "500m이내병원수":20,
            "5km이내대형병원수":5,
            "500m이내공원수":1,
            "3km이내혐오시설수":0,
            "초등학교학업성취도":87.07,
            "중학교학업성취도":85.1,
            "용적률":670,
            "건폐율":61,
            "Y":37.451952,
            "X":126.703019,
            "rank":35.0,
            "area_info":"9평(30.82), 9평(32.09), 10평(33.5), 10평(35.53), 11평(36.99), 11평(36.95), 12평(42.42), 12평(42.38)",
            "last_sales":"2021-08-18,10400.0,12평(42.38)"
        },
        {
            "index":14,
            "아파트명":"간석마을풍림아이원",
            "투자타입":"일반",
            "전용면적(m2)":"74.52",
            "전용면적(평)":"22평",
            "법정동주소":"인천시 남동구 간석동 935",
            "도로명주소":"인천시 남동구 석산로 35",
            "세대수":90,
            "입주년차":40,
            "용적률점수":"--",
            "건폐율점수":"--",
            "세대당주차수":0,
            "난방방식":30,
            "공급면적":"--",
            "전용률":"--",
            "욕실수":50,
            "현관타입":100,
            "주거총점":57.5,
            "지역구공급총점":100.0,
            "역세권":80,
            "30분내 이동가능 거점":0,
            "1시간내 이동가능 거점":60,
            "교통총점":52.0,
            "백화점":100,
            "아울렛몰":0,
            "대형마트":0,
            "은행":0,
            "병원":60,
            "종합병원":100,
            "공원":100,
            "혐오시설":0,
            "인프라총점":59.0,
            "초등학군":83.66,
            "중학군":51.06,
            "학군총점":57.58,
            "인구수":60.53,
            "인구증감":-11.65,
            "인구총점":38.876,
            "일자리":29.7,
            "소득수준":60.47,
            "일자리총점":38.931,
            "가치 총점":56.037,
            "매매실거래년":20210916.0,
            "매매실거래가":45500.0,
            "전세실거래년":20220111.0,
            "전세실거래가":26200.0,
            "전세가율":57.58,
            "장기전세가율평균":72.18,
            "전세가율거품지수":14.6,
            "검색코드":8806,
            "세대수":922.0,
            "준공년월":"2004-09-18",
            "준공년차":19.0,
            "가까운역이름":"간석",
            "가까운역거리":364.88,
            "역세권여부":"역세권",
            "30분이내주요거점역":0,
            "1시간이내주요거점역":6,
            "3km이내백화점수":1,
            "5km이내아울렛몰수":0,
            "1km이내대형먀트수":0,
            "500m이내은행수":1,
            "500m이내병원수":10,
            "5km이내대형병원수":6,
            "500m이내공원수":3,
            "3km이내혐오시설수":0,
            "초등학교학업성취도":83.66,
            "중학교학업성취도":84.5,
            "용적률":342,
            "건폐율":19,
            "Y":37.462521,
            "X":126.69723,
            "rank":36.0,
            "area_info":"22평(74.52), 33평(109.93), 43평(144.3)",
            "last_sales":"2021-09-16,45500.0,22평(74.52)"
        },
        {
            "index":73,
            "아파트명":"영남",
            "투자타입":"재건축",
            "전용면적(m2)":"56.58",
            "전용면적(평)":"17평",
            "법정동주소":"인천시 남동구 간석동 617-31",
            "도로명주소":"인천시 남동구 경원대로 950",
            "세대수":0,
            "입주년차":"--",
            "용적률점수":80,
            "건폐율점수":80,
            "세대당주차수":"--",
            "난방방식":"--",
            "공급면적":50,
            "전용률":60,
            "욕실수":"--",
            "현관타입":"--",
            "주거총점":53.5,
            "지역구공급총점":100.0,
            "역세권":80,
            "30분내 이동가능 거점":0,
            "1시간내 이동가능 거점":50,
            "교통총점":50.0,
            "백화점":100,
            "아울렛몰":0,
            "대형마트":80,
            "은행":0,
            "병원":30,
            "종합병원":100,
            "공원":0,
            "혐오시설":0,
            "인프라총점":65.0,
            "초등학군":86.59,
            "중학군":47.52,
            "학군총점":55.334,
            "인구수":60.53,
            "인구증감":-11.65,
            "인구총점":38.876,
            "일자리":29.7,
            "소득수준":60.47,
            "일자리총점":38.931,
            "가치 총점":56.0001,
            "매매실거래년":20211215.0,
            "매매실거래가":11200.0,
            "전세실거래년":20211101.0,
            "전세실거래가":8000.0,
            "전세가율":71.43,
            "장기전세가율평균":72.18,
            "전세가율거품지수":0.75,
            "검색코드":2562,
            "세대수":282.0,
            "준공년월":"1988-10-07",
            "준공년차":35.0,
            "가까운역이름":"간석",
            "가까운역거리":397.26,
            "역세권여부":"역세권",
            "30분이내주요거점역":0,
            "1시간이내주요거점역":5,
            "3km이내백화점수":1,
            "5km이내아울렛몰수":0,
            "1km이내대형먀트수":1,
            "500m이내은행수":0,
            "500m이내병원수":8,
            "5km이내대형병원수":7,
            "500m이내공원수":0,
            "3km이내혐오시설수":0,
            "초등학교학업성취도":86.59,
            "중학교학업성취도":78.2,
            "용적률":178,
            "건폐율":29,
            "Y":37.467474,
            "X":126.691288,
            "rank":37.0,
            "area_info":"17평(56.58), 20평(68.65), 22평(72.96)",
            "last_sales":"2021-12-15,11200.0,17평(56.58)"
        },
        {
            "index":213,
            "아파트명":"구월프라움시티(도시형)",
            "투자타입":"일반",
            "전용면적(m2)":"20.14",
            "전용면적(평)":"6평",
            "법정동주소":"인천시 남동구 구월동 1135-15",
            "도로명주소":"인천시 남동구 예술로226번길 17",
            "세대수":0,
            "입주년차":80,
            "용적률점수":"--",
            "건폐율점수":"--",
            "세대당주차수":0,
            "난방방식":30,
            "공급면적":"--",
            "전용률":"--",
            "욕실수":50,
            "현관타입":10,
            "주거총점":25.0,
            "지역구공급총점":100.0,
            "역세권":80,
            "30분내 이동가능 거점":0,
            "1시간내 이동가능 거점":50,
            "교통총점":50.0,
            "백화점":100,
            "아울렛몰":0,
            "대형마트":80,
            "은행":100,
            "병원":60,
            "종합병원":100,
            "공원":100,
            "혐오시설":0,
            "인프라총점":81.0,
            "초등학군":88.31,
            "중학군":51.06,
            "학군총점":58.51,
            "인구수":60.53,
            "인구증감":-11.65,
            "인구총점":38.876,
            "일자리":29.7,
            "소득수준":60.47,
            "일자리총점":38.931,
            "가치 총점":55.5765,
            "매매실거래년":20220103.0,
            "매매실거래가":8600.0,
            "전세실거래년":null,
            "전세실거래가":null,
            "전세가율":null,
            "장기전세가율평균":72.18,
            "전세가율거품지수":null,
            "검색코드":110586,
            "세대수":240.0,
            "준공년월":"2015-06-30",
            "준공년차":8.0,
            "가까운역이름":"인천시청",
            "가까운역거리":346.1,
            "역세권여부":"역세권",
            "30분이내주요거점역":0,
            "1시간이내주요거점역":5,
            "3km이내백화점수":1,
            "5km이내아울렛몰수":0,
            "1km이내대형먀트수":1,
            "500m이내은행수":8,
            "500m이내병원수":12,
            "5km이내대형병원수":5,
            "500m이내공원수":2,
            "3km이내혐오시설수":0,
            "초등학교학업성취도":88.31,
            "중학교학업성취도":84.5,
            "용적률":563,
            "건폐율":52,
            "Y":37.454329,
            "X":126.70282,
            "rank":38.0,
            "area_info":"6평(20.14), 6평(20.67), 6평(20.28), 7평(23.19), 7평(23.49), 8평(26.75), 9평(30.85), 9평(32.71), 10평(33.15)",
            "last_sales":"2022-01-03,8600.0,6평(20.14)"
        },
        {
            "index":596,
            "아파트명":"삼환1차",
            "투자타입":"재건축",
            "전용면적(m2)":"53.01",
            "전용면적(평)":"16평",
            "법정동주소":"인천시 남동구 만수동 983-1",
            "도로명주소":"인천시 남동구 인주대로 857",
            "세대수":50,
            "입주년차":"--",
            "용적률점수":60,
            "건폐율점수":100,
            "세대당주차수":"--",
            "난방방식":"--",
            "공급면적":50,
            "전용률":80,
            "욕실수":"--",
            "현관타입":"--",
            "주거총점":65.5,
            "지역구공급총점":100.0,
            "역세권":80,
            "30분내 이동가능 거점":0,
            "1시간내 이동가능 거점":10,
            "교통총점":42.0,
            "백화점":100,
            "아울렛몰":0,
            "대형마트":80,
            "은행":0,
            "병원":30,
            "종합병원":100,
            "공원":100,
            "혐오시설":0,
            "인프라총점":68.0,
            "초등학군":92.25,
            "중학군":37.96,
            "학군총점":48.818,
            "인구수":60.53,
            "인구증감":-11.65,
            "인구총점":38.876,
            "일자리":29.7,
            "소득수준":60.47,
            "일자리총점":38.931,
            "가치 총점":55.5227,
            "매매실거래년":20211116.0,
            "매매실거래가":20500.0,
            "전세실거래년":20211216.0,
            "전세실거래가":16000.0,
            "전세가율":78.05,
            "장기전세가율평균":72.18,
            "전세가율거품지수":-5.87,
            "검색코드":2305,
            "세대수":660.0,
            "준공년월":"1989-10-04",
            "준공년차":34.0,
            "가까운역이름":"남동구청",
            "가까운역거리":387.19,
            "역세권여부":"역세권",
            "30분이내주요거점역":0,
            "1시간이내주요거점역":1,
            "3km이내백화점수":1,
            "5km이내아울렛몰수":0,
            "1km이내대형먀트수":1,
            "500m이내은행수":0,
            "500m이내병원수":8,
            "5km이내대형병원수":4,
            "500m이내공원수":5,
            "3km이내혐오시설수":0,
            "초등학교학업성취도":92.25,
            "중학교학업성취도":62.6,
            "용적률":191,
            "건폐율":15,
            "Y":37.449492,
            "X":126.732886,
            "rank":39.0,
            "area_info":"16평(53.01), 19평(63.44), 22평(74.53), 23평(78.23), 25평(83.23)",
            "last_sales":"2021-11-16,20500.0,16평(53.01)"
        },
        {
            "index":531,
            "아파트명":"동남",
            "투자타입":"재건축",
            "전용면적(m2)":"81.75",
            "전용면적(평)":"24평",
            "법정동주소":"인천시 남동구 만수동 904-18",
            "도로명주소":"인천시 남동구 백범로247번길 37",
            "세대수":0,
            "입주년차":"--",
            "용적률점수":80,
            "건폐율점수":60,
            "세대당주차수":"--",
            "난방방식":"--",
            "공급면적":70,
            "전용률":80,
            "욕실수":"--",
            "현관타입":"--",
            "주거총점":51.5,
            "지역구공급총점":100.0,
            "역세권":80,
            "30분내 이동가능 거점":0,
            "1시간내 이동가능 거점":30,
            "교통총점":46.0,
            "백화점":100,
            "아울렛몰":0,
            "대형마트":0,
            "은행":20,
            "병원":80,
            "종합병원":100,
            "공원":100,
            "혐오시설":0,
            "인프라총점":63.0,
            "초등학군":85.89,
            "중학군":56.9,
            "학군총점":62.698,
            "인구수":60.53,
            "인구증감":-11.65,
            "인구총점":38.876,
            "일자리":29.7,
            "소득수준":60.47,
            "일자리총점":38.931,
            "가치 총점":54.7047,
            "매매실거래년":20210828.0,
            "매매실거래가":24500.0,
            "전세실거래년":20200608.0,
            "전세실거래가":12000.0,
            "전세가율":80.0,
            "장기전세가율평균":72.18,
            "전세가율거품지수":-7.82,
            "검색코드":9000,
            "세대수":110.0,
            "준공년월":"1984-12-28",
            "준공년차":39.0,
            "가까운역이름":"모래내시장",
            "가까운역거리":422.15,
            "역세권여부":"역세권",
            "30분이내주요거점역":0,
            "1시간이내주요거점역":3,
            "3km이내백화점수":1,
            "5km이내아울렛몰수":0,
            "1km이내대형먀트수":0,
            "500m이내은행수":2,
            "500m이내병원수":49,
            "5km이내대형병원수":4,
            "500m이내공원수":5,
            "3km이내혐오시설수":0,
            "초등학교학업성취도":85.89,
            "중학교학업성취도":92.5,
            "용적률":159,
            "건폐율":32,
            "Y":37.458581,
            "X":126.722594,
            "rank":40.0,
            "area_info":"24평(81.75), 25평(85.35), 26평(89.01), 29평(95.95), 28평(95.49)",
            "last_sales":"2021-08-28,24500.0,29평(95.95)"
        },
        {
            "index":80,
            "아파트명":"웰스하임(도시형)",
            "투자타입":"일반",
            "전용면적(m2)":"30.07",
            "전용면적(평)":"9평",
            "법정동주소":"인천시 남동구 간석동 214-15",
            "도로명주소":"인천시 남동구 백범로 381",
            "세대수":0,
            "입주년차":80,
            "용적률점수":"--",
            "건폐율점수":"--",
            "세대당주차수":0,
            "난방방식":30,
            "공급면적":"--",
            "전용률":"--",
            "욕실수":50,
            "현관타입":10,
            "주거총점":25.0,
            "지역구공급총점":100.0,
            "역세권":100,
            "30분내 이동가능 거점":0,
            "1시간내 이동가능 거점":80,
            "교통총점":66.0,
            "백화점":100,
            "아울렛몰":0,
            "대형마트":0,
            "은행":0,
            "병원":60,
            "종합병원":100,
            "공원":100,
            "혐오시설":0,
            "인프라총점":59.0,
            "초등학군":88.82,
            "중학군":50.72,
            "학군총점":58.34,
            "인구수":60.53,
            "인구증감":-11.65,
            "인구총점":38.876,
            "일자리":29.7,
            "소득수준":60.47,
            "일자리총점":38.931,
            "가치 총점":54.551,
            "매매실거래년":20211223.0,
            "매매실거래가":7000.0,
            "전세실거래년":20210807.0,
            "전세실거래가":7000.0,
            "전세가율":100.0,
            "장기전세가율평균":72.18,
            "전세가율거품지수":-27.82,
            "검색코드":105974,
            "세대수":182.0,
            "준공년월":"2014-05-30",
            "준공년차":9.0,
            "가까운역이름":"간석오거리",
            "가까운역거리":65.16,
            "역세권여부":"초역세권",
            "30분이내주요거점역":0,
            "1시간이내주요거점역":8,
            "3km이내백화점수":1,
            "5km이내아울렛몰수":0,
            "1km이내대형먀트수":0,
            "500m이내은행수":1,
            "500m이내병원수":17,
            "5km이내대형병원수":7,
            "500m이내공원수":4,
            "3km이내혐오시설수":0,
            "초등학교학업성취도":88.82,
            "중학교학업성취도":84.2,
            "용적률":698,
            "건폐율":62,
            "Y":37.466581,
            "X":126.708384,
            "rank":41.0,
            "area_info":"9평(30.07), 13평(44.27)",
            "last_sales":"2021-12-23,7000.0,9평(30.07)"
        },
        {
            "index":161,
            "아파트명":"희망(1,2동)",
            "투자타입":"재건축",
            "전용면적(m2)":"73.01",
            "전용면적(평)":"22평",
            "법정동주소":"인천시 남동구 간석동 193-2",
            "도로명주소":"인천시 남동구 석촌로 8",
            "세대수":0,
            "입주년차":"--",
            "용적률점수":80,
            "건폐율점수":40,
            "세대당주차수":"--",
            "난방방식":"--",
            "공급면적":50,
            "전용률":80,
            "욕실수":"--",
            "현관타입":"--",
            "주거총점":46.5,
            "지역구공급총점":100.0,
            "역세권":80,
            "30분내 이동가능 거점":0,
            "1시간내 이동가능 거점":50,
            "교통총점":50.0,
            "백화점":100,
            "아울렛몰":0,
            "대형마트":0,
            "은행":20,
            "병원":80,
            "종합병원":100,
            "공원":100,
            "혐오시설":0,
            "인프라총점":63.0,
            "초등학군":86.85,
            "중학군":49.66,
            "학군총점":57.098,
            "인구수":60.53,
            "인구증감":-11.65,
            "인구총점":38.876,
            "일자리":29.7,
            "소득수준":60.47,
            "일자리총점":38.931,
            "가치 총점":54.2647,
            "매매실거래년":20210915.0,
            "매매실거래가":20000.0,
            "전세실거래년":20210629.0,
            "전세실거래가":14000.0,
            "전세가율":62.22,
            "장기전세가율평균":72.18,
            "전세가율거품지수":9.96,
            "검색코드":2558,
            "세대수":160.0,
            "준공년월":"1983-10-10",
            "준공년차":40.0,
            "가까운역이름":"석천사거리",
            "가까운역거리":489.98,
            "역세권여부":"역세권",
            "30분이내주요거점역":0,
            "1시간이내주요거점역":5,
            "3km이내백화점수":1,
            "5km이내아울렛몰수":0,
            "1km이내대형먀트수":0,
            "500m이내은행수":2,
            "500m이내병원수":45,
            "5km이내대형병원수":6,
            "500m이내공원수":2,
            "3km이내혐오시설수":0,
            "초등학교학업성취도":86.85,
            "중학교학업성취도":81.5,
            "용적률":178,
            "건폐율":35,
            "Y":37.461208,
            "X":126.709765,
            "rank":42.0,
            "area_info":"22평(73.01), 23평(77.55)",
            "last_sales":"2021-09-15,20000.0,23평(77.55)"
        },
        {
            "index":694,
            "아파트명":"효성",
            "투자타입":"재건축",
            "전용면적(m2)":"78.97",
            "전용면적(평)":"23평",
            "법정동주소":"인천시 남동구 만수동 905",
            "도로명주소":"인천시 남동구 백범로227번길 76",
            "세대수":80,
            "입주년차":"--",
            "용적률점수":0,
            "건폐율점수":100,
            "세대당주차수":"--",
            "난방방식":"--",
            "공급면적":50,
            "전용률":60,
            "욕실수":"--",
            "현관타입":"--",
            "주거총점":49.5,
            "지역구공급총점":100.0,
            "역세권":80,
            "30분내 이동가능 거점":0,
            "1시간내 이동가능 거점":30,
            "교통총점":46.0,
            "백화점":100,
            "아울렛몰":0,
            "대형마트":0,
            "은행":0,
            "병원":80,
            "종합병원":100,
            "공원":100,
            "혐오시설":0,
            "인프라총점":61.0,
            "초등학군":89.38,
            "중학군":56.9,
            "학군총점":63.396,
            "인구수":60.53,
            "인구증감":-11.65,
            "인구총점":38.876,
            "일자리":29.7,
            "소득수준":60.47,
            "일자리총점":38.931,
            "가치 총점":53.8094,
            "매매실거래년":20210419.0,
            "매매실거래가":39800.0,
            "전세실거래년":20210520.0,
            "전세실거래가":21000.0,
            "전세가율":93.54,
            "장기전세가율평균":72.18,
            "전세가율거품지수":-21.36,
            "검색코드":2325,
            "세대수":720.0,
            "준공년월":"1985-06-10",
            "준공년차":38.0,
            "가까운역이름":"모래내시장",
            "가까운역거리":343.49,
            "역세권여부":"역세권",
            "30분이내주요거점역":0,
            "1시간이내주요거점역":3,
            "3km이내백화점수":1,
            "5km이내아울렛몰수":0,
            "1km이내대형먀트수":0,
            "500m이내은행수":1,
            "500m이내병원수":51,
            "5km이내대형병원수":4,
            "500m이내공원수":5,
            "3km이내혐오시설수":0,
            "초등학교학업성취도":89.38,
            "중학교학업성취도":92.5,
            "용적률":227,
            "건폐율":17,
            "Y":37.457491,
            "X":126.722579,
            "rank":43.0,
            "area_info":"23평(78.97), 25평(82.89), 26평(88.07), 27평(89.89), 30평(100.89), 30평(101.83), 42평(141.16), 42평(141.16)",
            "last_sales":"2021-04-19,39800.0,42평(141.16)"
        },
        {
            "index":210,
            "아파트명":"구월팬더",
            "투자타입":"재건축",
            "전용면적(m2)":"91.74",
            "전용면적(평)":"27평",
            "법정동주소":"인천시 남동구 구월동 258",
            "도로명주소":"인천시 남동구 인주대로662번길 32",
            "세대수":90,
            "입주년차":"--",
            "용적률점수":0,
            "건폐율점수":80,
            "세대당주차수":"--",
            "난방방식":"--",
            "공급면적":70,
            "전용률":80,
            "욕실수":"--",
            "현관타입":"--",
            "주거총점":50.5,
            "지역구공급총점":100.0,
            "역세권":50,
            "30분내 이동가능 거점":0,
            "1시간내 이동가능 거점":30,
            "교통총점":31.0,
            "백화점":100,
            "아울렛몰":0,
            "대형마트":100,
            "은행":70,
            "병원":60,
            "종합병원":100,
            "공원":100,
            "혐오시설":0,
            "인프라총점":81.0,
            "초등학군":86.14,
            "중학군":43.76,
            "학군총점":52.236,
            "인구수":60.53,
            "인구증감":-11.65,
            "인구총점":38.876,
            "일자리":29.7,
            "소득수준":60.47,
            "일자리총점":38.931,
            "가치 총점":53.0854,
            "매매실거래년":20211009.0,
            "매매실거래가":37000.0,
            "전세실거래년":20210901.0,
            "전세실거래가":19950.0,
            "전세가율":57.0,
            "장기전세가율평균":72.18,
            "전세가율거품지수":15.18,
            "검색코드":2277,
            "세대수":946.0,
            "준공년월":"1991-12-26",
            "준공년차":32.0,
            "가까운역이름":"예술회관",
            "가까운역거리":780.52,
            "역세권여부":"준역세권",
            "30분이내주요거점역":0,
            "1시간이내주요거점역":3,
            "3km이내백화점수":1,
            "5km이내아울렛몰수":0,
            "1km이내대형먀트수":2,
            "500m이내은행수":3,
            "500m이내병원수":21,
            "5km이내대형병원수":5,
            "500m이내공원수":3,
            "3km이내혐오시설수":0,
            "초등학교학업성취도":86.14,
            "중학교학업성취도":71.6,
            "용적률":303,
            "건폐율":22,
            "Y":37.448377,
            "X":126.70976,
            "rank":44.0,
            "area_info":"27평(91.74), 28평(92.86), 30평(100.47)",
            "last_sales":"2021-10-09,37000.0,28평(92.86)"
        },
        {
            "index":154,
            "아파트명":"현대",
            "투자타입":"재건축",
            "전용면적(m2)":"110.08",
            "전용면적(평)":"33평",
            "법정동주소":"인천시 남동구 간석동 893",
            "도로명주소":"인천시 남동구 방축로 493",
            "세대수":30,
            "입주년차":"--",
            "용적률점수":0,
            "건폐율점수":100,
            "세대당주차수":"--",
            "난방방식":"--",
            "공급면적":90,
            "전용률":60,
            "욕실수":"--",
            "현관타입":"--",
            "주거총점":36.5,
            "지역구공급총점":100.0,
            "역세권":80,
            "30분내 이동가능 거점":0,
            "1시간내 이동가능 거점":40,
            "교통총점":48.0,
            "백화점":100,
            "아울렛몰":0,
            "대형마트":80,
            "은행":0,
            "병원":30,
            "종합병원":100,
            "공원":100,
            "혐오시설":0,
            "인프라총점":68.0,
            "초등학군":86.59,
            "중학군":47.52,
            "학군총점":55.334,
            "인구수":60.53,
            "인구증감":-11.65,
            "인구총점":38.876,
            "일자리":29.7,
            "소득수준":60.47,
            "일자리총점":38.931,
            "가치 총점":52.8001,
            "매매실거래년":20211117.0,
            "매매실거래가":48700.0,
            "전세실거래년":20210615.0,
            "전세실거래가":25000.0,
            "전세가율":65.79,
            "장기전세가율평균":72.18,
            "전세가율거품지수":6.39,
            "검색코드":2242,
            "세대수":390.0,
            "준공년월":"1991-08-28",
            "준공년차":32.0,
            "가까운역이름":"간석",
            "가까운역거리":356.98,
            "역세권여부":"역세권",
            "30분이내주요거점역":0,
            "1시간이내주요거점역":4,
            "3km이내백화점수":1,
            "5km이내아울렛몰수":0,
            "1km이내대형먀트수":1,
            "500m이내은행수":0,
            "500m이내병원수":9,
            "5km이내대형병원수":8,
            "500m이내공원수":2,
            "3km이내혐오시설수":0,
            "초등학교학업성취도":86.59,
            "중학교학업성취도":78.2,
            "용적률":226,
            "건폐율":12,
            "Y":37.467875,
            "X":126.693327,
            "rank":45.0,
            "area_info":"33평(110.08), 47평(157.38)",
            "last_sales":"2021-11-17,48700.0,47평(157.38)"
        },
        {
            "index":96,
            "아파트명":"인천간석LH2단지",
            "투자타입":"일반",
            "전용면적(m2)":"86.67",
            "전용면적(평)":"26평",
            "법정동주소":"인천시 남동구 간석동 941",
            "도로명주소":"인천시 남동구 백범로294번길 16",
            "세대수":80,
            "입주년차":80,
            "용적률점수":"--",
            "건폐율점수":"--",
            "세대당주차수":30,
            "난방방식":100,
            "공급면적":"--",
            "전용률":"--",
            "욕실수":100,
            "현관타입":100,
            "주거총점":78.5,
            "지역구공급총점":100.0,
            "역세권":50,
            "30분내 이동가능 거점":0,
            "1시간내 이동가능 거점":30,
            "교통총점":31.0,
            "백화점":100,
            "아울렛몰":0,
            "대형마트":0,
            "은행":20,
            "병원":60,
            "종합병원":100,
            "공원":100,
            "혐오시설":0,
            "인프라총점":61.0,
            "초등학군":85.89,
            "중학군":42.2,
            "학군총점":50.938,
            "인구수":60.53,
            "인구증감":-11.65,
            "인구총점":38.876,
            "일자리":29.7,
            "소득수준":60.47,
            "일자리총점":38.931,
            "가치 총점":52.4907,
            "매매실거래년":20211207.0,
            "매매실거래가":64500.0,
            "전세실거래년":20210702.0,
            "전세실거래가":21000.0,
            "전세가율":46.67,
            "장기전세가율평균":72.18,
            "전세가율거품지수":25.51,
            "검색코드":105429,
            "세대수":792.0,
            "준공년월":"2014-10-20",
            "준공년차":9.0,
            "가까운역이름":"모래내시장",
            "가까운역거리":898.35,
            "역세권여부":"준역세권",
            "30분이내주요거점역":0,
            "1시간이내주요거점역":3,
            "3km이내백화점수":1,
            "5km이내아울렛몰수":0,
            "1km이내대형먀트수":0,
            "500m이내은행수":2,
            "500m이내병원수":25,
            "5km이내대형병원수":7,
            "500m이내공원수":8,
            "3km이내혐오시설수":0,
            "초등학교학업성취도":85.89,
            "중학교학업성취도":68.4,
            "용적률":226,
            "건폐율":14,
            "Y":37.463893,
            "X":126.718657,
            "rank":46.0,
            "area_info":"26평(86.67), 29평(98.74), 29평(98.74), 29평(98.44), 34평(113.54), 34평(115.02), 34평(115.03), 34평(115.32), 34평(115.03)",
            "last_sales":"2021-12-07,64500.0,34평(115.32)"
        },
        {
            "index":592,
            "아파트명":"삼용",
            "투자타입":"재건축",
            "전용면적(m2)":"55.97",
            "전용면적(평)":"16평",
            "법정동주소":"인천시 남동구 만수동 902",
            "도로명주소":"인천시 남동구 백범로227번길 69",
            "세대수":0,
            "입주년차":"--",
            "용적률점수":60,
            "건폐율점수":60,
            "세대당주차수":"--",
            "난방방식":"--",
            "공급면적":50,
            "전용률":80,
            "욕실수":"--",
            "현관타입":"--",
            "주거총점":42.5,
            "지역구공급총점":100.0,
            "역세권":80,
            "30분내 이동가능 거점":0,
            "1시간내 이동가능 거점":20,
            "교통총점":44.0,
            "백화점":100,
            "아울렛몰":0,
            "대형마트":0,
            "은행":20,
            "병원":80,
            "종합병원":100,
            "공원":100,
            "혐오시설":0,
            "인프라총점":63.0,
            "초등학군":87.93,
            "중학군":56.9,
            "학군총점":63.106,
            "인구수":60.53,
            "인구증감":-11.65,
            "인구총점":38.876,
            "일자리":29.7,
            "소득수준":60.47,
            "일자리총점":38.931,
            "가치 총점":52.2659,
            "매매실거래년":20211206.0,
            "매매실거래가":12900.0,
            "전세실거래년":20211005.0,
            "전세실거래가":9500.0,
            "전세가율":73.64,
            "장기전세가율평균":72.18,
            "전세가율거품지수":-1.46,
            "검색코드":12976,
            "세대수":144.0,
            "준공년월":"1988-09-30",
            "준공년차":35.0,
            "가까운역이름":"모래내시장",
            "가까운역거리":433.29,
            "역세권여부":"역세권",
            "30분이내주요거점역":0,
            "1시간이내주요거점역":2,
            "3km이내백화점수":1,
            "5km이내아울렛몰수":0,
            "1km이내대형먀트수":0,
            "500m이내은행수":2,
            "500m이내병원수":51,
            "5km이내대형병원수":4,
            "500m이내공원수":9,
            "3km이내혐오시설수":0,
            "초등학교학업성취도":87.93,
            "중학교학업성취도":92.5,
            "용적률":189,
            "건폐율":31,
            "Y":37.45712,
            "X":126.72393,
            "rank":47.0,
            "area_info":"16평(55.97), 17평(59.19)",
            "last_sales":"2021-12-06,12900.0,16평(55.97)"
        },
        {
            "index":311,
            "아파트명":"신세계",
            "투자타입":"재건축",
            "전용면적(m2)":"79.07",
            "전용면적(평)":"23평",
            "법정동주소":"인천시 남동구 구월동 342-1",
            "도로명주소":"인천시 남동구 호구포로 858",
            "세대수":80,
            "입주년차":"--",
            "용적률점수":0,
            "건폐율점수":0,
            "세대당주차수":"--",
            "난방방식":"--",
            "공급면적":50,
            "전용률":100,
            "욕실수":"--",
            "현관타입":"--",
            "주거총점":31.5,
            "지역구공급총점":100.0,
            "역세권":80,
            "30분내 이동가능 거점":0,
            "1시간내 이동가능 거점":40,
            "교통총점":48.0,
            "백화점":100,
            "아울렛몰":0,
            "대형마트":0,
            "은행":20,
            "병원":80,
            "종합병원":100,
            "공원":100,
            "혐오시설":0,
            "인프라총점":63.0,
            "초등학군":89.38,
            "중학군":56.9,
            "학군총점":63.396,
            "인구수":60.53,
            "인구증감":-11.65,
            "인구총점":38.876,
            "일자리":29.7,
            "소득수준":60.47,
            "일자리총점":38.931,
            "가치 총점":51.5094,
            "매매실거래년":20211211.0,
            "매매실거래가":41000.0,
            "전세실거래년":20211106.0,
            "전세실거래가":14000.0,
            "전세가율":44.87,
            "장기전세가율평균":72.18,
            "전세가율거품지수":27.31,
            "검색코드":2309,
            "세대수":700.0,
            "준공년월":"1980-05-20",
            "준공년차":43.0,
            "가까운역이름":"모래내시장",
            "가까운역거리":326.77,
            "역세권여부":"역세권",
            "30분이내주요거점역":0,
            "1시간이내주요거점역":4,
            "3km이내백화점수":1,
            "5km이내아울렛몰수":0,
            "1km이내대형먀트수":0,
            "500m이내은행수":2,
            "500m이내병원수":58,
            "5km이내대형병원수":5,
            "500m이내공원수":3,
            "3km이내혐오시설수":0,
            "초등학교학업성취도":89.38,
            "중학교학업성취도":92.5,
            "용적률":0,
            "건폐율":0,
            "Y":37.458621,
            "X":126.720457,
            "rank":48.0,
            "area_info":"23평(79.07), 27평(90.9), 27평(92.44), 27평(92.44), 33평(112.32)",
            "last_sales":"2021-12-11,41000.0,27평(92.44)"
        },
        {
            "index":163,
            "아파트명":"구월아시아드선수촌1단지",
            "투자타입":"일반",
            "전용면적(m2)":"73.77",
            "전용면적(평)":"22평",
            "법정동주소":"인천시 남동구 구월동 1486",
            "도로명주소":"인천시 남동구 선수촌공원로 85",
            "세대수":50,
            "입주년차":80,
            "용적률점수":"--",
            "건폐율점수":"--",
            "세대당주차수":30,
            "난방방식":30,
            "공급면적":"--",
            "전용률":"--",
            "욕실수":50,
            "현관타입":100,
            "주거총점":56.0,
            "지역구공급총점":100.0,
            "역세권":50,
            "30분내 이동가능 거점":0,
            "1시간내 이동가능 거점":20,
            "교통총점":29.0,
            "백화점":100,
            "아울렛몰":0,
            "대형마트":100,
            "은행":0,
            "병원":60,
            "종합병원":100,
            "공원":100,
            "혐오시설":0,
            "인프라총점":74.0,
            "초등학군":86.14,
            "중학군":43.76,
            "학군총점":52.236,
            "인구수":60.53,
            "인구증감":-11.65,
            "인구총점":38.876,
            "일자리":29.7,
            "소득수준":60.47,
            "일자리총점":38.931,
            "가치 총점":51.3854,
            "매매실거래년":20220111.0,
            "매매실거래가":42600.0,
            "전세실거래년":20211209.0,
            "전세실거래가":34500.0,
            "전세가율":204.29,
            "장기전세가율평균":72.18,
            "전세가율거품지수":-132.11,
            "검색코드":138263,
            "세대수":511.0,
            "준공년월":"2015-06-02",
            "준공년차":8.0,
            "가까운역이름":"예술회관",
            "가까운역거리":937.97,
            "역세권여부":"준역세권",
            "30분이내주요거점역":0,
            "1시간이내주요거점역":2,
            "3km이내백화점수":1,
            "5km이내아울렛몰수":0,
            "1km이내대형먀트수":2,
            "500m이내은행수":1,
            "500m이내병원수":19,
            "5km이내대형병원수":3,
            "500m이내공원수":6,
            "3km이내혐오시설수":0,
            "초등학교학업성취도":86.14,
            "중학교학업성취도":71.6,
            "용적률":158,
            "건폐율":20,
            "Y":37.44659,
            "X":126.711032,
            "rank":49.0,
            "area_info":"22평(73.77), 22평(73.44), 25평(85.44), 25평(85.59)",
            "last_sales":"2022-01-11,42600.0,22평(73.44)"
        },
        {
            "index":17,
            "아파트명":"간석신동아파밀리에명품",
            "투자타입":"일반",
            "전용면적(m2)":"84.89",
            "전용면적(평)":"25평",
            "법정동주소":"인천시 남동구 간석동 616-7",
            "도로명주소":"인천시 남동구 염전로 440",
            "세대수":80,
            "입주년차":40,
            "용적률점수":"--",
            "건폐율점수":"--",
            "세대당주차수":30,
            "난방방식":30,
            "공급면적":"--",
            "전용률":"--",
            "욕실수":100,
            "현관타입":100,
            "주거총점":63.5,
            "지역구공급총점":100.0,
            "역세권":50,
            "30분내 이동가능 거점":0,
            "1시간내 이동가능 거점":30,
            "교통총점":31.0,
            "백화점":100,
            "아울렛몰":0,
            "대형마트":80,
            "은행":0,
            "병원":30,
            "종합병원":100,
            "공원":0,
            "혐오시설":0,
            "인프라총점":65.0,
            "초등학군":86.59,
            "중학군":47.52,
            "학군총점":55.334,
            "인구수":60.53,
            "인구증감":-11.65,
            "인구총점":38.876,
            "일자리":29.7,
            "소득수준":60.47,
            "일자리총점":38.931,
            "가치 총점":51.3501,
            "매매실거래년":20210820.0,
            "매매실거래가":50000.0,
            "전세실거래년":20210412.0,
            "전세실거래가":24000.0,
            "전세가율":81.36,
            "장기전세가율평균":72.18,
            "전세가율거품지수":-9.18,
            "검색코드":22102,
            "세대수":715.0,
            "준공년월":"2007-08-30",
            "준공년차":16.0,
            "가까운역이름":"간석",
            "가까운역거리":515.08,
            "역세권여부":"준역세권",
            "30분이내주요거점역":0,
            "1시간이내주요거점역":3,
            "3km이내백화점수":1,
            "5km이내아울렛몰수":0,
            "1km이내대형먀트수":1,
            "500m이내은행수":0,
            "500m이내병원수":8,
            "5km이내대형병원수":8,
            "500m이내공원수":0,
            "3km이내혐오시설수":0,
            "초등학교학업성취도":86.59,
            "중학교학업성취도":78.2,
            "용적률":355,
            "건폐율":23,
            "Y":37.467445,
            "X":126.689446,
            "rank":50.0,
            "area_info":"25평(84.89), 25평(85.63), 32평(106.5), 33평(109.47), 42평(141.85)",
            "last_sales":"2021-08-20,50000.0,42평(141.85)"
        },
        {
            "index":515,
            "아파트명":"남동",
            "투자타입":"재건축",
            "전용면적(m2)":"70.12",
            "전용면적(평)":"21평",
            "법정동주소":"인천시 남동구 만수동 1014",
            "도로명주소":"인천시 남동구 장승남로33번길 23",
            "세대수":80,
            "입주년차":"--",
            "용적률점수":20,
            "건폐율점수":0,
            "세대당주차수":"--",
            "난방방식":"--",
            "공급면적":50,
            "전용률":60,
            "욕실수":"--",
            "현관타입":"--",
            "주거총점":37.5,
            "지역구공급총점":100.0,
            "역세권":80,
            "30분내 이동가능 거점":0,
            "1시간내 이동가능 거점":10,
            "교통총점":42.0,
            "백화점":100,
            "아울렛몰":0,
            "대형마트":80,
            "은행":0,
            "병원":80,
            "종합병원":100,
            "공원":100,
            "혐오시설":0,
            "인프라총점":73.0,
            "초등학군":86.95,
            "중학군":37.96,
            "학군총점":47.758,
            "인구수":60.53,
            "인구증감":-11.65,
            "인구총점":38.876,
            "일자리":29.7,
            "소득수준":60.47,
            "일자리총점":38.931,
            "가치 총점":51.2637,
            "매매실거래년":20211229.0,
            "매매실거래가":25300.0,
            "전세실거래년":20210904.0,
            "전세실거래가":13000.0,
            "전세가율":56.28,
            "장기전세가율평균":72.18,
            "전세가율거품지수":15.9,
            "검색코드":2307,
            "세대수":770.0,
            "준공년월":"1992-10-13",
            "준공년차":31.0,
            "가까운역이름":"남동구청",
            "가까운역거리":409.06,
            "역세권여부":"역세권",
            "30분이내주요거점역":0,
            "1시간이내주요거점역":1,
            "3km이내백화점수":1,
            "5km이내아울렛몰수":0,
            "1km이내대형먀트수":1,
            "500m이내은행수":1,
            "500m이내병원수":32,
            "5km이내대형병원수":4,
            "500m이내공원수":6,
            "3km이내혐오시설수":0,
            "초등학교학업성취도":86.95,
            "중학교학업성취도":62.6,
            "용적률":215,
            "건폐율":0,
            "Y":37.445173,
            "X":126.734236,
            "rank":51.0,
            "area_info":"21평(70.12), 25평(83.71)",
            "last_sales":"2021-12-29,25300.0,25평(83.71)"
        },
        {
            "index":443,
            "아파트명":"에코메트로6단지한화꿈에그린",
            "투자타입":"일반",
            "전용면적(m2)":"114.66",
            "전용면적(평)":"34평",
            "법정동주소":"인천시 남동구 논현동 756-1",
            "도로명주소":"인천시 남동구 아암대로1503번길 98",
            "세대수":90,
            "입주년차":60,
            "용적률점수":"--",
            "건폐율점수":"--",
            "세대당주차수":60,
            "난방방식":100,
            "공급면적":"--",
            "전용률":"--",
            "욕실수":100,
            "현관타입":100,
            "주거총점":82.5,
            "지역구공급총점":100.0,
            "역세권":50,
            "30분내 이동가능 거점":0,
            "1시간내 이동가능 거점":20,
            "교통총점":29.0,
            "백화점":0,
            "아울렛몰":80,
            "대형마트":80,
            "은행":20,
            "병원":60,
            "종합병원":100,
            "공원":100,
            "혐오시설":0,
            "인프라총점":51.0,
            "초등학군":91.52,
            "중학군":53.26,
            "학군총점":60.912,
            "인구수":60.53,
            "인구증감":-11.65,
            "인구총점":38.876,
            "일자리":29.7,
            "소득수준":60.47,
            "일자리총점":38.931,
            "가치 총점":51.0868,
            "매매실거래년":20211106.0,
            "매매실거래가":68000.0,
            "전세실거래년":20220115.0,
            "전세실거래가":31500.0,
            "전세가율":46.32,
            "장기전세가율평균":72.18,
            "전세가율거품지수":25.86,
            "검색코드":26166,
            "세대수":960.0,
            "준공년월":"2010-12-01",
            "준공년차":13.0,
            "가까운역이름":"소래포구",
            "가까운역거리":829.0,
            "역세권여부":"준역세권",
            "30분이내주요거점역":0,
            "1시간이내주요거점역":2,
            "3km이내백화점수":0,
            "5km이내아울렛몰수":1,
            "1km이내대형먀트수":1,
            "500m이내은행수":2,
            "500m이내병원수":15,
            "5km이내대형병원수":2,
            "500m이내공원수":10,
            "3km이내혐오시설수":0,
            "초등학교학업성취도":91.52,
            "중학교학업성취도":85.9,
            "용적률":198,
            "건폐율":10,
            "Y":37.394715,
            "X":126.728377,
            "rank":52.0,
            "area_info":"34평(114.66), 34평(114.69), 34평(114.02), 34평(114.59)",
            "last_sales":"2021-11-06,68000.0,34평(114.66)"
        },
        {
            "index":388,
            "아파트명":"단풍마을휴먼시아",
            "투자타입":"일반",
            "전용면적(m2)":"106.57",
            "전용면적(평)":"32평",
            "법정동주소":"인천시 남동구 논현동 602-1",
            "도로명주소":"인천시 남동구 소래역로 94",
            "세대수":80,
            "입주년차":40,
            "용적률점수":"--",
            "건폐율점수":"--",
            "세대당주차수":30,
            "난방방식":100,
            "공급면적":"--",
            "전용률":"--",
            "욕실수":100,
            "현관타입":100,
            "주거총점":70.5,
            "지역구공급총점":100.0,
            "역세권":50,
            "30분내 이동가능 거점":40,
            "1시간내 이동가능 거점":30,
            "교통총점":43.0,
            "백화점":0,
            "아울렛몰":80,
            "대형마트":80,
            "은행":0,
            "병원":30,
            "종합병원":80,
            "공원":100,
            "혐오시설":0,
            "인프라총점":42.0,
            "초등학군":86.3,
            "중학군":52.08,
            "학군총점":58.924,
            "인구수":60.53,
            "인구증감":-11.65,
            "인구총점":38.876,
            "일자리":29.7,
            "소득수준":60.47,
            "일자리총점":38.931,
            "가치 총점":50.5886,
            "매매실거래년":20220110.0,
            "매매실거래가":28600.0,
            "전세실거래년":20211221.0,
            "전세실거래가":37500.0,
            "전세가율":131.12,
            "장기전세가율평균":72.18,
            "전세가율거품지수":-58.94,
            "검색코드":19491,
            "세대수":898.0,
            "준공년월":"2006-07-13",
            "준공년차":17.0,
            "가까운역이름":"소래포구",
            "가까운역거리":527.94,
            "역세권여부":"준역세권",
            "30분이내주요거점역":2,
            "1시간이내주요거점역":3,
            "3km이내백화점수":0,
            "5km이내아울렛몰수":1,
            "1km이내대형먀트수":1,
            "500m이내은행수":1,
            "500m이내병원수":7,
            "5km이내대형병원수":1,
            "500m이내공원수":5,
            "3km이내혐오시설수":0,
            "초등학교학업성취도":86.3,
            "중학교학업성취도":84.2,
            "용적률":195,
            "건폐율":13,
            "Y":37.405655,
            "X":126.732721,
            "rank":53.0,
            "area_info":"32평(106.57), 32평(106.55), 32평(106.82), 32평(106.06), 32평(106.27), 32평(106.82), 32평(106.82)",
            "last_sales":"2022-01-10,28600.0,32평(106.57)"
        },
        {
            "index":251,
            "아파트명":"대명어반스테이(도시형)",
            "투자타입":"일반",
            "전용면적(m2)":"27.72",
            "전용면적(평)":"8평",
            "법정동주소":"인천시 남동구 구월동 1142-2",
            "도로명주소":"인천시 남동구 미래로 30",
            "세대수":0,
            "입주년차":80,
            "용적률점수":"--",
            "건폐율점수":"--",
            "세대당주차수":0,
            "난방방식":30,
            "공급면적":"--",
            "전용률":"--",
            "욕실수":50,
            "현관타입":10,
            "주거총점":25.0,
            "지역구공급총점":100.0,
            "역세권":50,
            "30분내 이동가능 거점":0,
            "1시간내 이동가능 거점":50,
            "교통총점":35.0,
            "백화점":100,
            "아울렛몰":0,
            "대형마트":80,
            "은행":100,
            "병원":60,
            "종합병원":100,
            "공원":80,
            "혐오시설":0,
            "인프라총점":80.4,
            "초등학군":88.31,
            "중학군":52.62,
            "학군총점":59.758,
            "인구수":60.53,
            "인구증감":-11.65,
            "인구총점":38.876,
            "일자리":29.7,
            "소득수준":60.47,
            "일자리총점":38.931,
            "가치 총점":50.3337,
            "매매실거래년":20211203.0,
            "매매실거래가":9000.0,
            "전세실거래년":20211119.0,
            "전세실거래가":8900.0,
            "전세가율":102.3,
            "장기전세가율평균":72.18,
            "전세가율거품지수":-30.12,
            "검색코드":113371,
            "세대수":144.0,
            "준공년월":"2018-04-25",
            "준공년차":5.0,
            "가까운역이름":"예술회관",
            "가까운역거리":522.17,
            "역세권여부":"준역세권",
            "30분이내주요거점역":0,
            "1시간이내주요거점역":5,
            "3km이내백화점수":1,
            "5km이내아울렛몰수":0,
            "1km이내대형먀트수":1,
            "500m이내은행수":9,
            "500m이내병원수":28,
            "5km이내대형병원수":5,
            "500m이내공원수":1,
            "3km이내혐오시설수":0,
            "초등학교학업성취도":88.31,
            "중학교학업성취도":85.1,
            "용적률":996,
            "건폐율":62,
            "Y":37.452714,
            "X":126.705198,
            "rank":54.0,
            "area_info":"8평(27.72), 8평(28.51), 9평(31.71), 9평(32.64), 9평(32.8), 10평(33.23), 12평(41.76)",
            "last_sales":"2021-12-03,9000.0,9평(31.71)"
        },
        {
            "index":88,
            "아파트명":"인천간석LH1단지",
            "투자타입":"일반",
            "전용면적(m2)":"56.56",
            "전용면적(평)":"17평",
            "법정동주소":"인천시 남동구 간석동 940",
            "도로명주소":"인천시 남동구 백범로294번길 15",
            "세대수":50,
            "입주년차":80,
            "용적률점수":"--",
            "건폐율점수":"--",
            "세대당주차수":30,
            "난방방식":100,
            "공급면적":"--",
            "전용률":"--",
            "욕실수":50,
            "현관타입":100,
            "주거총점":63.0,
            "지역구공급총점":100.0,
            "역세권":50,
            "30분내 이동가능 거점":0,
            "1시간내 이동가능 거점":40,
            "교통총점":33.0,
            "백화점":100,
            "아울렛몰":0,
            "대형마트":0,
            "은행":20,
            "병원":60,
            "종합병원":100,
            "공원":100,
            "혐오시설":0,
            "인프라총점":61.0,
            "초등학군":85.89,
            "중학군":42.2,
            "학군총점":50.938,
            "인구수":60.53,
            "인구증감":-11.65,
            "인구총점":38.876,
            "일자리":29.7,
            "소득수준":60.47,
            "일자리총점":38.931,
            "가치 총점":50.0907,
            "매매실거래년":20211014.0,
            "매매실거래가":62000.0,
            "전세실거래년":null,
            "전세실거래가":null,
            "전세가율":null,
            "장기전세가율평균":72.18,
            "전세가율거품지수":null,
            "검색코드":105428,
            "세대수":587.0,
            "준공년월":"2014-10-15",
            "준공년차":9.0,
            "가까운역이름":"간석오거리",
            "가까운역거리":870.17,
            "역세권여부":"준역세권",
            "30분이내주요거점역":0,
            "1시간이내주요거점역":4,
            "3km이내백화점수":1,
            "5km이내아울렛몰수":0,
            "1km이내대형먀트수":0,
            "500m이내은행수":2,
            "500m이내병원수":24,
            "5km이내대형병원수":7,
            "500m이내공원수":7,
            "3km이내혐오시설수":0,
            "초등학교학업성취도":85.89,
            "중학교학업성취도":68.4,
            "용적률":232,
            "건폐율":14,
            "Y":37.46423,
            "X":126.717136,
            "rank":55.0,
            "area_info":"17평(56.56), 17평(56.56), 17평(56.56), 26평(88.34), 26평(88.33), 26평(88.33), 34평(115.05), 34평(115.06)",
            "last_sales":"2021-10-14,62000.0,34평(115.06)"
        },
        {
            "index":151,
            "아파트명":"현광(616-13)",
            "투자타입":"재건축",
            "전용면적(m2)":"63.42",
            "전용면적(평)":"19평",
            "법정동주소":"인천시 남동구 간석동 616-13",
            "도로명주소":"인천시 남동구 경원대로939번길 45",
            "세대수":0,
            "입주년차":"--",
            "용적률점수":80,
            "건폐율점수":80,
            "세대당주차수":"--",
            "난방방식":"--",
            "공급면적":50,
            "전용률":60,
            "욕실수":"--",
            "현관타입":"--",
            "주거총점":53.5,
            "지역구공급총점":100.0,
            "역세권":50,
            "30분내 이동가능 거점":0,
            "1시간내 이동가능 거점":40,
            "교통총점":33.0,
            "백화점":100,
            "아울렛몰":0,
            "대형마트":80,
            "은행":0,
            "병원":30,
            "종합병원":100,
            "공원":0,
            "혐오시설":0,
            "인프라총점":65.0,
            "초등학군":84.56,
            "중학군":47.52,
            "학군총점":54.928,
            "인구수":60.53,
            "인구증감":-11.65,
            "인구총점":38.876,
            "일자리":29.7,
            "소득수준":60.47,
            "일자리총점":38.931,
            "가치 총점":49.9892,
            "매매실거래년":20211220.0,
            "매매실거래가":15200.0,
            "전세실거래년":20211020.0,
            "전세실거래가":11000.0,
            "전세가율":110.0,
            "장기전세가율평균":72.18,
            "전세가율거품지수":-37.82,
            "검색코드":9670,
            "세대수":144.0,
            "준공년월":"1990-05-26",
            "준공년차":33.0,
            "가까운역이름":"간석",
            "가까운역거리":541.1,
            "역세권여부":"준역세권",
            "30분이내주요거점역":0,
            "1시간이내주요거점역":4,
            "3km이내백화점수":1,
            "5km이내아울렛몰수":0,
            "1km이내대형먀트수":1,
            "500m이내은행수":0,
            "500m이내병원수":8,
            "5km이내대형병원수":8,
            "500m이내공원수":0,
            "3km이내혐오시설수":0,
            "초등학교학업성취도":84.56,
            "중학교학업성취도":78.2,
            "용적률":173,
            "건폐율":29,
            "Y":37.46668,
            "X":126.68856,
            "rank":56.0,
            "area_info":"19평(63.42), 20평(67.37), 24평(80.85)",
            "last_sales":"2021-12-20,15200.0,24평(80.85)"
        },
        {
            "index":376,
            "아파트명":"논현유호엔시티1단지",
            "투자타입":"일반",
            "전용면적(m2)":"112.7",
            "전용면적(평)":"34평",
            "법정동주소":"인천시 남동구 논현동 66-24",
            "도로명주소":"인천시 남동구 포구로 35",
            "세대수":30,
            "입주년차":60,
            "용적률점수":"--",
            "건폐율점수":"--",
            "세대당주차수":30,
            "난방방식":100,
            "공급면적":"--",
            "전용률":"--",
            "욕실수":100,
            "현관타입":100,
            "주거총점":57.0,
            "지역구공급총점":100.0,
            "역세권":80,
            "30분내 이동가능 거점":40,
            "1시간내 이동가능 거점":30,
            "교통총점":58.0,
            "백화점":0,
            "아울렛몰":80,
            "대형마트":0,
            "은행":0,
            "병원":30,
            "종합병원":80,
            "공원":100,
            "혐오시설":0,
            "인프라총점":30.0,
            "초등학군":91.5,
            "중학군":53.26,
            "학군총점":60.908,
            "인구수":60.53,
            "인구증감":-11.65,
            "인구총점":38.876,
            "일자리":29.7,
            "소득수준":60.47,
            "일자리총점":38.931,
            "가치 총점":49.8362,
            "매매실거래년":20211204.0,
            "매매실거래가":40950.0,
            "전세실거래년":20211204.0,
            "전세실거래가":30000.0,
            "전세가율":72.29,
            "장기전세가율평균":72.18,
            "전세가율거품지수":-0.11,
            "검색코드":101434,
            "세대수":383.0,
            "준공년월":"2013-05-09",
            "준공년차":10.0,
            "가까운역이름":"소래포구",
            "가까운역거리":409.04,
            "역세권여부":"역세권",
            "30분이내주요거점역":2,
            "1시간이내주요거점역":3,
            "3km이내백화점수":0,
            "5km이내아울렛몰수":1,
            "1km이내대형먀트수":0,
            "500m이내은행수":1,
            "500m이내병원수":6,
            "5km이내대형병원수":1,
            "500m이내공원수":2,
            "3km이내혐오시설수":0,
            "초등학교학업성취도":91.5,
            "중학교학업성취도":85.9,
            "용적률":0,
            "건폐율":0,
            "Y":37.401801,
            "X":126.738027,
            "rank":57.0,
            "area_info":"34평(112.7), 34평(113.17), 37평(124.94), 40평(132.83)",
            "last_sales":"2021-12-04,40950.0,37평(124.94)"
        },
        {
            "index":109,
            "아파트명":"코지빌(도시형)",
            "투자타입":"일반",
            "전용면적(m2)":"17.54",
            "전용면적(평)":"5평",
            "법정동주소":"인천시 남동구 간석동 248-1",
            "도로명주소":"인천시 남동구 예술로346번길 70",
            "세대수":0,
            "입주년차":60,
            "용적률점수":"--",
            "건폐율점수":"--",
            "세대당주차수":0,
            "난방방식":30,
            "공급면적":"--",
            "전용률":"--",
            "욕실수":50,
            "현관타입":10,
            "주거총점":21.0,
            "지역구공급총점":100.0,
            "역세권":80,
            "30분내 이동가능 거점":0,
            "1시간내 이동가능 거점":70,
            "교통총점":54.0,
            "백화점":100,
            "아울렛몰":0,
            "대형마트":0,
            "은행":0,
            "병원":60,
            "종합병원":100,
            "공원":100,
            "혐오시설":0,
            "인프라총점":59.0,
            "초등학군":88.82,
            "중학군":50.72,
            "학군총점":58.34,
            "인구수":60.53,
            "인구증감":-11.65,
            "인구총점":38.876,
            "일자리":29.7,
            "소득수준":60.47,
            "일자리총점":38.931,
            "가치 총점":49.551,
            "매매실거래년":20220113.0,
            "매매실거래가":7160.0,
            "전세실거래년":null,
            "전세실거래가":null,
            "전세가율":null,
            "장기전세가율평균":72.18,
            "전세가율거품지수":null,
            "검색코드":105991,
            "세대수":120.0,
            "준공년월":"2012-01-09",
            "준공년차":11.0,
            "가까운역이름":"간석오거리",
            "가까운역거리":183.1,
            "역세권여부":"역세권",
            "30분이내주요거점역":0,
            "1시간이내주요거점역":7,
            "3km이내백화점수":1,
            "5km이내아울렛몰수":0,
            "1km이내대형먀트수":0,
            "500m이내은행수":1,
            "500m이내병원수":20,
            "5km이내대형병원수":7,
            "500m이내공원수":4,
            "3km이내혐오시설수":0,
            "초등학교학업성취도":88.82,
            "중학교학업성취도":84.2,
            "용적률":0,
            "건폐율":0,
            "Y":37.466071,
            "X":126.706268,
            "rank":58.0,
            "area_info":"5평(17.54), 5평(17.96), 5평(18.93), 6평(20.22), 7평(25.39), 7평(25.0), 7평(26.05), 11평(39.32)",
            "last_sales":"2022-01-13,7160.0,6평(20.22)"
        },
        {
            "index":59,
            "아파트명":"세종보라",
            "투자타입":"일반",
            "전용면적(m2)":"54.56",
            "전용면적(평)":"16평",
            "법정동주소":"인천시 남동구 간석동 230-4",
            "도로명주소":"인천시 남동구 동암남로26번길 42",
            "세대수":0,
            "입주년차":20,
            "용적률점수":"--",
            "건폐율점수":"--",
            "세대당주차수":0,
            "난방방식":30,
            "공급면적":"--",
            "전용률":"--",
            "욕실수":50,
            "현관타입":100,
            "주거총점":22.0,
            "지역구공급총점":100.0,
            "역세권":80,
            "30분내 이동가능 거점":0,
            "1시간내 이동가능 거점":80,
            "교통총점":56.0,
            "백화점":100,
            "아울렛몰":0,
            "대형마트":0,
            "은행":0,
            "병원":30,
            "종합병원":100,
            "공원":100,
            "혐오시설":0,
            "인프라총점":56.0,
            "초등학군":88.01,
            "중학군":50.72,
            "학군총점":58.178,
            "인구수":60.53,
            "인구증감":-11.65,
            "인구총점":38.876,
            "일자리":29.7,
            "소득수준":60.47,
            "일자리총점":38.931,
            "가치 총점":49.5267,
            "매매실거래년":20211017.0,
            "매매실거래가":25000.0,
            "전세실거래년":20210726.0,
            "전세실거래가":10000.0,
            "전세가율":83.33,
            "장기전세가율평균":72.18,
            "전세가율거품지수":-11.15,
            "검색코드":9363,
            "세대수":137.0,
            "준공년월":"2000-06-02",
            "준공년차":23.0,
            "가까운역이름":"간석오거리",
            "가까운역거리":272.2,
            "역세권여부":"역세권",
            "30분이내주요거점역":0,
            "1시간이내주요거점역":8,
            "3km이내백화점수":1,
            "5km이내아울렛몰수":0,
            "1km이내대형먀트수":0,
            "500m이내은행수":0,
            "500m이내병원수":7,
            "5km이내대형병원수":7,
            "500m이내공원수":3,
            "3km이내혐오시설수":0,
            "초등학교학업성취도":88.01,
            "중학교학업성취도":84.2,
            "용적률":306,
            "건폐율":33,
            "Y":37.468686,
            "X":126.705646,
            "rank":59.0,
            "area_info":"16평(54.56), 24평(81.29)",
            "last_sales":"2021-10-17,25000.0,24평(81.29)"
        },
        {
            "index":248,
            "아파트명":"나이스뷰(도시형)",
            "투자타입":"일반",
            "전용면적(m2)":"24.97",
            "전용면적(평)":"7평",
            "법정동주소":"인천시 남동구 구월동 1142-21",
            "도로명주소":"인천시 남동구 구월남로 150",
            "세대수":0,
            "입주년차":80,
            "용적률점수":"--",
            "건폐율점수":"--",
            "세대당주차수":0,
            "난방방식":30,
            "공급면적":"--",
            "전용률":"--",
            "욕실수":50,
            "현관타입":10,
            "주거총점":25.0,
            "지역구공급총점":100.0,
            "역세권":50,
            "30분내 이동가능 거점":0,
            "1시간내 이동가능 거점":40,
            "교통총점":33.0,
            "백화점":100,
            "아울렛몰":0,
            "대형마트":80,
            "은행":100,
            "병원":60,
            "종합병원":100,
            "공원":80,
            "혐오시설":0,
            "인프라총점":80.4,
            "초등학군":88.31,
            "중학군":49.66,
            "학군총점":57.39,
            "인구수":60.53,
            "인구증감":-11.65,
            "인구총점":38.876,
            "일자리":29.7,
            "소득수준":60.47,
            "일자리총점":38.931,
            "가치 총점":49.2785,
            "매매실거래년":20211127.0,
            "매매실거래가":7000.0,
            "전세실거래년":20210522.0,
            "전세실거래가":6500.0,
            "전세가율":104.84,
            "장기전세가율평균":72.18,
            "전세가율거품지수":-32.66,
            "검색코드":110602,
            "세대수":144.0,
            "준공년월":"2015-02-06",
            "준공년차":8.0,
            "가까운역이름":"석천사거리",
            "가까운역거리":544.53,
            "역세권여부":"준역세권",
            "30분이내주요거점역":0,
            "1시간이내주요거점역":4,
            "3km이내백화점수":1,
            "5km이내아울렛몰수":0,
            "1km이내대형먀트수":1,
            "500m이내은행수":9,
            "500m이내병원수":26,
            "5km이내대형병원수":6,
            "500m이내공원수":1,
            "3km이내혐오시설수":0,
            "초등학교학업성취도":88.31,
            "중학교학업성취도":81.5,
            "용적률":708,
            "건폐율":65,
            "Y":37.452956,
            "X":126.706172,
            "rank":60.0,
            "area_info":"7평(24.97), 7평(26.2), 9평(31.71)",
            "last_sales":"2021-11-27,7000.0,9평(31.71)"
        },
        {
            "index":447,
            "아파트명":"에코메트로7단지한화꿈에그린",
            "투자타입":"일반",
            "전용면적(m2)":"113.61",
            "전용면적(평)":"34평",
            "법정동주소":"인천시 남동구 논현동 757-1",
            "도로명주소":"인천시 남동구 에코중앙로 163",
            "세대수":80,
            "입주년차":60,
            "용적률점수":"--",
            "건폐율점수":"--",
            "세대당주차수":60,
            "난방방식":100,
            "공급면적":"--",
            "전용률":"--",
            "욕실수":100,
            "현관타입":100,
            "주거총점":79.0,
            "지역구공급총점":100.0,
            "역세권":50,
            "30분내 이동가능 거점":0,
            "1시간내 이동가능 거점":20,
            "교통총점":29.0,
            "백화점":0,
            "아울렛몰":80,
            "대형마트":80,
            "은행":0,
            "병원":30,
            "종합병원":100,
            "공원":100,
            "혐오시설":0,
            "인프라총점":46.0,
            "초등학군":91.52,
            "중학군":53.26,
            "학군총점":60.912,
            "인구수":60.53,
            "인구증감":-11.65,
            "인구총점":38.876,
            "일자리":29.7,
            "소득수준":60.47,
            "일자리총점":38.931,
            "가치 총점":48.8868,
            "매매실거래년":20211002.0,
            "매매실거래가":70000.0,
            "전세실거래년":null,
            "전세실거래가":null,
            "전세가율":null,
            "장기전세가율평균":72.18,
            "전세가율거품지수":null,
            "검색코드":26167,
            "세대수":848.0,
            "준공년월":"2011-01-07",
            "준공년차":12.0,
            "가까운역이름":"인천논현",
            "가까운역거리":869.15,
            "역세권여부":"준역세권",
            "30분이내주요거점역":0,
            "1시간이내주요거점역":2,
            "3km이내백화점수":0,
            "5km이내아울렛몰수":1,
            "1km이내대형먀트수":1,
            "500m이내은행수":1,
            "500m이내병원수":7,
            "5km이내대형병원수":2,
            "500m이내공원수":7,
            "3km이내혐오시설수":0,
            "초등학교학업성취도":91.52,
            "중학교학업성취도":85.9,
            "용적률":198,
            "건폐율":12,
            "Y":37.393264,
            "X":126.725826,
            "rank":61.0,
            "area_info":"34평(113.61), 34평(114.25), 34평(114.28), 34평(114.18)",
            "last_sales":"2021-10-02,70000.0,34평(114.18)"
        },
        {
            "index":420,
            "아파트명":"에코메트로11단지한화꿈에그린",
            "투자타입":"일반",
            "전용면적(m2)":"111.23",
            "전용면적(평)":"33평",
            "법정동주소":"인천시 남동구 논현동 774-1",
            "도로명주소":"인천시 남동구 논고개로 17",
            "세대수":100,
            "입주년차":60,
            "용적률점수":"--",
            "건폐율점수":"--",
            "세대당주차수":60,
            "난방방식":100,
            "공급면적":"--",
            "전용률":"--",
            "욕실수":100,
            "현관타입":50,
            "주거총점":81.0,
            "지역구공급총점":100.0,
            "역세권":50,
            "30분내 이동가능 거점":0,
            "1시간내 이동가능 거점":20,
            "교통총점":29.0,
            "백화점":0,
            "아울렛몰":80,
            "대형마트":80,
            "은행":0,
            "병원":10,
            "종합병원":100,
            "공원":100,
            "혐오시설":0,
            "인프라총점":44.0,
            "초등학군":91.52,
            "중학군":53.26,
            "학군총점":60.912,
            "인구수":60.53,
            "인구증감":-11.65,
            "인구총점":38.876,
            "일자리":29.7,
            "소득수준":60.47,
            "일자리총점":38.931,
            "가치 총점":48.6868,
            "매매실거래년":20210827.0,
            "매매실거래가":86800.0,
            "전세실거래년":null,
            "전세실거래가":null,
            "전세가율":null,
            "장기전세가율평균":72.18,
            "전세가율거품지수":null,
            "검색코드":26125,
            "세대수":1622.0,
            "준공년월":"2009-07-29",
            "준공년차":14.0,
            "가까운역이름":"소래포구",
            "가까운역거리":866.39,
            "역세권여부":"준역세권",
            "30분이내주요거점역":0,
            "1시간이내주요거점역":2,
            "3km이내백화점수":0,
            "5km이내아울렛몰수":1,
            "1km이내대형먀트수":1,
            "500m이내은행수":0,
            "500m이내병원수":4,
            "5km이내대형병원수":2,
            "500m이내공원수":6,
            "3km이내혐오시설수":0,
            "초등학교학업성취도":91.52,
            "중학교학업성취도":85.9,
            "용적률":199,
            "건폐율":15,
            "Y":37.393565,
            "X":126.730395,
            "rank":62.0,
            "area_info":"33평(111.23), 33평(112.19), 33평(112.19), 39평(131.77), 43평(142.89), 46평(153.09), 49평(164.49), 58평(194.07)",
            "last_sales":"2021-08-27,86800.0,58평(194.07)"
        },
        {
            "index":7,
            "아파트명":"간석리페1차(도시형)",
            "투자타입":"일반",
            "전용면적(m2)":"18.82",
            "전용면적(평)":"5평",
            "법정동주소":"인천시 남동구 간석동 216-5",
            "도로명주소":"인천시 남동구 경인로653번길 11",
            "세대수":0,
            "입주년차":60,
            "용적률점수":"--",
            "건폐율점수":"--",
            "세대당주차수":0,
            "난방방식":30,
            "공급면적":"--",
            "전용률":"--",
            "욕실수":50,
            "현관타입":10,
            "주거총점":21.0,
            "지역구공급총점":100.0,
            "역세권":80,
            "30분내 이동가능 거점":0,
            "1시간내 이동가능 거점":70,
            "교통총점":54.0,
            "백화점":100,
            "아울렛몰":0,
            "대형마트":0,
            "은행":0,
            "병원":30,
            "종합병원":100,
            "공원":100,
            "혐오시설":0,
            "인프라총점":56.0,
            "초등학군":88.82,
            "중학군":50.72,
            "학군총점":58.34,
            "인구수":60.53,
            "인구증감":-11.65,
            "인구총점":38.876,
            "일자리":29.7,
            "소득수준":60.47,
            "일자리총점":38.931,
            "가치 총점":48.651,
            "매매실거래년":20220105.0,
            "매매실거래가":5460.0,
            "전세실거래년":20210908.0,
            "전세실거래가":5300.0,
            "전세가율":97.07,
            "장기전세가율평균":72.18,
            "전세가율거품지수":-24.89,
            "검색코드":104003,
            "세대수":106.0,
            "준공년월":"2013-03-20",
            "준공년차":10.0,
            "가까운역이름":"간석오거리",
            "가까운역거리":135.91,
            "역세권여부":"역세권",
            "30분이내주요거점역":0,
            "1시간이내주요거점역":7,
            "3km이내백화점수":1,
            "5km이내아울렛몰수":0,
            "1km이내대형먀트수":0,
            "500m이내은행수":0,
            "500m이내병원수":8,
            "5km이내대형병원수":7,
            "500m이내공원수":3,
            "3km이내혐오시설수":0,
            "초등학교학업성취도":88.82,
            "중학교학업성취도":84.2,
            "용적률":507,
            "건폐율":52,
            "Y":37.467998,
            "X":126.706969,
            "rank":63.0,
            "area_info":"5평(18.82), 5평(18.82), 5평(18.82), 5평(19.49), 5평(19.49), 7평(24.45), 7평(24.45)",
            "last_sales":"2022-01-05,5460.0,5평(18.82)"
        },
        {
            "index":510,
            "아파트명":"광명",
            "투자타입":"재건축",
            "전용면적(m2)":"91.88",
            "전용면적(평)":"27평",
            "법정동주소":"인천시 남동구 만수동 1042",
            "도로명주소":"인천시 남동구 담방로21번길 24",
            "세대수":80,
            "입주년차":"--",
            "용적률점수":100,
            "건폐율점수":100,
            "세대당주차수":"--",
            "난방방식":"--",
            "공급면적":70,
            "전용률":80,
            "욕실수":"--",
            "현관타입":"--",
            "주거총점":91.5,
            "지역구공급총점":100.0,
            "역세권":50,
            "30분내 이동가능 거점":0,
            "1시간내 이동가능 거점":20,
            "교통총점":29.0,
            "백화점":0,
            "아울렛몰":0,
            "대형마트":80,
            "은행":0,
            "병원":60,
            "종합병원":100,
            "공원":100,
            "혐오시설":0,
            "인프라총점":41.0,
            "초등학군":86.96,
            "중학군":43.38,
            "학군총점":52.096,
            "인구수":60.53,
            "인구증감":-11.65,
            "인구총점":38.876,
            "일자리":29.7,
            "소득수준":60.47,
            "일자리총점":38.931,
            "가치 총점":48.5644,
            "매매실거래년":20211102.0,
            "매매실거래가":35500.0,
            "전세실거래년":20210220.0,
            "전세실거래가":15900.0,
            "전세가율":53.0,
            "장기전세가율평균":72.18,
            "전세가율거품지수":19.18,
            "검색코드":2300,
            "세대수":870.0,
            "준공년월":"1991-11-29",
            "준공년차":32.0,
            "가까운역이름":"남동구청",
            "가까운역거리":662.62,
            "역세권여부":"준역세권",
            "30분이내주요거점역":0,
            "1시간이내주요거점역":2,
            "3km이내백화점수":0,
            "5km이내아울렛몰수":0,
            "1km이내대형먀트수":1,
            "500m이내은행수":1,
            "500m이내병원수":27,
            "5km이내대형병원수":5,
            "500m이내공원수":5,
            "3km이내혐오시설수":0,
            "초등학교학업성취도":86.96,
            "중학교학업성취도":71.5,
            "용적률":122,
            "건폐율":19,
            "Y":37.44221,
            "X":126.73733,
            "rank":64.0,
            "area_info":"27평(91.88), 31평(102.61)",
            "last_sales":"2021-11-02,35500.0,31평(102.61)"
        },
        {
            "index":461,
            "아파트명":"인천논현푸르지오",
            "투자타입":"일반",
            "전용면적(m2)":"82.22",
            "전용면적(평)":"24평",
            "법정동주소":"인천시 남동구 논현동 810",
            "도로명주소":"인천시 남동구 포구로 40",
            "세대수":80,
            "입주년차":100,
            "용적률점수":"--",
            "건폐율점수":"--",
            "세대당주차수":30,
            "난방방식":30,
            "공급면적":"--",
            "전용률":"--",
            "욕실수":100,
            "현관타입":100,
            "주거총점":75.5,
            "지역구공급총점":100.0,
            "역세권":50,
            "30분내 이동가능 거점":40,
            "1시간내 이동가능 거점":30,
            "교통총점":43.0,
            "백화점":0,
            "아울렛몰":80,
            "대형마트":0,
            "은행":0,
            "병원":30,
            "종합병원":80,
            "공원":100,
            "혐오시설":0,
            "인프라총점":30.0,
            "초등학군":91.5,
            "중학군":52.08,
            "학군총점":59.964,
            "인구수":60.53,
            "인구증감":-11.65,
            "인구총점":38.876,
            "일자리":29.7,
            "소득수준":60.47,
            "일자리총점":38.931,
            "가치 총점":48.1446,
            "매매실거래년":20211215.0,
            "매매실거래가":40500.0,
            "전세실거래년":20220112.0,
            "전세실거래가":34000.0,
            "전세가율":83.95,
            "장기전세가율평균":72.18,
            "전세가율거품지수":-11.77,
            "검색코드":117200,
            "세대수":754.0,
            "준공년월":"2019-10-17",
            "준공년차":4.0,
            "가까운역이름":"소래포구",
            "가까운역거리":538.25,
            "역세권여부":"준역세권",
            "30분이내주요거점역":2,
            "1시간이내주요거점역":3,
            "3km이내백화점수":0,
            "5km이내아울렛몰수":1,
            "1km이내대형먀트수":0,
            "500m이내은행수":1,
            "500m이내병원수":6,
            "5km이내대형병원수":1,
            "500m이내공원수":2,
            "3km이내혐오시설수":0,
            "초등학교학업성취도":91.5,
            "중학교학업성취도":84.2,
            "용적률":249,
            "건폐율":19,
            "Y":37.403245,
            "X":126.738887,
            "rank":65.0,
            "area_info":"24평(82.22), 24평(82.14), 24평(82.56), 27평(92.22), 27평(92.38)",
            "last_sales":"2021-12-15,40500.0,24평(82.22)"
        },
        {
            "index":264,
            "아파트명":"동아",
            "투자타입":"재건축",
            "전용면적(m2)":"97.6",
            "전용면적(평)":"29평",
            "법정동주소":"인천시 남동구 구월동 260-5",
            "도로명주소":"인천시 남동구 인주대로676번길 22",
            "세대수":50,
            "입주년차":"--",
            "용적률점수":0,
            "건폐율점수":80,
            "세대당주차수":"--",
            "난방방식":"--",
            "공급면적":70,
            "전용률":80,
            "욕실수":"--",
            "현관타입":"--",
            "주거총점":38.5,
            "지역구공급총점":100.0,
            "역세권":50,
            "30분내 이동가능 거점":0,
            "1시간내 이동가능 거점":30,
            "교통총점":31.0,
            "백화점":100,
            "아울렛몰":0,
            "대형마트":80,
            "은행":0,
            "병원":60,
            "종합병원":100,
            "공원":100,
            "혐오시설":0,
            "인프라총점":71.0,
            "초등학군":86.14,
            "중학군":43.76,
            "학군총점":52.236,
            "인구수":60.53,
            "인구증감":-11.65,
            "인구총점":38.876,
            "일자리":29.7,
            "소득수준":60.47,
            "일자리총점":38.931,
            "가치 총점":47.6854,
            "매매실거래년":20210915.0,
            "매매실거래가":36500.0,
            "전세실거래년":20211007.0,
            "전세실거래가":26500.0,
            "전세가율":72.6,
            "장기전세가율평균":72.18,
            "전세가율거품지수":-0.42,
            "검색코드":2275,
            "세대수":486.0,
            "준공년월":"1991-10-18",
            "준공년차":32.0,
            "가까운역이름":"예술회관",
            "가까운역거리":911.9,
            "역세권여부":"준역세권",
            "30분이내주요거점역":0,
            "1시간이내주요거점역":3,
            "3km이내백화점수":1,
            "5km이내아울렛몰수":0,
            "1km이내대형먀트수":1,
            "500m이내은행수":1,
            "500m이내병원수":17,
            "5km이내대형병원수":4,
            "500m이내공원수":6,
            "3km이내혐오시설수":0,
            "초등학교학업성취도":86.14,
            "중학교학업성취도":71.6,
            "용적률":318,
            "건폐율":23,
            "Y":37.448384,
            "X":126.711263,
            "rank":66.0,
            "area_info":"29평(97.6), 30평(99.56), 30평(99.89), 40평(133.25), 45평(151.03), 51평(170.26), 56평(188.11)",
            "last_sales":"2021-09-15,36500.0,29평(97.6)"
        },
        {
            "index":397,
            "아파트명":"동산마을휴먼시아",
            "투자타입":"일반",
            "전용면적(m2)":"107.55",
            "전용면적(평)":"32평",
            "법정동주소":"인천시 남동구 논현동 603-1",
            "도로명주소":"인천시 남동구 소래역로 119",
            "세대수":80,
            "입주년차":40,
            "용적률점수":"--",
            "건폐율점수":"--",
            "세대당주차수":30,
            "난방방식":100,
            "공급면적":"--",
            "전용률":"--",
            "욕실수":100,
            "현관타입":100,
            "주거총점":70.5,
            "지역구공급총점":100.0,
            "역세권":50,
            "30분내 이동가능 거점":20,
            "1시간내 이동가능 거점":20,
            "교통총점":35.0,
            "백화점":0,
            "아울렛몰":80,
            "대형마트":80,
            "은행":0,
            "병원":10,
            "종합병원":80,
            "공원":100,
            "혐오시설":0,
            "인프라총점":40.0,
            "초등학군":92.35,
            "중학군":52.08,
            "학군총점":60.134,
            "인구수":60.53,
            "인구증감":-11.65,
            "인구총점":38.876,
            "일자리":29.7,
            "소득수준":60.47,
            "일자리총점":38.931,
            "가치 총점":47.3701,
            "매매실거래년":20211225.0,
            "매매실거래가":47000.0,
            "전세실거래년":20211231.0,
            "전세실거래가":28500.0,
            "전세가율":60.64,
            "장기전세가율평균":72.18,
            "전세가율거품지수":11.54,
            "검색코드":19490,
            "세대수":833.0,
            "준공년월":"2006-07-12",
            "준공년차":17.0,
            "가까운역이름":"소래포구",
            "가까운역거리":734.9,
            "역세권여부":"준역세권",
            "30분이내주요거점역":1,
            "1시간이내주요거점역":2,
            "3km이내백화점수":0,
            "5km이내아울렛몰수":1,
            "1km이내대형먀트수":1,
            "500m이내은행수":1,
            "500m이내병원수":2,
            "5km이내대형병원수":1,
            "500m이내공원수":4,
            "3km이내혐오시설수":0,
            "초등학교학업성취도":92.35,
            "중학교학업성취도":84.2,
            "용적률":200,
            "건폐율":15,
            "Y":37.405719,
            "X":126.727762,
            "rank":67.0,
            "area_info":"32평(107.55), 32평(107.66)",
            "last_sales":"2021-12-25,47000.0,32평(107.55)"
        },
        {
            "index":560,
            "아파트명":"만수주공3단지",
            "투자타입":"재건축",
            "전용면적(m2)":"59.22",
            "전용면적(평)":"17평",
            "법정동주소":"인천시 남동구 만수동 46",
            "도로명주소":"인천시 남동구 백범로124번길 16",
            "세대수":50,
            "입주년차":"--",
            "용적률점수":100,
            "건폐율점수":80,
            "세대당주차수":"--",
            "난방방식":"--",
            "공급면적":50,
            "전용률":100,
            "욕실수":"--",
            "현관타입":"--",
            "주거총점":78.5,
            "지역구공급총점":100.0,
            "역세권":80,
            "30분내 이동가능 거점":0,
            "1시간내 이동가능 거점":20,
            "교통총점":44.0,
            "백화점":0,
            "아울렛몰":0,
            "대형마트":0,
            "은행":0,
            "병원":30,
            "종합병원":100,
            "공원":100,
            "혐오시설":0,
            "인프라총점":26.0,
            "초등학군":86.6,
            "중학군":44.76,
            "학군총점":53.128,
            "인구수":60.53,
            "인구증감":-11.65,
            "인구총점":38.876,
            "일자리":29.7,
            "소득수준":60.47,
            "일자리총점":38.931,
            "가치 총점":46.8692,
            "매매실거래년":20210927.0,
            "매매실거래가":44000.0,
            "전세실거래년":20211106.0,
            "전세실거래가":15000.0,
            "전세가율":42.61,
            "장기전세가율평균":72.18,
            "전세가율거품지수":29.57,
            "검색코드":2313,
            "세대수":510.0,
            "준공년월":"1986-10-27",
            "준공년차":37.0,
            "가까운역이름":"만수",
            "가까운역거리":259.61,
            "역세권여부":"역세권",
            "30분이내주요거점역":0,
            "1시간이내주요거점역":2,
            "3km이내백화점수":0,
            "5km이내아울렛몰수":0,
            "1km이내대형먀트수":0,
            "500m이내은행수":1,
            "500m이내병원수":6,
            "5km이내대형병원수":5,
            "500m이내공원수":4,
            "3km이내혐오시설수":0,
            "초등학교학업성취도":86.6,
            "중학교학업성취도":71.8,
            "용적률":78,
            "건폐율":20,
            "Y":37.455048,
            "X":126.73503,
            "rank":68.0,
            "area_info":"17평(59.22), 18평(59.56), 19평(66.06), 20평(67.93), 20평(67.49), 22평(75.95)",
            "last_sales":"2021-09-27,44000.0,20평(67.93)"
        },
        {
            "index":489,
            "아파트명":"한양수자인아르디에(도시형)",
            "투자타입":"일반",
            "전용면적(m2)":"86.47",
            "전용면적(평)":"26평",
            "법정동주소":"인천시 남동구 논현동 739-1",
            "도로명주소":"인천시 남동구 앵고개로815번길 19",
            "세대수":0,
            "입주년차":80,
            "용적률점수":"--",
            "건폐율점수":"--",
            "세대당주차수":30,
            "난방방식":100,
            "공급면적":"--",
            "전용률":"--",
            "욕실수":100,
            "현관타입":100,
            "주거총점":50.5,
            "지역구공급총점":100.0,
            "역세권":50,
            "30분내 이동가능 거점":20,
            "1시간내 이동가능 거점":20,
            "교통총점":35.0,
            "백화점":0,
            "아울렛몰":80,
            "대형마트":80,
            "은행":20,
            "병원":60,
            "종합병원":100,
            "공원":100,
            "혐오시설":0,
            "인프라총점":51.0,
            "초등학군":84.42,
            "중학군":53.26,
            "학군총점":59.492,
            "인구수":60.53,
            "인구증감":-11.65,
            "인구총점":38.876,
            "일자리":29.7,
            "소득수준":60.47,
            "일자리총점":38.931,
            "가치 총점":46.5738,
            "매매실거래년":20170331.0,
            "매매실거래가":25350.0,
            "전세실거래년":null,
            "전세실거래가":null,
            "전세가율":null,
            "장기전세가율평균":72.18,
            "전세가율거품지수":null,
            "검색코드":110917,
            "세대수":236.0,
            "준공년월":"2017-04-03",
            "준공년차":6.0,
            "가까운역이름":"인천논현",
            "가까운역거리":672.58,
            "역세권여부":"준역세권",
            "30분이내주요거점역":1,
            "1시간이내주요거점역":2,
            "3km이내백화점수":0,
            "5km이내아울렛몰수":1,
            "1km이내대형먀트수":1,
            "500m이내은행수":2,
            "500m이내병원수":16,
            "5km이내대형병원수":3,
            "500m이내공원수":6,
            "3km이내혐오시설수":0,
            "초등학교학업성취도":84.42,
            "중학교학업성취도":85.9,
            "용적률":99,
            "건폐율":36,
            "Y":37.394647,
            "X":126.723725,
            "rank":69.0,
            "area_info":"26평(86.47), 26평(86.47), 26평(86.45), 30평(101.21), 30평(101.21)",
            "last_sales":"2017-03-31,25350.0,26평(86.47)"
        },
        {
            "index":523,
            "아파트명":"대동(1018)",
            "투자타입":"재건축",
            "전용면적(m2)":"84.22",
            "전용면적(평)":"25평",
            "법정동주소":"인천시 남동구 만수동 1018",
            "도로명주소":"인천시 남동구 장승남로33번길 21",
            "세대수":50,
            "입주년차":"--",
            "용적률점수":0,
            "건폐율점수":60,
            "세대당주차수":"--",
            "난방방식":"--",
            "공급면적":70,
            "전용률":60,
            "욕실수":"--",
            "현관타입":"--",
            "주거총점":33.5,
            "지역구공급총점":100.0,
            "역세권":50,
            "30분내 이동가능 거점":0,
            "1시간내 이동가능 거점":20,
            "교통총점":29.0,
            "백화점":100,
            "아울렛몰":0,
            "대형마트":80,
            "은행":0,
            "병원":60,
            "종합병원":100,
            "공원":100,
            "혐오시설":0,
            "인프라총점":71.0,
            "초등학군":86.95,
            "중학군":43.38,
            "학군총점":52.094,
            "인구수":60.53,
            "인구증감":-11.65,
            "인구총점":38.876,
            "일자리":29.7,
            "소득수준":60.47,
            "일자리총점":38.931,
            "가치 총점":45.9641,
            "매매실거래년":20210902.0,
            "매매실거래가":39300.0,
            "전세실거래년":20211019.0,
            "전세실거래가":17000.0,
            "전세가율":56.67,
            "장기전세가율평균":72.18,
            "전세가율거품지수":15.51,
            "검색코드":2303,
            "세대수":560.0,
            "준공년월":"1992-04-14",
            "준공년차":31.0,
            "가까운역이름":"남동구청",
            "가까운역거리":505.21,
            "역세권여부":"준역세권",
            "30분이내주요거점역":0,
            "1시간이내주요거점역":2,
            "3km이내백화점수":1,
            "5km이내아울렛몰수":0,
            "1km이내대형먀트수":1,
            "500m이내은행수":1,
            "500m이내병원수":28,
            "5km이내대형병원수":4,
            "500m이내공원수":6,
            "3km이내혐오시설수":0,
            "초등학교학업성취도":86.95,
            "중학교학업성취도":71.5,
            "용적률":244,
            "건폐율":33,
            "Y":37.444058,
            "X":126.734481,
            "rank":70.0,
            "area_info":"25평(84.22), 31평(103.38)",
            "last_sales":"2021-09-02,39300.0,31평(103.38)"
        },
        {
            "index":483,
            "아파트명":"주공13단지(푸르내마을휴먼시아)",
            "투자타입":"일반",
            "전용면적(m2)":"70.29",
            "전용면적(평)":"21평",
            "법정동주소":"인천시 남동구 논현동 600-9",
            "도로명주소":"인천시 남동구 포구로 98",
            "세대수":80,
            "입주년차":40,
            "용적률점수":"--",
            "건폐율점수":"--",
            "세대당주차수":30,
            "난방방식":100,
            "공급면적":"--",
            "전용률":"--",
            "욕실수":50,
            "현관타입":100,
            "주거총점":65.5,
            "지역구공급총점":100.0,
            "역세권":50,
            "30분내 이동가능 거점":40,
            "1시간내 이동가능 거점":30,
            "교통총점":43.0,
            "백화점":0,
            "아울렛몰":80,
            "대형마트":0,
            "은행":0,
            "병원":30,
            "종합병원":80,
            "공원":100,
            "혐오시설":0,
            "인프라총점":30.0,
            "초등학군":84.51,
            "중학군":52.08,
            "학군총점":58.566,
            "인구수":60.53,
            "인구증감":-11.65,
            "인구총점":38.876,
            "일자리":29.7,
            "소득수준":60.47,
            "일자리총점":38.931,
            "가치 총점":45.9349,
            "매매실거래년":20211123.0,
            "매매실거래가":45000.0,
            "전세실거래년":20211211.0,
            "전세실거래가":28000.0,
            "전세가율":83.58,
            "장기전세가율평균":72.18,
            "전세가율거품지수":-11.4,
            "검색코드":102754,
            "세대수":785.0,
            "준공년월":"2006-04-14",
            "준공년차":17.0,
            "가까운역이름":"소래포구",
            "가까운역거리":624.67,
            "역세권여부":"준역세권",
            "30분이내주요거점역":2,
            "1시간이내주요거점역":3,
            "3km이내백화점수":0,
            "5km이내아울렛몰수":1,
            "1km이내대형먀트수":0,
            "500m이내은행수":0,
            "500m이내병원수":6,
            "5km이내대형병원수":1,
            "500m이내공원수":6,
            "3km이내혐오시설수":0,
            "초등학교학업성취도":84.51,
            "중학교학업성취도":84.2,
            "용적률":186,
            "건폐율":14,
            "Y":37.406462,
            "X":126.734888,
            "rank":71.0,
            "area_info":"21평(70.29), 21평(70.25), 23평(78.42), 23평(78.05), 23평(78.6)",
            "last_sales":"2021-11-23,45000.0,23평(78.42)"
        },
        {
            "index":261,
            "아파트명":"동남",
            "투자타입":"재건축",
            "전용면적(m2)":"75.68",
            "전용면적(평)":"22평",
            "법정동주소":"인천시 남동구 구월동 287",
            "도로명주소":"인천시 남동구 인주대로676번길 19",
            "세대수":0,
            "입주년차":"--",
            "용적률점수":80,
            "건폐율점수":80,
            "세대당주차수":"--",
            "난방방식":"--",
            "공급면적":50,
            "전용률":60,
            "욕실수":"--",
            "현관타입":"--",
            "주거총점":53.5,
            "지역구공급총점":100.0,
            "역세권":50,
            "30분내 이동가능 거점":0,
            "1시간내 이동가능 거점":10,
            "교통총점":27.0,
            "백화점":100,
            "아울렛몰":0,
            "대형마트":0,
            "은행":0,
            "병원":60,
            "종합병원":100,
            "공원":100,
            "혐오시설":0,
            "인프라총점":59.0,
            "초등학군":86.14,
            "중학군":43.76,
            "학군총점":52.236,
            "인구수":60.53,
            "인구증감":-11.65,
            "인구총점":38.876,
            "일자리":29.7,
            "소득수준":60.47,
            "일자리총점":38.931,
            "가치 총점":45.6854,
            "매매실거래년":20210630.0,
            "매매실거래가":23400.0,
            "전세실거래년":20200629.0,
            "전세실거래가":11000.0,
            "전세가율":68.75,
            "장기전세가율평균":72.18,
            "전세가율거품지수":3.43,
            "검색코드":9968,
            "세대수":168.0,
            "준공년월":"1991-05-06",
            "준공년차":32.0,
            "가까운역이름":"석천사거리",
            "가까운역거리":984.71,
            "역세권여부":"준역세권",
            "30분이내주요거점역":0,
            "1시간이내주요거점역":1,
            "3km이내백화점수":1,
            "5km이내아울렛몰수":0,
            "1km이내대형먀트수":0,
            "500m이내은행수":1,
            "500m이내병원수":11,
            "5km이내대형병원수":4,
            "500m이내공원수":7,
            "3km이내혐오시설수":0,
            "초등학교학업성취도":86.14,
            "중학교학업성취도":71.6,
            "용적률":173,
            "건폐율":28,
            "Y":37.448211,
            "X":126.712678,
            "rank":72.0,
            "area_info":"22평(75.68), 23평(78.87), 27평(91.3)",
            "last_sales":"2021-06-30,23400.0,27평(91.3)"
        },
        {
            "index":271,
            "아파트명":"두플라스(도시형)",
            "투자타입":"일반",
            "전용면적(m2)":"23.57",
            "전용면적(평)":"7평",
            "법정동주소":"인천시 남동구 구월동 1530",
            "도로명주소":"인천시 남동구 선수촌공원로 26",
            "세대수":0,
            "입주년차":80,
            "용적률점수":"--",
            "건폐율점수":"--",
            "세대당주차수":0,
            "난방방식":30,
            "공급면적":"--",
            "전용률":"--",
            "욕실수":50,
            "현관타입":10,
            "주거총점":25.0,
            "지역구공급총점":100.0,
            "역세권":50,
            "30분내 이동가능 거점":0,
            "1시간내 이동가능 거점":20,
            "교통총점":29.0,
            "백화점":100,
            "아울렛몰":0,
            "대형마트":100,
            "은행":0,
            "병원":60,
            "종합병원":100,
            "공원":100,
            "혐오시설":0,
            "인프라총점":74.0,
            "초등학군":83.58,
            "중학군":43.76,
            "학군총점":51.724,
            "인구수":60.53,
            "인구증감":-11.65,
            "인구총점":38.876,
            "일자리":29.7,
            "소득수준":60.47,
            "일자리총점":38.931,
            "가치 총점":45.1086,
            "매매실거래년":20201117.0,
            "매매실거래가":17400.0,
            "전세실거래년":20191207.0,
            "전세실거래가":8100.0,
            "전세가율":89.01,
            "장기전세가율평균":72.18,
            "전세가율거품지수":-16.83,
            "검색코드":112076,
            "세대수":168.0,
            "준공년월":"2016-06-30",
            "준공년차":7.0,
            "가까운역이름":"인천터미널",
            "가까운역거리":956.29,
            "역세권여부":"준역세권",
            "30분이내주요거점역":0,
            "1시간이내주요거점역":2,
            "3km이내백화점수":1,
            "5km이내아울렛몰수":0,
            "1km이내대형먀트수":2,
            "500m이내은행수":0,
            "500m이내병원수":14,
            "5km이내대형병원수":3,
            "500m이내공원수":2,
            "3km이내혐오시설수":0,
            "초등학교학업성취도":83.58,
            "중학교학업성취도":71.6,
            "용적률":499,
            "건폐율":60,
            "Y":37.441254,
            "X":126.710444,
            "rank":73.0,
            "area_info":"7평(23.57), 8평(26.76), 8평(27.88), 8평(27.49), 8평(29.72), 8평(29.34), 8평(29.4), 8평(29.31), 9평(32.49), 11평(36.61), 11평(36.47), 17평(56.99), 17평(56.55), 17평(57.69), 18평(60.7), 18평(60.37), 18평(60.24), 18평(61.6), 18평(61.49), 18평(61.11), 18평(61.06)",
            "last_sales":"2020-11-17,17400.0,18평(61.11)"
        },
        {
            "index":399,
            "아파트명":"별빛마을웰카운티",
            "투자타입":"일반",
            "전용면적(m2)":"125.88",
            "전용면적(평)":"38평",
            "법정동주소":"인천시 남동구 논현동 601-1",
            "도로명주소":"인천시 남동구 논현로 235",
            "세대수":80,
            "입주년차":40,
            "용적률점수":"--",
            "건폐율점수":"--",
            "세대당주차수":60,
            "난방방식":100,
            "공급면적":"--",
            "전용률":"--",
            "욕실수":100,
            "현관타입":50,
            "주거총점":70.0,
            "지역구공급총점":100.0,
            "역세권":50,
            "30분내 이동가능 거점":0,
            "1시간내 이동가능 거점":20,
            "교통총점":29.0,
            "백화점":0,
            "아울렛몰":80,
            "대형마트":80,
            "은행":0,
            "병원":10,
            "종합병원":80,
            "공원":100,
            "혐오시설":0,
            "인프라총점":40.0,
            "초등학군":84.51,
            "중학군":52.08,
            "학군총점":58.566,
            "인구수":60.53,
            "인구증감":-11.65,
            "인구총점":38.876,
            "일자리":29.7,
            "소득수준":60.47,
            "일자리총점":38.931,
            "가치 총점":44.9349,
            "매매실거래년":20210927.0,
            "매매실거래가":77000.0,
            "전세실거래년":20211113.0,
            "전세실거래가":47000.0,
            "전세가율":75.81,
            "장기전세가율평균":72.18,
            "전세가율거품지수":-3.63,
            "검색코드":23767,
            "세대수":888.0,
            "준공년월":"2008-07-16",
            "준공년차":15.0,
            "가까운역이름":"소래포구",
            "가까운역거리":725.13,
            "역세권여부":"준역세권",
            "30분이내주요거점역":0,
            "1시간이내주요거점역":2,
            "3km이내백화점수":0,
            "5km이내아울렛몰수":1,
            "1km이내대형먀트수":1,
            "500m이내은행수":1,
            "500m이내병원수":4,
            "5km이내대형병원수":1,
            "500m이내공원수":3,
            "3km이내혐오시설수":0,
            "초등학교학업성취도":84.51,
            "중학교학업성취도":84.2,
            "용적률":217,
            "건폐율":11,
            "Y":37.407283,
            "X":126.731564,
            "rank":74.0,
            "area_info":"38평(125.88), 38평(126.13), 47평(156.37), 56평(187.69), 56평(187.11), 72평(239.29), 72평(239.14), 72평(239.38)",
            "last_sales":"2021-09-27,77000.0,47평(156.37)"
        },
        {
            "index":574,
            "아파트명":"만수주공5단지",
            "투자타입":"재건축",
            "전용면적(m2)":"45.95",
            "전용면적(평)":"13평",
            "법정동주소":"인천시 남동구 만수동 17",
            "도로명주소":"인천시 남동구 백범로124번길 127",
            "세대수":90,
            "입주년차":"--",
            "용적률점수":100,
            "건폐율점수":100,
            "세대당주차수":"--",
            "난방방식":"--",
            "공급면적":50,
            "전용률":60,
            "욕실수":"--",
            "현관타입":"--",
            "주거총점":92.5,
            "지역구공급총점":100.0,
            "역세권":50,
            "30분내 이동가능 거점":0,
            "1시간내 이동가능 거점":10,
            "교통총점":27.0,
            "백화점":0,
            "아울렛몰":0,
            "대형마트":0,
            "은행":0,
            "병원":60,
            "종합병원":100,
            "공원":100,
            "혐오시설":0,
            "인프라총점":29.0,
            "초등학군":87.4,
            "중학군":46.6,
            "학군총점":54.76,
            "인구수":60.53,
            "인구증감":-11.65,
            "인구총점":38.876,
            "일자리":29.7,
            "소득수준":60.47,
            "일자리총점":38.931,
            "가치 총점":44.864,
            "매매실거래년":20211218.0,
            "매매실거래가":27500.0,
            "전세실거래년":20211130.0,
            "전세실거래가":7000.0,
            "전세가율":28.34,
            "장기전세가율평균":72.18,
            "전세가율거품지수":43.84,
            "검색코드":2315,
            "세대수":900.0,
            "준공년월":"1987-09-12",
            "준공년차":36.0,
            "가까운역이름":"만수",
            "가까운역거리":784.54,
            "역세권여부":"준역세권",
            "30분이내주요거점역":0,
            "1시간이내주요거점역":1,
            "3km이내백화점수":0,
            "5km이내아울렛몰수":0,
            "1km이내대형먀트수":0,
            "500m이내은행수":0,
            "500m이내병원수":27,
            "5km이내대형병원수":5,
            "500m이내공원수":3,
            "3km이내혐오시설수":0,
            "초등학교학업성취도":87.4,
            "중학교학업성취도":76.0,
            "용적률":135,
            "건폐율":9,
            "Y":37.46026,
            "X":126.73789,
            "rank":75.0,
            "area_info":"13평(45.95), 17평(57.94), 20평(68.89)",
            "last_sales":"2021-12-18,27500.0,17평(57.94)"
        },
        {
            "index":504,
            "아파트명":"고운웰리움",
            "투자타입":"일반",
            "전용면적(m2)":"77.82",
            "전용면적(평)":"23평",
            "법정동주소":"인천시 남동구 만수동 900-17",
            "도로명주소":"인천시 남동구 구월말로103번길 18-4",
            "세대수":0,
            "입주년차":40,
            "용적률점수":"--",
            "건폐율점수":"--",
            "세대당주차수":30,
            "난방방식":30,
            "공급면적":"--",
            "전용률":"--",
            "욕실수":100,
            "현관타입":100,
            "주거총점":35.5,
            "지역구공급총점":100.0,
            "역세권":50,
            "30분내 이동가능 거점":0,
            "1시간내 이동가능 거점":30,
            "교통총점":31.0,
            "백화점":100,
            "아울렛몰":0,
            "대형마트":0,
            "은행":0,
            "병원":60,
            "종합병원":100,
            "공원":100,
            "혐오시설":0,
            "인프라총점":59.0,
            "초등학군":87.93,
            "중학군":51.9,
            "학군총점":59.106,
            "인구수":60.53,
            "인구증감":-11.65,
            "인구총점":38.876,
            "일자리":29.7,
            "소득수준":60.47,
            "일자리총점":38.931,
            "가치 총점":44.5159,
            "매매실거래년":20211108.0,
            "매매실거래가":37000.0,
            "전세실거래년":20201010.0,
            "전세실거래가":20000.0,
            "전세가율":67.34,
            "장기전세가율평균":72.18,
            "전세가율거품지수":4.84,
            "검색코드":24631,
            "세대수":101.0,
            "준공년월":"2006-08-25",
            "준공년차":17.0,
            "가까운역이름":"모래내시장",
            "가까운역거리":568.98,
            "역세권여부":"준역세권",
            "30분이내주요거점역":0,
            "1시간이내주요거점역":3,
            "3km이내백화점수":1,
            "5km이내아울렛몰수":0,
            "1km이내대형먀트수":0,
            "500m이내은행수":1,
            "500m이내병원수":29,
            "5km이내대형병원수":4,
            "500m이내공원수":6,
            "3km이내혐오시설수":0,
            "초등학교학업성취도":87.93,
            "중학교학업성취도":86.5,
            "용적률":236,
            "건폐율":18,
            "Y":37.458541,
            "X":126.724765,
            "rank":76.0,
            "area_info":"23평(77.82), 30평(99.63), 31평(103.34)",
            "last_sales":"2021-11-08,37000.0,30평(99.63)"
        },
        {
            "index":363,
            "아파트명":"논현숲속마을휴먼시아",
            "투자타입":"일반",
            "전용면적(m2)":"110.74",
            "전용면적(평)":"33평",
            "법정동주소":"인천시 남동구 논현동 580-1",
            "도로명주소":"인천시 남동구 은봉로165번길 24",
            "세대수":80,
            "입주년차":60,
            "용적률점수":"--",
            "건폐율점수":"--",
            "세대당주차수":30,
            "난방방식":100,
            "공급면적":"--",
            "전용률":"--",
            "욕실수":100,
            "현관타입":100,
            "주거총점":74.5,
            "지역구공급총점":100.0,
            "역세권":50,
            "30분내 이동가능 거점":20,
            "1시간내 이동가능 거점":20,
            "교통총점":35.0,
            "백화점":0,
            "아울렛몰":80,
            "대형마트":0,
            "은행":0,
            "병원":10,
            "종합병원":100,
            "공원":100,
            "혐오시설":0,
            "인프라총점":32.0,
            "초등학군":85.01,
            "중학군":42.3,
            "학군총점":50.842,
            "인구수":60.53,
            "인구증감":-11.65,
            "인구총점":38.876,
            "일자리":29.7,
            "소득수준":60.47,
            "일자리총점":38.931,
            "가치 총점":44.3763,
            "매매실거래년":20210309.0,
            "매매실거래가":40900.0,
            "전세실거래년":null,
            "전세실거래가":null,
            "전세가율":null,
            "장기전세가율평균":72.18,
            "전세가율거품지수":null,
            "검색코드":26670,
            "세대수":872.0,
            "준공년월":"2009-06-09",
            "준공년차":14.0,
            "가까운역이름":"호구포",
            "가까운역거리":612.82,
            "역세권여부":"준역세권",
            "30분이내주요거점역":1,
            "1시간이내주요거점역":2,
            "3km이내백화점수":0,
            "5km이내아울렛몰수":1,
            "1km이내대형먀트수":0,
            "500m이내은행수":0,
            "500m이내병원수":2,
            "5km이내대형병원수":2,
            "500m이내공원수":5,
            "3km이내혐오시설수":0,
            "초등학교학업성취도":85.01,
            "중학교학업성취도":69.1,
            "용적률":185,
            "건폐율":13,
            "Y":37.406981,
            "X":126.710323,
            "rank":77.0,
            "area_info":"33평(110.74), 33평(110.73), 33평(110.71), 33평(111.68), 34평(112.97), 34평(113.72)",
            "last_sales":"2021-03-09,40900.0,33평(111.68)"
        },
        {
            "index":117,
            "아파트명":"태화",
            "투자타입":"일반",
            "전용면적(m2)":"78.46",
            "전용면적(평)":"23평",
            "법정동주소":"인천시 남동구 간석동 918-5",
            "도로명주소":"인천시 남동구 호구포로900번길 5",
            "세대수":50,
            "입주년차":0,
            "용적률점수":"--",
            "건폐율점수":"--",
            "세대당주차수":0,
            "난방방식":30,
            "공급면적":"--",
            "전용률":"--",
            "욕실수":50,
            "현관타입":100,
            "주거총점":35.5,
            "지역구공급총점":100.0,
            "역세권":50,
            "30분내 이동가능 거점":0,
            "1시간내 이동가능 거점":40,
            "교통총점":33.0,
            "백화점":100,
            "아울렛몰":0,
            "대형마트":0,
            "은행":0,
            "병원":60,
            "종합병원":100,
            "공원":100,
            "혐오시설":0,
            "인프라총점":59.0,
            "초등학군":85.89,
            "중학군":42.2,
            "학군총점":50.938,
            "인구수":60.53,
            "인구증감":-11.65,
            "인구총점":38.876,
            "일자리":29.7,
            "소득수준":60.47,
            "일자리총점":38.931,
            "가치 총점":43.9907,
            "매매실거래년":20211023.0,
            "매매실거래가":30000.0,
            "전세실거래년":20191023.0,
            "전세실거래가":17000.0,
            "전세가율":56.67,
            "장기전세가율평균":72.18,
            "전세가율거품지수":15.51,
            "검색코드":2241,
            "세대수":464.0,
            "준공년월":"1994-10-13",
            "준공년차":29.0,
            "가까운역이름":"모래내시장",
            "가까운역거리":814.41,
            "역세권여부":"준역세권",
            "30분이내주요거점역":0,
            "1시간이내주요거점역":4,
            "3km이내백화점수":1,
            "5km이내아울렛몰수":0,
            "1km이내대형먀트수":0,
            "500m이내은행수":1,
            "500m이내병원수":15,
            "5km이내대형병원수":7,
            "500m이내공원수":8,
            "3km이내혐오시설수":0,
            "초등학교학업성취도":85.89,
            "중학교학업성취도":68.4,
            "용적률":378,
            "건폐율":24,
            "Y":37.462982,
            "X":126.721287,
            "rank":78.0,
            "area_info":"23평(78.46), 31평(104.67), 44평(148.33)",
            "last_sales":"2021-10-23,30000.0,23평(78.46)"
        },
        {
            "index":303,
            "아파트명":"벽산",
            "투자타입":"재건축",
            "전용면적(m2)":"65.39",
            "전용면적(평)":"19평",
            "법정동주소":"인천시 남동구 구월동 1312-6",
            "도로명주소":"인천시 남동구 구월말로4번길 9-6",
            "세대수":0,
            "입주년차":"--",
            "용적률점수":60,
            "건폐율점수":60,
            "세대당주차수":"--",
            "난방방식":"--",
            "공급면적":50,
            "전용률":60,
            "욕실수":"--",
            "현관타입":"--",
            "주거총점":41.5,
            "지역구공급총점":100.0,
            "역세권":50,
            "30분내 이동가능 거점":0,
            "1시간내 이동가능 거점":10,
            "교통총점":27.0,
            "백화점":100,
            "아울렛몰":0,
            "대형마트":0,
            "은행":0,
            "병원":30,
            "종합병원":100,
            "공원":100,
            "혐오시설":0,
            "인프라총점":56.0,
            "초등학군":84.39,
            "중학군":56.9,
            "학군총점":62.398,
            "인구수":60.53,
            "인구증감":-11.65,
            "인구총점":38.876,
            "일자리":29.7,
            "소득수준":60.47,
            "일자리총점":38.931,
            "가치 총점":43.9097,
            "매매실거래년":20220109.0,
            "매매실거래가":16400.0,
            "전세실거래년":20150204.0,
            "전세실거래가":7500.0,
            "전세가율":45.73,
            "장기전세가율평균":72.18,
            "전세가율거품지수":26.45,
            "검색코드":8654,
            "세대수":149.0,
            "준공년월":"1989-10-21",
            "준공년차":34.0,
            "가까운역이름":"모래내시장",
            "가까운역거리":868.4,
            "역세권여부":"준역세권",
            "30분이내주요거점역":0,
            "1시간이내주요거점역":1,
            "3km이내백화점수":1,
            "5km이내아울렛몰수":0,
            "1km이내대형먀트수":0,
            "500m이내은행수":0,
            "500m이내병원수":9,
            "5km이내대형병원수":4,
            "500m이내공원수":6,
            "3km이내혐오시설수":0,
            "초등학교학업성취도":84.39,
            "중학교학업성취도":92.5,
            "용적률":194,
            "건폐율":32,
            "Y":37.449471,
            "X":126.725009,
            "rank":79.0,
            "area_info":"19평(65.39), 20평(68.62), 22평(73.72), 22평(74.32), 24평(81.82)",
            "last_sales":"2022-01-09,16400.0,19평(65.39)"
        },
        {
            "index":566,
            "아파트명":"만수주공4단지",
            "투자타입":"재건축",
            "전용면적(m2)":"75.45",
            "전용면적(평)":"22평",
            "법정동주소":"인천시 남동구 만수동 13",
            "도로명주소":"인천시 남동구 백범로124번길 126",
            "세대수":100,
            "입주년차":"--",
            "용적률점수":80,
            "건폐율점수":100,
            "세대당주차수":"--",
            "난방방식":"--",
            "공급면적":50,
            "전용률":60,
            "욕실수":"--",
            "현관타입":"--",
            "주거총점":87.5,
            "지역구공급총점":100.0,
            "역세권":50,
            "30분내 이동가능 거점":0,
            "1시간내 이동가능 거점":10,
            "교통총점":27.0,
            "백화점":0,
            "아울렛몰":0,
            "대형마트":0,
            "은행":0,
            "병원":60,
            "종합병원":100,
            "공원":100,
            "혐오시설":0,
            "인프라총점":29.0,
            "초등학군":87.4,
            "중학군":46.6,
            "학군총점":54.76,
            "인구수":60.53,
            "인구증감":-11.65,
            "인구총점":38.876,
            "일자리":29.7,
            "소득수준":60.47,
            "일자리총점":38.931,
            "가치 총점":43.864,
            "매매실거래년":20211112.0,
            "매매실거래가":47800.0,
            "전세실거래년":20220112.0,
            "전세실거래가":12600.0,
            "전세가율":35.49,
            "장기전세가율평균":72.18,
            "전세가율거품지수":36.69,
            "검색코드":2314,
            "세대수":2220.0,
            "준공년월":"1987-07-31",
            "준공년차":36.0,
            "가까운역이름":"만수",
            "가까운역거리":683.13,
            "역세권여부":"준역세권",
            "30분이내주요거점역":0,
            "1시간이내주요거점역":1,
            "3km이내백화점수":0,
            "5km이내아울렛몰수":0,
            "1km이내대형먀트수":0,
            "500m이내은행수":0,
            "500m이내병원수":13,
            "5km이내대형병원수":5,
            "500m이내공원수":3,
            "3km이내혐오시설수":0,
            "초등학교학업성취도":87.4,
            "중학교학업성취도":76.0,
            "용적률":163,
            "건폐율":10,
            "Y":37.45837,
            "X":126.73849,
            "rank":80.0,
            "area_info":"22평(75.45), 25평(83.73), 26평(88.81), 27평(90.58), 27평(90.34), 27평(91.56), 28평(94.23), 28평(94.57)",
            "last_sales":"2021-11-12,47800.0,27평(90.58)"
        },
        {
            "index":656,
            "아파트명":"진흥",
            "투자타입":"재건축",
            "전용면적(m2)":"73.32",
            "전용면적(평)":"22평",
            "법정동주소":"인천시 남동구 만수동 1036",
            "도로명주소":"인천시 남동구 장승남로81번길 16",
            "세대수":30,
            "입주년차":"--",
            "용적률점수":100,
            "건폐율점수":80,
            "세대당주차수":"--",
            "난방방식":"--",
            "공급면적":50,
            "전용률":60,
            "욕실수":"--",
            "현관타입":"--",
            "주거총점":70.5,
            "지역구공급총점":100.0,
            "역세권":50,
            "30분내 이동가능 거점":0,
            "1시간내 이동가능 거점":10,
            "교통총점":27.0,
            "백화점":0,
            "아울렛몰":0,
            "대형마트":80,
            "은행":0,
            "병원":60,
            "종합병원":100,
            "공원":100,
            "혐오시설":0,
            "인프라총점":41.0,
            "초등학군":86.95,
            "중학군":43.38,
            "학군총점":52.094,
            "인구수":60.53,
            "인구증감":-11.65,
            "인구총점":38.876,
            "일자리":29.7,
            "소득수준":60.47,
            "일자리총점":38.931,
            "가치 총점":43.6641,
            "매매실거래년":20211102.0,
            "매매실거래가":20800.0,
            "전세실거래년":20220108.0,
            "전세실거래가":15000.0,
            "전세가율":72.12,
            "장기전세가율평균":72.18,
            "전세가율거품지수":0.06,
            "검색코드":2320,
            "세대수":300.0,
            "준공년월":"1991-10-31",
            "준공년차":32.0,
            "가까운역이름":"남동구청",
            "가까운역거리":634.96,
            "역세권여부":"준역세권",
            "30분이내주요거점역":0,
            "1시간이내주요거점역":1,
            "3km이내백화점수":0,
            "5km이내아울렛몰수":0,
            "1km이내대형먀트수":1,
            "500m이내은행수":1,
            "500m이내병원수":17,
            "5km이내대형병원수":4,
            "500m이내공원수":5,
            "3km이내혐오시설수":0,
            "초등학교학업성취도":86.95,
            "중학교학업성취도":71.5,
            "용적률":147,
            "건폐율":26,
            "Y":37.444431,
            "X":126.742385,
            "rank":81.0,
            "area_info":"22평(73.32), 32평(107.12)",
            "last_sales":"2021-11-02,20800.0,22평(73.32)"
        },
        {
            "index":601,
            "아파트명":"삼환2차",
            "투자타입":"재건축",
            "전용면적(m2)":"53.01",
            "전용면적(평)":"16평",
            "법정동주소":"인천시 남동구 만수동 966",
            "도로명주소":"인천시 남동구 소래로 677",
            "세대수":50,
            "입주년차":"--",
            "용적률점수":20,
            "건폐율점수":100,
            "세대당주차수":"--",
            "난방방식":"--",
            "공급면적":50,
            "전용률":80,
            "욕실수":"--",
            "현관타입":"--",
            "주거총점":49.5,
            "지역구공급총점":100.0,
            "역세권":80,
            "30분내 이동가능 거점":0,
            "1시간내 이동가능 거점":10,
            "교통총점":42.0,
            "백화점":0,
            "아울렛몰":0,
            "대형마트":80,
            "은행":0,
            "병원":30,
            "종합병원":100,
            "공원":100,
            "혐오시설":0,
            "인프라총점":38.0,
            "초등학군":92.25,
            "중학군":37.96,
            "학군총점":48.818,
            "인구수":60.53,
            "인구증감":-11.65,
            "인구총점":38.876,
            "일자리":29.7,
            "소득수준":60.47,
            "일자리총점":38.931,
            "가치 총점":43.3227,
            "매매실거래년":20211113.0,
            "매매실거래가":21900.0,
            "전세실거래년":20210801.0,
            "전세실거래가":13700.0,
            "전세가율":62.56,
            "장기전세가율평균":72.18,
            "전세가율거품지수":9.62,
            "검색코드":2306,
            "세대수":660.0,
            "준공년월":"1990-10-26",
            "준공년차":33.0,
            "가까운역이름":"남동구청",
            "가까운역거리":398.51,
            "역세권여부":"역세권",
            "30분이내주요거점역":0,
            "1시간이내주요거점역":1,
            "3km이내백화점수":0,
            "5km이내아울렛몰수":0,
            "1km이내대형먀트수":1,
            "500m이내은행수":0,
            "500m이내병원수":9,
            "5km이내대형병원수":5,
            "500m이내공원수":6,
            "3km이내혐오시설수":0,
            "초등학교학업성취도":92.25,
            "중학교학업성취도":62.6,
            "용적률":212,
            "건폐율":17,
            "Y":37.450773,
            "X":126.733848,
            "rank":82.0,
            "area_info":"16평(53.01), 19평(63.44), 22평(74.53), 25평(83.23)",
            "last_sales":"2021-11-13,21900.0,16평(53.01)"
        },
        {
            "index":24,
            "아파트명":"간석한신더휴",
            "투자타입":"일반",
            "전용면적(m2)":"80.01",
            "전용면적(평)":"24평",
            "법정동주소":"인천시 남동구 간석동 616-6",
            "도로명주소":"인천시 남동구 석정로461번길 50",
            "세대수":50,
            "입주년차":100,
            "용적률점수":"--",
            "건폐율점수":"--",
            "세대당주차수":30,
            "난방방식":30,
            "공급면적":"--",
            "전용률":"--",
            "욕실수":100,
            "현관타입":100,
            "주거총점":65.0,
            "지역구공급총점":100.0,
            "역세권":50,
            "30분내 이동가능 거점":0,
            "1시간내 이동가능 거점":40,
            "교통총점":33.0,
            "백화점":0,
            "아울렛몰":0,
            "대형마트":80,
            "은행":0,
            "병원":10,
            "종합병원":100,
            "공원":0,
            "혐오시설":0,
            "인프라총점":33.0,
            "초등학군":84.56,
            "중학군":47.52,
            "학군총점":54.928,
            "인구수":60.53,
            "인구증감":-11.65,
            "인구총점":38.876,
            "일자리":29.7,
            "소득수준":60.47,
            "일자리총점":38.931,
            "가치 총점":42.6892,
            "매매실거래년":20211225.0,
            "매매실거래가":50000.0,
            "전세실거래년":20210403.0,
            "전세실거래가":22050.0,
            "전세가율":44.1,
            "장기전세가율평균":72.18,
            "전세가율거품지수":28.08,
            "검색코드":114136,
            "세대수":643.0,
            "준공년월":"2019-01-25",
            "준공년차":4.0,
            "가까운역이름":"간석",
            "가까운역거리":666.59,
            "역세권여부":"준역세권",
            "30분이내주요거점역":0,
            "1시간이내주요거점역":4,
            "3km이내백화점수":0,
            "5km이내아울렛몰수":0,
            "1km이내대형먀트수":1,
            "500m이내은행수":1,
            "500m이내병원수":4,
            "5km이내대형병원수":10,
            "500m이내공원수":0,
            "3km이내혐오시설수":0,
            "초등학교학업성취도":84.56,
            "중학교학업성취도":78.2,
            "용적률":284,
            "건폐율":20,
            "Y":37.468097,
            "X":126.687926,
            "rank":83.0,
            "area_info":"24평(80.01), 24평(82.24), 30평(99.54), 33평(112.37), 33평(112.31), 33평(112.07)",
            "last_sales":"2021-12-25,50000.0,24평(80.01)"
        },
        {
            "index":650,
            "아파트명":"이삭1단지",
            "투자타입":"일반",
            "전용면적(m2)":"100.48",
            "전용면적(평)":"30평",
            "법정동주소":"인천시 남동구 만수동 1086-1",
            "도로명주소":"인천시 남동구 담방서로17번길 21",
            "세대수":0,
            "입주년차":20,
            "용적률점수":"--",
            "건폐율점수":"--",
            "세대당주차수":30,
            "난방방식":30,
            "공급면적":"--",
            "전용률":"--",
            "욕실수":100,
            "현관타입":100,
            "주거총점":31.5,
            "지역구공급총점":100.0,
            "역세권":80,
            "30분내 이동가능 거점":0,
            "1시간내 이동가능 거점":20,
            "교통총점":44.0,
            "백화점":0,
            "아울렛몰":0,
            "대형마트":80,
            "은행":0,
            "병원":80,
            "종합병원":100,
            "공원":100,
            "혐오시설":0,
            "인프라총점":43.0,
            "초등학군":86.95,
            "중학군":37.96,
            "학군총점":47.758,
            "인구수":60.53,
            "인구증감":-11.65,
            "인구총점":38.876,
            "일자리":29.7,
            "소득수준":60.47,
            "일자리총점":38.931,
            "가치 총점":41.7637,
            "매매실거래년":20210608.0,
            "매매실거래가":36900.0,
            "전세실거래년":20211226.0,
            "전세실거래가":32000.0,
            "전세가율":86.72,
            "장기전세가율평균":72.18,
            "전세가율거품지수":-14.54,
            "검색코드":9547,
            "세대수":299.0,
            "준공년월":"2000-05-04",
            "준공년차":23.0,
            "가까운역이름":"남동구청",
            "가까운역거리":206.22,
            "역세권여부":"역세권",
            "30분이내주요거점역":0,
            "1시간이내주요거점역":2,
            "3km이내백화점수":0,
            "5km이내아울렛몰수":0,
            "1km이내대형먀트수":1,
            "500m이내은행수":1,
            "500m이내병원수":31,
            "5km이내대형병원수":4,
            "500m이내공원수":9,
            "3km이내혐오시설수":0,
            "초등학교학업성취도":86.95,
            "중학교학업성취도":62.6,
            "용적률":267,
            "건폐율":26,
            "Y":37.446309,
            "X":126.736816,
            "rank":84.0,
            "area_info":"30평(100.48), 32평(109.09), 40평(132.37)",
            "last_sales":"2021-06-08,36900.0,30평(100.48)"
        },
        {
            "index":585,
            "아파트명":"산호마을포스트",
            "투자타입":"일반",
            "전용면적(m2)":"76.84",
            "전용면적(평)":"23평",
            "법정동주소":"인천시 남동구 만수동 844-125",
            "도로명주소":"인천시 남동구 서판로 22",
            "세대수":0,
            "입주년차":40,
            "용적률점수":"--",
            "건폐율점수":"--",
            "세대당주차수":0,
            "난방방식":30,
            "공급면적":"--",
            "전용률":"--",
            "욕실수":100,
            "현관타입":100,
            "주거총점":31.0,
            "지역구공급총점":100.0,
            "역세권":50,
            "30분내 이동가능 거점":0,
            "1시간내 이동가능 거점":20,
            "교통총점":29.0,
            "백화점":100,
            "아울렛몰":0,
            "대형마트":0,
            "은행":0,
            "병원":60,
            "종합병원":100,
            "공원":100,
            "혐오시설":0,
            "인프라총점":59.0,
            "초등학군":85.89,
            "중학군":42.2,
            "학군총점":50.938,
            "인구수":60.53,
            "인구증감":-11.65,
            "인구총점":38.876,
            "일자리":29.7,
            "소득수준":60.47,
            "일자리총점":38.931,
            "가치 총점":41.6907,
            "매매실거래년":20211011.0,
            "매매실거래가":28500.0,
            "전세실거래년":20210116.0,
            "전세실거래가":19000.0,
            "전세가율":66.67,
            "장기전세가율평균":72.18,
            "전세가율거품지수":5.51,
            "검색코드":13196,
            "세대수":135.0,
            "준공년월":"2004-07-16",
            "준공년차":19.0,
            "가까운역이름":"모래내시장",
            "가까운역거리":854.07,
            "역세권여부":"준역세권",
            "30분이내주요거점역":0,
            "1시간이내주요거점역":2,
            "3km이내백화점수":1,
            "5km이내아울렛몰수":0,
            "1km이내대형먀트수":0,
            "500m이내은행수":1,
            "500m이내병원수":20,
            "5km이내대형병원수":6,
            "500m이내공원수":7,
            "3km이내혐오시설수":0,
            "초등학교학업성취도":85.89,
            "중학교학업성취도":68.4,
            "용적률":247,
            "건폐율":22,
            "Y":37.462604,
            "X":126.723859,
            "rank":85.0,
            "area_info":"23평(76.84), 24평(80.76), 32평(108.4)",
            "last_sales":"2021-10-11,28500.0,23평(76.84)"
        },
        {
            "index":551,
            "아파트명":"만수주공2단지",
            "투자타입":"재건축",
            "전용면적(m2)":"75.45",
            "전용면적(평)":"22평",
            "법정동주소":"인천시 남동구 만수동 29",
            "도로명주소":"인천시 남동구 백범로124번길 43",
            "세대수":100,
            "입주년차":"--",
            "용적률점수":0,
            "건폐율점수":0,
            "세대당주차수":"--",
            "난방방식":"--",
            "공급면적":50,
            "전용률":60,
            "욕실수":"--",
            "현관타입":"--",
            "주거총점":35.5,
            "지역구공급총점":100.0,
            "역세권":80,
            "30분내 이동가능 거점":0,
            "1시간내 이동가능 거점":20,
            "교통총점":44.0,
            "백화점":0,
            "아울렛몰":0,
            "대형마트":0,
            "은행":20,
            "병원":80,
            "종합병원":100,
            "공원":100,
            "혐오시설":0,
            "인프라총점":33.0,
            "초등학군":86.95,
            "중학군":51.9,
            "학군총점":58.91,
            "인구수":60.53,
            "인구증감":-11.65,
            "인구총점":38.876,
            "일자리":29.7,
            "소득수준":60.47,
            "일자리총점":38.931,
            "가치 총점":41.2365,
            "매매실거래년":20220110.0,
            "매매실거래가":40000.0,
            "전세실거래년":20220115.0,
            "전세실거래가":15000.0,
            "전세가율":37.04,
            "장기전세가율평균":72.18,
            "전세가율거품지수":35.14,
            "검색코드":2312,
            "세대수":1920.0,
            "준공년월":"1987-07-10",
            "준공년차":36.0,
            "가까운역이름":"만수",
            "가까운역거리":400.72,
            "역세권여부":"역세권",
            "30분이내주요거점역":0,
            "1시간이내주요거점역":2,
            "3km이내백화점수":0,
            "5km이내아울렛몰수":0,
            "1km이내대형먀트수":0,
            "500m이내은행수":2,
            "500m이내병원수":40,
            "5km이내대형병원수":4,
            "500m이내공원수":5,
            "3km이내혐오시설수":0,
            "초등학교학업성취도":86.95,
            "중학교학업성취도":86.5,
            "용적률":0,
            "건폐율":0,
            "Y":37.45805,
            "X":126.734324,
            "rank":86.0,
            "area_info":"22평(75.45), 25평(83.73), 26평(88.81), 27평(89.86), 27평(90.58), 27평(90.34), 27평(91.56), 28평(94.57), 28평(94.23)",
            "last_sales":"2022-01-10,40000.0,28평(94.23)"
        },
        {
            "index":658,
            "아파트명":"포레시안",
            "투자타입":"일반",
            "전용면적(m2)":"67.61",
            "전용면적(평)":"20평",
            "법정동주소":"인천시 남동구 만수동 1115-1",
            "도로명주소":"인천시 남동구 만수서로 55",
            "세대수":100,
            "입주년차":60,
            "용적률점수":"--",
            "건폐율점수":"--",
            "세대당주차수":30,
            "난방방식":100,
            "공급면적":"--",
            "전용률":"--",
            "욕실수":50,
            "현관타입":10,
            "주거총점":67.5,
            "지역구공급총점":100.0,
            "역세권":50,
            "30분내 이동가능 거점":0,
            "1시간내 이동가능 거점":10,
            "교통총점":27.0,
            "백화점":0,
            "아울렛몰":0,
            "대형마트":0,
            "은행":0,
            "병원":80,
            "종합병원":100,
            "공원":100,
            "혐오시설":0,
            "인프라총점":31.0,
            "초등학군":84.15,
            "중학군":50.9,
            "학군총점":57.55,
            "인구수":60.53,
            "인구증감":-11.65,
            "인구총점":38.876,
            "일자리":29.7,
            "소득수준":60.47,
            "일자리총점":38.931,
            "가치 총점":40.8825,
            "매매실거래년":20211204.0,
            "매매실거래가":66500.0,
            "전세실거래년":20211125.0,
            "전세실거래가":23000.0,
            "전세가율":85.19,
            "장기전세가율평균":72.18,
            "전세가율거품지수":-13.01,
            "검색코드":26989,
            "세대수":3208.0,
            "준공년월":"2011-05-20",
            "준공년차":12.0,
            "가까운역이름":"만수",
            "가까운역거리":975.45,
            "역세권여부":"준역세권",
            "30분이내주요거점역":0,
            "1시간이내주요거점역":1,
            "3km이내백화점수":0,
            "5km이내아울렛몰수":0,
            "1km이내대형먀트수":0,
            "500m이내은행수":0,
            "500m이내병원수":33,
            "5km이내대형병원수":6,
            "500m이내공원수":5,
            "3km이내혐오시설수":0,
            "초등학교학업성취도":84.15,
            "중학교학업성취도":82.5,
            "용적률":218,
            "건폐율":13,
            "Y":37.463681,
            "X":126.731833,
            "rank":87.0,
            "area_info":"20평(67.61), 20평(68.29), 20평(68.29), 25평(83.43), 25평(83.32), 25평(83.43), 25평(85.32), 25평(85.12), 30평(99.98), 32평(109.0), 33평(109.75), 32평(109.0), 33평(111.62), 34평(112.93), 34평(112.93), 34평(112.69), 34평(113.6), 43평(144.22), 43평(144.98)",
            "last_sales":"2021-12-04,66500.0,43평(144.22)"
        },
        {
            "index":189,
            "아파트명":"구월아시아드선수촌센트럴자이",
            "투자타입":"일반",
            "전용면적(m2)":"112.88",
            "전용면적(평)":"34평",
            "법정동주소":"인천시 남동구 구월동 1510",
            "도로명주소":"인천시 남동구 선수촌로 55",
            "세대수":80,
            "입주년차":80,
            "용적률점수":"--",
            "건폐율점수":"--",
            "세대당주차수":60,
            "난방방식":30,
            "공급면적":"--",
            "전용률":"--",
            "욕실수":100,
            "현관타입":100,
            "주거총점":76.0,
            "지역구공급총점":100.0,
            "역세권":0,
            "30분내 이동가능 거점":0,
            "1시간내 이동가능 거점":0,
            "교통총점":0.0,
            "백화점":100,
            "아울렛몰":0,
            "대형마트":0,
            "은행":0,
            "병원":60,
            "종합병원":100,
            "공원":100,
            "혐오시설":0,
            "인프라총점":59.0,
            "초등학군":83.58,
            "중학군":43.76,
            "학군총점":51.724,
            "인구수":60.53,
            "인구증감":-11.65,
            "인구총점":38.876,
            "일자리":29.7,
            "소득수준":60.47,
            "일자리총점":38.931,
            "가치 총점":40.6586,
            "매매실거래년":20211023.0,
            "매매실거래가":87500.0,
            "전세실거래년":20210805.0,
            "전세실거래가":47000.0,
            "전세가율":63.26,
            "장기전세가율평균":72.18,
            "전세가율거품지수":8.92,
            "검색코드":106186,
            "세대수":850.0,
            "준공년월":"2015-06-02",
            "준공년차":8.0,
            "가까운역이름":"예술회관",
            "가까운역거리":1302.2,
            "역세권여부":"비역세권",
            "30분이내주요거점역":0,
            "1시간이내주요거점역":0,
            "3km이내백화점수":1,
            "5km이내아울렛몰수":0,
            "1km이내대형먀트수":0,
            "500m이내은행수":0,
            "500m이내병원수":12,
            "5km이내대형병원수":4,
            "500m이내공원수":5,
            "3km이내혐오시설수":0,
            "초등학교학업성취도":83.58,
            "중학교학업성취도":71.6,
            "용적률":196,
            "건폐율":9,
            "Y":37.444318,
            "X":126.714304,
            "rank":88.0,
            "area_info":"34평(112.88), 34평(113.22), 34평(113.47), 34평(113.47), 40평(132.26), 40평(133.66), 40평(133.73), 40평(133.73)",
            "last_sales":"2021-10-23,87500.0,40평(133.73)"
        },
        {
            "index":407,
            "아파트명":"소래마을풍림",
            "투자타입":"일반",
            "전용면적(m2)":"81.16",
            "전용면적(평)":"24평",
            "법정동주소":"인천시 남동구 논현동 577",
            "도로명주소":"인천시 남동구 청능대로718번길 7",
            "세대수":100,
            "입주년차":20,
            "용적률점수":"--",
            "건폐율점수":"--",
            "세대당주차수":30,
            "난방방식":30,
            "공급면적":"--",
            "전용률":"--",
            "욕실수":50,
            "현관타입":100,
            "주거총점":61.5,
            "지역구공급총점":100.0,
            "역세권":50,
            "30분내 이동가능 거점":0,
            "1시간내 이동가능 거점":20,
            "교통총점":29.0,
            "백화점":0,
            "아울렛몰":80,
            "대형마트":0,
            "은행":0,
            "병원":30,
            "종합병원":80,
            "공원":100,
            "혐오시설":0,
            "인프라총점":30.0,
            "초등학군":91.5,
            "중학군":52.08,
            "학군총점":59.964,
            "인구수":60.53,
            "인구증감":-11.65,
            "인구총점":38.876,
            "일자리":29.7,
            "소득수준":60.47,
            "일자리총점":38.931,
            "가치 총점":40.4446,
            "매매실거래년":20211127.0,
            "매매실거래가":34000.0,
            "전세실거래년":20220112.0,
            "전세실거래가":17500.0,
            "전세가율":51.47,
            "장기전세가율평균":72.18,
            "전세가율거품지수":20.71,
            "검색코드":8144,
            "세대수":1517.0,
            "준공년월":"2000-03-25",
            "준공년차":23.0,
            "가까운역이름":"소래포구",
            "가까운역거리":725.23,
            "역세권여부":"준역세권",
            "30분이내주요거점역":0,
            "1시간이내주요거점역":2,
            "3km이내백화점수":0,
            "5km이내아울렛몰수":1,
            "1km이내대형먀트수":0,
            "500m이내은행수":0,
            "500m이내병원수":6,
            "5km이내대형병원수":1,
            "500m이내공원수":4,
            "3km이내혐오시설수":0,
            "초등학교학업성취도":91.5,
            "중학교학업성취도":84.2,
            "용적률":302,
            "건폐율":23,
            "Y":37.405981,
            "X":126.738747,
            "rank":89.0,
            "area_info":"24평(81.16), 32평(108.94), 39평(128.99), 46평(153.63)",
            "last_sales":"2021-11-27,34000.0,24평(81.16)"
        },
        {
            "index":183,
            "아파트명":"구월아시아드선수촌8단지",
            "투자타입":"일반",
            "전용면적(m2)":"100.45",
            "전용면적(평)":"30평",
            "법정동주소":"인천시 남동구 구월동 1554",
            "도로명주소":"인천시 남동구 선수촌로 8",
            "세대수":80,
            "입주년차":80,
            "용적률점수":"--",
            "건폐율점수":"--",
            "세대당주차수":30,
            "난방방식":30,
            "공급면적":"--",
            "전용률":"--",
            "욕실수":100,
            "현관타입":100,
            "주거총점":71.5,
            "지역구공급총점":100.0,
            "역세권":0,
            "30분내 이동가능 거점":0,
            "1시간내 이동가능 거점":20,
            "교통총점":4.0,
            "백화점":100,
            "아울렛몰":0,
            "대형마트":0,
            "은행":0,
            "병원":30,
            "종합병원":100,
            "공원":100,
            "혐오시설":0,
            "인프라총점":56.0,
            "초등학군":83.58,
            "중학군":43.76,
            "학군총점":51.724,
            "인구수":60.53,
            "인구증감":-11.65,
            "인구총점":38.876,
            "일자리":29.7,
            "소득수준":60.47,
            "일자리총점":38.931,
            "가치 총점":40.2586,
            "매매실거래년":20211207.0,
            "매매실거래가":55700.0,
            "전세실거래년":20220110.0,
            "전세실거래가":41000.0,
            "전세가율":73.61,
            "장기전세가율평균":72.18,
            "전세가율거품지수":-1.43,
            "검색코드":105319,
            "세대수":768.0,
            "준공년월":"2015-06-02",
            "준공년차":8.0,
            "가까운역이름":"인천터미널",
            "가까운역거리":1483.21,
            "역세권여부":"비역세권",
            "30분이내주요거점역":0,
            "1시간이내주요거점역":2,
            "3km이내백화점수":1,
            "5km이내아울렛몰수":0,
            "1km이내대형먀트수":0,
            "500m이내은행수":0,
            "500m이내병원수":7,
            "5km이내대형병원수":4,
            "500m이내공원수":2,
            "3km이내혐오시설수":0,
            "초등학교학업성취도":83.58,
            "중학교학업성취도":71.6,
            "용적률":219,
            "건폐율":17,
            "Y":37.44061,
            "X":126.716357,
            "rank":90.0,
            "area_info":"30평(100.45), 30평(100.49), 30평(100.86), 30평(100.31), 34평(113.41), 34평(114.16)",
            "last_sales":"2021-12-07,55700.0,30평(100.45)"
        },
        {
            "index":50,
            "아파트명":"동원",
            "투자타입":"일반",
            "전용면적(m2)":"81.86",
            "전용면적(평)":"24평",
            "법정동주소":"인천시 남동구 간석동 45-8",
            "도로명주소":"인천시 남동구 간석로66번길 29",
            "세대수":0,
            "입주년차":0,
            "용적률점수":"--",
            "건폐율점수":"--",
            "세대당주차수":0,
            "난방방식":30,
            "공급면적":"--",
            "전용률":"--",
            "욕실수":50,
            "현관타입":10,
            "주거총점":9.0,
            "지역구공급총점":100.0,
            "역세권":50,
            "30분내 이동가능 거점":0,
            "1시간내 이동가능 거점":60,
            "교통총점":37.0,
            "백화점":100,
            "아울렛몰":0,
            "대형마트":0,
            "은행":0,
            "병원":60,
            "종합병원":100,
            "공원":100,
            "혐오시설":0,
            "인프라총점":59.0,
            "초등학군":88.82,
            "중학군":42.2,
            "학군총점":51.524,
            "인구수":60.53,
            "인구증감":-11.65,
            "인구총점":38.876,
            "일자리":29.7,
            "소득수준":60.47,
            "일자리총점":38.931,
            "가치 총점":40.1786,
            "매매실거래년":20210929.0,
            "매매실거래가":17800.0,
            "전세실거래년":20180725.0,
            "전세실거래가":13000.0,
            "전세가율":73.03,
            "장기전세가율평균":72.18,
            "전세가율거품지수":-0.85,
            "검색코드":2559,
            "세대수":118.0,
            "준공년월":"1996-03-09",
            "준공년차":27.0,
            "가까운역이름":"간석오거리",
            "가까운역거리":694.71,
            "역세권여부":"준역세권",
            "30분이내주요거점역":0,
            "1시간이내주요거점역":6,
            "3km이내백화점수":1,
            "5km이내아울렛몰수":0,
            "1km이내대형먀트수":0,
            "500m이내은행수":1,
            "500m이내병원수":15,
            "5km이내대형병원수":7,
            "500m이내공원수":7,
            "3km이내혐오시설수":0,
            "초등학교학업성취도":88.82,
            "중학교학업성취도":68.4,
            "용적률":301,
            "건폐율":21,
            "Y":37.464927,
            "X":126.715342,
            "rank":91.0,
            "area_info":"24평(81.86), 25평(85.51), 26평(89.16), 33평(110.57)",
            "last_sales":"2021-09-29,17800.0,24평(81.86)"
        },
        {
            "index":54,
            "아파트명":"두진",
            "투자타입":"일반",
            "전용면적(m2)":"82.47",
            "전용면적(평)":"24평",
            "법정동주소":"인천시 남동구 간석동 917-2",
            "도로명주소":"인천시 남동구 호구포로899번길 8",
            "세대수":30,
            "입주년차":0,
            "용적률점수":"--",
            "건폐율점수":"--",
            "세대당주차수":0,
            "난방방식":30,
            "공급면적":"--",
            "전용률":"--",
            "욕실수":50,
            "현관타입":10,
            "주거총점":19.5,
            "지역구공급총점":100.0,
            "역세권":50,
            "30분내 이동가능 거점":0,
            "1시간내 이동가능 거점":30,
            "교통총점":31.0,
            "백화점":100,
            "아울렛몰":0,
            "대형마트":0,
            "은행":0,
            "병원":60,
            "종합병원":100,
            "공원":100,
            "혐오시설":0,
            "인프라총점":59.0,
            "초등학군":85.89,
            "중학군":42.2,
            "학군총점":50.938,
            "인구수":60.53,
            "인구증감":-11.65,
            "인구총점":38.876,
            "일자리":29.7,
            "소득수준":60.47,
            "일자리총점":38.931,
            "가치 총점":40.0907,
            "매매실거래년":20211013.0,
            "매매실거래가":26500.0,
            "전세실거래년":20210724.0,
            "전세실거래가":18000.0,
            "전세가율":67.92,
            "장기전세가율평균":72.18,
            "전세가율거품지수":4.26,
            "검색코드":2238,
            "세대수":354.0,
            "준공년월":"1994-12-08",
            "준공년차":29.0,
            "가까운역이름":"모래내시장",
            "가까운역거리":854.47,
            "역세권여부":"준역세권",
            "30분이내주요거점역":0,
            "1시간이내주요거점역":3,
            "3km이내백화점수":1,
            "5km이내아울렛몰수":0,
            "1km이내대형먀트수":0,
            "500m이내은행수":1,
            "500m이내병원수":21,
            "5km이내대형병원수":7,
            "500m이내공원수":7,
            "3km이내혐오시설수":0,
            "초등학교학업성취도":85.89,
            "중학교학업성취도":68.4,
            "용적률":399,
            "건폐율":21,
            "Y":37.463499,
            "X":126.719911,
            "rank":92.0,
            "area_info":"24평(82.47), 29평(95.88), 31평(104.99), 31평(105.06)",
            "last_sales":"2021-10-13,26500.0,24평(82.47)"
        },
        {
            "index":644,
            "아파트명":"영풍1차",
            "투자타입":"일반",
            "전용면적(m2)":"81.64",
            "전용면적(평)":"24평",
            "법정동주소":"인천시 남동구 만수동 848",
            "도로명주소":"인천시 남동구 백범로248번길 20",
            "세대수":0,
            "입주년차":0,
            "용적률점수":"--",
            "건폐율점수":"--",
            "세대당주차수":30,
            "난방방식":30,
            "공급면적":"--",
            "전용률":"--",
            "욕실수":50,
            "현관타입":100,
            "주거총점":22.5,
            "지역구공급총점":100.0,
            "역세권":50,
            "30분내 이동가능 거점":0,
            "1시간내 이동가능 거점":20,
            "교통총점":29.0,
            "백화점":100,
            "아울렛몰":0,
            "대형마트":0,
            "은행":0,
            "병원":60,
            "종합병원":100,
            "공원":100,
            "혐오시설":0,
            "인프라총점":59.0,
            "초등학군":85.89,
            "중학군":42.2,
            "학군총점":50.938,
            "인구수":60.53,
            "인구증감":-11.65,
            "인구총점":38.876,
            "일자리":29.7,
            "소득수준":60.47,
            "일자리총점":38.931,
            "가치 총점":39.9907,
            "매매실거래년":20211029.0,
            "매매실거래가":30000.0,
            "전세실거래년":20180601.0,
            "전세실거래가":14500.0,
            "전세가율":48.33,
            "장기전세가율평균":72.18,
            "전세가율거품지수":23.85,
            "검색코드":8847,
            "세대수":132.0,
            "준공년월":"1997-09-12",
            "준공년차":26.0,
            "가까운역이름":"모래내시장",
            "가까운역거리":644.04,
            "역세권여부":"준역세권",
            "30분이내주요거점역":0,
            "1시간이내주요거점역":2,
            "3km이내백화점수":1,
            "5km이내아울렛몰수":0,
            "1km이내대형먀트수":0,
            "500m이내은행수":1,
            "500m이내병원수":20,
            "5km이내대형병원수":5,
            "500m이내공원수":7,
            "3km이내혐오시설수":0,
            "초등학교학업성취도":85.89,
            "중학교학업성취도":68.4,
            "용적률":241,
            "건폐율":19,
            "Y":37.461005,
            "X":126.722575,
            "rank":93.0,
            "area_info":"24평(81.64), 32평(107.96), 45평(151.95)",
            "last_sales":"2021-10-29,30000.0,24평(81.64)"
        },
        {
            "index":536,
            "아파트명":"만수뉴서울",
            "투자타입":"재건축",
            "전용면적(m2)":"48.29",
            "전용면적(평)":"14평",
            "법정동주소":"인천시 남동구 만수동 1044",
            "도로명주소":"인천시 남동구 담방로21번길 61",
            "세대수":90,
            "입주년차":"--",
            "용적률점수":0,
            "건폐율점수":80,
            "세대당주차수":"--",
            "난방방식":"--",
            "공급면적":50,
            "전용률":60,
            "욕실수":"--",
            "현관타입":"--",
            "주거총점":48.5,
            "지역구공급총점":100.0,
            "역세권":50,
            "30분내 이동가능 거점":0,
            "1시간내 이동가능 거점":20,
            "교통총점":29.0,
            "백화점":0,
            "아울렛몰":0,
            "대형마트":80,
            "은행":0,
            "병원":60,
            "종합병원":100,
            "공원":100,
            "혐오시설":0,
            "인프라총점":41.0,
            "초등학군":86.96,
            "중학군":43.38,
            "학군총점":52.096,
            "인구수":60.53,
            "인구증감":-11.65,
            "인구총점":38.876,
            "일자리":29.7,
            "소득수준":60.47,
            "일자리총점":38.931,
            "가치 총점":39.9644,
            "매매실거래년":20211223.0,
            "매매실거래가":15800.0,
            "전세실거래년":20211223.0,
            "전세실거래가":12000.0,
            "전세가율":75.95,
            "장기전세가율평균":72.18,
            "전세가율거품지수":-3.77,
            "검색코드":8141,
            "세대수":1234.0,
            "준공년월":"1992-07-09",
            "준공년차":31.0,
            "가까운역이름":"남동구청",
            "가까운역거리":833.88,
            "역세권여부":"준역세권",
            "30분이내주요거점역":0,
            "1시간이내주요거점역":2,
            "3km이내백화점수":0,
            "5km이내아울렛몰수":0,
            "1km이내대형먀트수":1,
            "500m이내은행수":1,
            "500m이내병원수":25,
            "5km이내대형병원수":5,
            "500m이내공원수":2,
            "3km이내혐오시설수":0,
            "초등학교학업성취도":86.96,
            "중학교학업성취도":71.5,
            "용적률":250,
            "건폐율":23,
            "Y":37.440778,
            "X":126.735282,
            "rank":94.0,
            "area_info":"14평(48.29)",
            "last_sales":"2021-12-23,15800.0,14평(48.29)"
        },
        {
            "index":171,
            "아파트명":"구월아시아드선수촌5단지",
            "투자타입":"일반",
            "전용면적(m2)":"99.91",
            "전용면적(평)":"30평",
            "법정동주소":"인천시 남동구 구월동 1513",
            "도로명주소":"인천시 남동구 선수촌로 56",
            "세대수":80,
            "입주년차":80,
            "용적률점수":"--",
            "건폐율점수":"--",
            "세대당주차수":30,
            "난방방식":30,
            "공급면적":"--",
            "전용률":"--",
            "욕실수":100,
            "현관타입":100,
            "주거총점":71.5,
            "지역구공급총점":100.0,
            "역세권":0,
            "30분내 이동가능 거점":0,
            "1시간내 이동가능 거점":10,
            "교통총점":2.0,
            "백화점":100,
            "아울렛몰":0,
            "대형마트":0,
            "은행":0,
            "병원":30,
            "종합병원":100,
            "공원":100,
            "혐오시설":0,
            "인프라총점":56.0,
            "초등학군":83.58,
            "중학군":43.76,
            "학군총점":51.724,
            "인구수":60.53,
            "인구증감":-11.65,
            "인구총점":38.876,
            "일자리":29.7,
            "소득수준":60.47,
            "일자리총점":38.931,
            "가치 총점":39.5586,
            "매매실거래년":20211021.0,
            "매매실거래가":65000.0,
            "전세실거래년":20210705.0,
            "전세실거래가":25000.0,
            "전세가율":50.51,
            "장기전세가율평균":72.18,
            "전세가율거품지수":21.67,
            "검색코드":105002,
            "세대수":782.0,
            "준공년월":"2015-06-02",
            "준공년차":8.0,
            "가까운역이름":"모래내시장",
            "가까운역거리":1307.09,
            "역세권여부":"비역세권",
            "30분이내주요거점역":0,
            "1시간이내주요거점역":1,
            "3km이내백화점수":1,
            "5km이내아울렛몰수":0,
            "1km이내대형먀트수":0,
            "500m이내은행수":0,
            "500m이내병원수":7,
            "5km이내대형병원수":5,
            "500m이내공원수":3,
            "3km이내혐오시설수":0,
            "초등학교학업성취도":83.58,
            "중학교학업성취도":71.6,
            "용적률":218,
            "건폐율":13,
            "Y":37.444296,
            "X":126.716441,
            "rank":95.0,
            "area_info":"30평(99.91), 30평(100.2), 30평(100.2), 30평(101.16), 34평(113.42), 34평(113.65), 34평(113.65)",
            "last_sales":"2021-10-21,65000.0,34평(113.65)"
        },
        {
            "index":197,
            "아파트명":"구월유승한내들퍼스티지",
            "투자타입":"일반",
            "전용면적(m2)":"98.44",
            "전용면적(평)":"29평",
            "법정동주소":"인천시 남동구 구월동 1508",
            "도로명주소":"인천시 남동구 선수촌로 75",
            "세대수":80,
            "입주년차":80,
            "용적률점수":"--",
            "건폐율점수":"--",
            "세대당주차수":30,
            "난방방식":30,
            "공급면적":"--",
            "전용률":"--",
            "욕실수":100,
            "현관타입":100,
            "주거총점":71.5,
            "지역구공급총점":100.0,
            "역세권":0,
            "30분내 이동가능 거점":0,
            "1시간내 이동가능 거점":10,
            "교통총점":2.0,
            "백화점":100,
            "아울렛몰":0,
            "대형마트":0,
            "은행":0,
            "병원":30,
            "종합병원":100,
            "공원":100,
            "혐오시설":0,
            "인프라총점":56.0,
            "초등학군":83.58,
            "중학군":43.76,
            "학군총점":51.724,
            "인구수":60.53,
            "인구증감":-11.65,
            "인구총점":38.876,
            "일자리":29.7,
            "소득수준":60.47,
            "일자리총점":38.931,
            "가치 총점":39.5586,
            "매매실거래년":20210927.0,
            "매매실거래가":65000.0,
            "전세실거래년":20210927.0,
            "전세실거래가":32500.0,
            "전세가율":50.0,
            "장기전세가율평균":72.18,
            "전세가율거품지수":22.18,
            "검색코드":108416,
            "세대수":860.0,
            "준공년월":"2016-12-01",
            "준공년차":7.0,
            "가까운역이름":"모래내시장",
            "가까운역거리":1116.44,
            "역세권여부":"비역세권",
            "30분이내주요거점역":0,
            "1시간이내주요거점역":1,
            "3km이내백화점수":1,
            "5km이내아울렛몰수":0,
            "1km이내대형먀트수":0,
            "500m이내은행수":0,
            "500m이내병원수":9,
            "5km이내대형병원수":4,
            "500m이내공원수":5,
            "3km이내혐오시설수":0,
            "초등학교학업성취도":83.58,
            "중학교학업성취도":71.6,
            "용적률":199,
            "건폐율":13,
            "Y":37.446053,
            "X":126.71642,
            "rank":95.0,
            "area_info":"29평(98.44), 33평(110.09), 33평(111.05), 36평(119.8), 47평(157.36), 49평(163.62), 49평(164.77)",
            "last_sales":"2021-09-27,65000.0,29평(98.44)"
        },
        {
            "index":685,
            "아파트명":"향촌휴먼시아2단지",
            "투자타입":"일반",
            "전용면적(m2)":"53.3",
            "전용면적(평)":"16평",
            "법정동주소":"인천시 남동구 만수동 1116-1",
            "도로명주소":"인천시 남동구 만수서로 36",
            "세대수":50,
            "입주년차":60,
            "용적률점수":"--",
            "건폐율점수":"--",
            "세대당주차수":30,
            "난방방식":100,
            "공급면적":"--",
            "전용률":"--",
            "욕실수":50,
            "현관타입":100,
            "주거총점":59.0,
            "지역구공급총점":100.0,
            "역세권":50,
            "30분내 이동가능 거점":0,
            "1시간내 이동가능 거점":10,
            "교통총점":27.0,
            "백화점":0,
            "아울렛몰":0,
            "대형마트":0,
            "은행":0,
            "병원":80,
            "종합병원":100,
            "공원":100,
            "혐오시설":0,
            "인프라총점":31.0,
            "초등학군":87.93,
            "중학군":51.9,
            "학군총점":59.106,
            "인구수":60.53,
            "인구증감":-11.65,
            "인구총점":38.876,
            "일자리":29.7,
            "소득수준":60.47,
            "일자리총점":38.931,
            "가치 총점":39.4159,
            "매매실거래년":20211015.0,
            "매매실거래가":50700.0,
            "전세실거래년":20211206.0,
            "전세실거래가":20000.0,
            "전세가율":93.02,
            "장기전세가율평균":72.18,
            "전세가율거품지수":-20.84,
            "검색코드":117688,
            "세대수":438.0,
            "준공년월":"2012-05-16",
            "준공년차":11.0,
            "가까운역이름":"만수",
            "가까운역거리":676.56,
            "역세권여부":"준역세권",
            "30분이내주요거점역":0,
            "1시간이내주요거점역":1,
            "3km이내백화점수":0,
            "5km이내아울렛몰수":0,
            "1km이내대형먀트수":0,
            "500m이내은행수":1,
            "500m이내병원수":41,
            "5km이내대형병원수":4,
            "500m이내공원수":6,
            "3km이내혐오시설수":0,
            "초등학교학업성취도":87.93,
            "중학교학업성취도":86.5,
            "용적률":209,
            "건폐율":15,
            "Y":37.460806,
            "X":126.730196,
            "rank":96.0,
            "area_info":"16평(53.3), 24평(79.5), 24평(79.85), 33평(110.6), 33평(112.15), 34평(114.1)",
            "last_sales":"2021-10-15,50700.0,33평(112.15)"
        },
        {
            "index":544,
            "아파트명":"만수주공1단지",
            "투자타입":"재건축",
            "전용면적(m2)":"44.54",
            "전용면적(평)":"13평",
            "법정동주소":"인천시 남동구 만수동 29",
            "도로명주소":"인천시 남동구 만수로 14-26",
            "세대수":50,
            "입주년차":"--",
            "용적률점수":0,
            "건폐율점수":0,
            "세대당주차수":"--",
            "난방방식":"--",
            "공급면적":50,
            "전용률":100,
            "욕실수":"--",
            "현관타입":"--",
            "주거총점":22.5,
            "지역구공급총점":100.0,
            "역세권":80,
            "30분내 이동가능 거점":0,
            "1시간내 이동가능 거점":30,
            "교통총점":46.0,
            "백화점":0,
            "아울렛몰":0,
            "대형마트":0,
            "은행":20,
            "병원":80,
            "종합병원":100,
            "공원":100,
            "혐오시설":0,
            "인프라총점":33.0,
            "초등학군":86.95,
            "중학군":51.9,
            "학군총점":58.91,
            "인구수":60.53,
            "인구증감":-11.65,
            "인구총점":38.876,
            "일자리":29.7,
            "소득수준":60.47,
            "일자리총점":38.931,
            "가치 총점":39.3365,
            "매매실거래년":20201209.0,
            "매매실거래가":21430.0,
            "전세실거래년":20130520.0,
            "전세실거래가":5000.0,
            "전세가율":40.0,
            "장기전세가율평균":72.18,
            "전세가율거품지수":32.18,
            "검색코드":2311,
            "세대수":516.0,
            "준공년월":"1985-10-31",
            "준공년차":38.0,
            "가까운역이름":"만수",
            "가까운역거리":259.12,
            "역세권여부":"역세권",
            "30분이내주요거점역":0,
            "1시간이내주요거점역":3,
            "3km이내백화점수":0,
            "5km이내아울렛몰수":0,
            "1km이내대형먀트수":0,
            "500m이내은행수":2,
            "500m이내병원수":37,
            "5km이내대형병원수":4,
            "500m이내공원수":4,
            "3km이내혐오시설수":0,
            "초등학교학업성취도":86.95,
            "중학교학업성취도":86.5,
            "용적률":0,
            "건폐율":0,
            "Y":37.457241,
            "X":126.732043,
            "rank":97.0,
            "area_info":"13평(44.54), 13평(45.12), 15평(52.5), 15평(52.26), 15평(52.25), 15평(52.14), 15평(52.41)",
            "last_sales":"2020-12-09,21430.0,15평(52.41)"
        },
        {
            "index":579,
            "아파트명":"만수주공8단지",
            "투자타입":"재건축",
            "전용면적(m2)":"50.4",
            "전용면적(평)":"15평",
            "법정동주소":"인천시 남동구 만수동 1005",
            "도로명주소":"인천시 남동구 담방로 105",
            "세대수":90,
            "입주년차":"--",
            "용적률점수":0,
            "건폐율점수":0,
            "세대당주차수":"--",
            "난방방식":"--",
            "공급면적":50,
            "전용률":60,
            "욕실수":"--",
            "현관타입":"--",
            "주거총점":32.5,
            "지역구공급총점":100.0,
            "역세권":80,
            "30분내 이동가능 거점":0,
            "1시간내 이동가능 거점":10,
            "교통총점":42.0,
            "백화점":0,
            "아울렛몰":0,
            "대형마트":80,
            "은행":0,
            "병원":10,
            "종합병원":100,
            "공원":100,
            "혐오시설":0,
            "인프라총점":36.0,
            "초등학군":88.51,
            "중학군":37.96,
            "학군총점":48.07,
            "인구수":60.53,
            "인구증감":-11.65,
            "인구총점":38.876,
            "일자리":29.7,
            "소득수준":60.47,
            "일자리총점":38.931,
            "가치 총점":39.2105,
            "매매실거래년":20211113.0,
            "매매실거래가":20500.0,
            "전세실거래년":20220110.0,
            "전세실거래가":8100.0,
            "전세가율":39.51,
            "장기전세가율평균":72.18,
            "전세가율거품지수":32.67,
            "검색코드":2317,
            "세대수":1440.0,
            "준공년월":"1990-12-10",
            "준공년차":33.0,
            "가까운역이름":"남동구청",
            "가까운역거리":352.67,
            "역세권여부":"역세권",
            "30분이내주요거점역":0,
            "1시간이내주요거점역":1,
            "3km이내백화점수":0,
            "5km이내아울렛몰수":0,
            "1km이내대형먀트수":1,
            "500m이내은행수":0,
            "500m이내병원수":2,
            "5km이내대형병원수":4,
            "500m이내공원수":4,
            "3km이내혐오시설수":0,
            "초등학교학업성취도":88.51,
            "중학교학업성취도":62.6,
            "용적률":0,
            "건폐율":0,
            "Y":37.45018,
            "X":126.74002,
            "rank":98.0,
            "area_info":"15평(50.4), 17평(58.61), 17평(58.31), 17평(58.34)",
            "last_sales":"2021-11-13,20500.0,15평(50.4)"
        },
        {
            "index":647,
            "아파트명":"영풍2차",
            "투자타입":"일반",
            "전용면적(m2)":"80.56",
            "전용면적(평)":"24평",
            "법정동주소":"인천시 남동구 만수동 849",
            "도로명주소":"인천시 남동구 호구포로888번길 40",
            "세대수":0,
            "입주년차":0,
            "용적률점수":"--",
            "건폐율점수":"--",
            "세대당주차수":0,
            "난방방식":30,
            "공급면적":"--",
            "전용률":"--",
            "욕실수":50,
            "현관타입":100,
            "주거총점":18.0,
            "지역구공급총점":100.0,
            "역세권":50,
            "30분내 이동가능 거점":0,
            "1시간내 이동가능 거점":20,
            "교통총점":29.0,
            "백화점":100,
            "아울렛몰":0,
            "대형마트":0,
            "은행":0,
            "병원":60,
            "종합병원":100,
            "공원":100,
            "혐오시설":0,
            "인프라총점":59.0,
            "초등학군":85.89,
            "중학군":42.2,
            "학군총점":50.938,
            "인구수":60.53,
            "인구증감":-11.65,
            "인구총점":38.876,
            "일자리":29.7,
            "소득수준":60.47,
            "일자리총점":38.931,
            "가치 총점":39.0907,
            "매매실거래년":20211109.0,
            "매매실거래가":31000.0,
            "전세실거래년":20210513.0,
            "전세실거래가":21000.0,
            "전세가율":67.74,
            "장기전세가율평균":72.18,
            "전세가율거품지수":4.44,
            "검색코드":13727,
            "세대수":168.0,
            "준공년월":"1998-05-28",
            "준공년차":25.0,
            "가까운역이름":"모래내시장",
            "가까운역거리":637.75,
            "역세권여부":"준역세권",
            "30분이내주요거점역":0,
            "1시간이내주요거점역":2,
            "3km이내백화점수":1,
            "5km이내아울렛몰수":0,
            "1km이내대형먀트수":0,
            "500m이내은행수":1,
            "500m이내병원수":21,
            "5km이내대형병원수":5,
            "500m이내공원수":7,
            "3km이내혐오시설수":0,
            "초등학교학업성취도":85.89,
            "중학교학업성취도":68.4,
            "용적률":0,
            "건폐율":0,
            "Y":37.46095,
            "X":126.722554,
            "rank":99.0,
            "area_info":"24평(80.56), 32평(108.31), 45평(149.57)",
            "last_sales":"2021-11-09,31000.0,24평(80.56)"
        },
        {
            "index":680,
            "아파트명":"한국",
            "투자타입":"재건축",
            "전용면적(m2)":"103.68",
            "전용면적(평)":"31평",
            "법정동주소":"인천시 남동구 만수동 1045",
            "도로명주소":"인천시 남동구 담방로21번길 23",
            "세대수":50,
            "입주년차":"--",
            "용적률점수":0,
            "건폐율점수":100,
            "세대당주차수":"--",
            "난방방식":"--",
            "공급면적":90,
            "전용률":80,
            "욕실수":"--",
            "현관타입":"--",
            "주거총점":43.5,
            "지역구공급총점":100.0,
            "역세권":50,
            "30분내 이동가능 거점":0,
            "1시간내 이동가능 거점":20,
            "교통총점":29.0,
            "백화점":0,
            "아울렛몰":0,
            "대형마트":80,
            "은행":0,
            "병원":60,
            "종합병원":100,
            "공원":100,
            "혐오시설":0,
            "인프라총점":41.0,
            "초등학군":86.96,
            "중학군":43.38,
            "학군총점":52.096,
            "인구수":60.53,
            "인구증감":-11.65,
            "인구총점":38.876,
            "일자리":29.7,
            "소득수준":60.47,
            "일자리총점":38.931,
            "가치 총점":38.9644,
            "매매실거래년":20211101.0,
            "매매실거래가":38800.0,
            "전세실거래년":20211120.0,
            "전세실거래가":35000.0,
            "전세가율":90.21,
            "장기전세가율평균":72.18,
            "전세가율거품지수":-18.03,
            "검색코드":2322,
            "세대수":608.0,
            "준공년월":"1992-04-22",
            "준공년차":31.0,
            "가까운역이름":"남동구청",
            "가까운역거리":775.28,
            "역세권여부":"준역세권",
            "30분이내주요거점역":0,
            "1시간이내주요거점역":2,
            "3km이내백화점수":0,
            "5km이내아울렛몰수":0,
            "1km이내대형먀트수":1,
            "500m이내은행수":1,
            "500m이내병원수":26,
            "5km이내대형병원수":5,
            "500m이내공원수":2,
            "3km이내혐오시설수":0,
            "초등학교학업성취도":86.96,
            "중학교학업성취도":71.5,
            "용적률":251,
            "건폐율":19,
            "Y":37.441197,
            "X":126.737365,
            "rank":100.0,
            "area_info":"31평(103.68), 31평(104.45)",
            "last_sales":"2021-11-01,38800.0,31평(103.68)"
        },
        {
            "index":61,
            "아파트명":"신한",
            "투자타입":"재건축",
            "전용면적(m2)":"64.75",
            "전용면적(평)":"19평",
            "법정동주소":"인천시 남동구 간석동 32-5",
            "도로명주소":"인천시 남동구 용천로 200",
            "세대수":0,
            "입주년차":"--",
            "용적률점수":60,
            "건폐율점수":60,
            "세대당주차수":"--",
            "난방방식":"--",
            "공급면적":50,
            "전용률":80,
            "욕실수":"--",
            "현관타입":"--",
            "주거총점":42.5,
            "지역구공급총점":100.0,
            "역세권":50,
            "30분내 이동가능 거점":0,
            "1시간내 이동가능 거점":60,
            "교통총점":37.0,
            "백화점":0,
            "아울렛몰":0,
            "대형마트":0,
            "은행":0,
            "병원":60,
            "종합병원":100,
            "공원":100,
            "혐오시설":0,
            "인프라총점":29.0,
            "초등학군":88.82,
            "중학군":50.72,
            "학군총점":58.34,
            "인구수":60.53,
            "인구증감":-11.65,
            "인구총점":38.876,
            "일자리":29.7,
            "소득수준":60.47,
            "일자리총점":38.931,
            "가치 총점":38.901,
            "매매실거래년":20210503.0,
            "매매실거래가":14300.0,
            "전세실거래년":20120315.0,
            "전세실거래가":4000.0,
            "전세가율":38.83,
            "장기전세가율평균":72.18,
            "전세가율거품지수":33.35,
            "검색코드":2561,
            "세대수":216.0,
            "준공년월":"1990-04-13",
            "준공년차":33.0,
            "가까운역이름":"간석오거리",
            "가까운역거리":575.89,
            "역세권여부":"준역세권",
            "30분이내주요거점역":0,
            "1시간이내주요거점역":6,
            "3km이내백화점수":0,
            "5km이내아울렛몰수":0,
            "1km이내대형먀트수":0,
            "500m이내은행수":1,
            "500m이내병원수":12,
            "5km이내대형병원수":7,
            "500m이내공원수":5,
            "3km이내혐오시설수":0,
            "초등학교학업성취도":88.82,
            "중학교학업성취도":84.2,
            "용적률":192,
            "건폐율":33,
            "Y":37.46757,
            "X":126.71443,
            "rank":101.0,
            "area_info":"19평(64.75), 20평(67.93), 21평(69.98), 22평(73.27), 22평(74.26), 25평(85.02)",
            "last_sales":"2021-05-03,14300.0,25평(85.02)"
        },
        {
            "index":683,
            "아파트명":"햇빛마을벽산",
            "투자타입":"일반",
            "전용면적(m2)":"81.17",
            "전용면적(평)":"24평",
            "법정동주소":"인천시 남동구 만수동 1114",
            "도로명주소":"인천시 남동구 호구포로 924",
            "세대수":100,
            "입주년차":20,
            "용적률점수":"--",
            "건폐율점수":"--",
            "세대당주차수":30,
            "난방방식":30,
            "공급면적":"--",
            "전용률":"--",
            "욕실수":50,
            "현관타입":100,
            "주거총점":61.5,
            "지역구공급총점":100.0,
            "역세권":50,
            "30분내 이동가능 거점":0,
            "1시간내 이동가능 거점":20,
            "교통총점":29.0,
            "백화점":0,
            "아울렛몰":0,
            "대형마트":0,
            "은행":0,
            "병원":60,
            "종합병원":100,
            "공원":100,
            "혐오시설":0,
            "인프라총점":29.0,
            "초등학군":85.89,
            "중학군":42.2,
            "학군총점":50.938,
            "인구수":60.53,
            "인구증감":-11.65,
            "인구총점":38.876,
            "일자리":29.7,
            "소득수준":60.47,
            "일자리총점":38.931,
            "가치 총점":38.7907,
            "매매실거래년":20211030.0,
            "매매실거래가":36200.0,
            "전세실거래년":20211020.0,
            "전세실거래가":20000.0,
            "전세가율":57.14,
            "장기전세가율평균":72.18,
            "전세가율거품지수":15.04,
            "검색코드":8816,
            "세대수":2073.0,
            "준공년월":"2000-05-31",
            "준공년차":23.0,
            "가까운역이름":"모래내시장",
            "가까운역거리":990.57,
            "역세권여부":"준역세권",
            "30분이내주요거점역":0,
            "1시간이내주요거점역":2,
            "3km이내백화점수":0,
            "5km이내아울렛몰수":0,
            "1km이내대형먀트수":0,
            "500m이내은행수":1,
            "500m이내병원수":13,
            "5km이내대형병원수":6,
            "500m이내공원수":8,
            "3km이내혐오시설수":0,
            "초등학교학업성취도":85.89,
            "중학교학업성취도":68.4,
            "용적률":343,
            "건폐율":24,
            "Y":37.464209,
            "X":126.723109,
            "rank":102.0,
            "area_info":"24평(81.17), 33평(109.18)",
            "last_sales":"2021-10-30,36200.0,33평(109.18)"
        },
        {
            "index":691,
            "아파트명":"현대",
            "투자타입":"일반",
            "전용면적(m2)":"126.79",
            "전용면적(평)":"38평",
            "법정동주소":"인천시 남동구 만수동 1037",
            "도로명주소":"인천시 남동구 장승남로 82",
            "세대수":50,
            "입주년차":0,
            "용적률점수":"--",
            "건폐율점수":"--",
            "세대당주차수":60,
            "난방방식":30,
            "공급면적":"--",
            "전용률":"--",
            "욕실수":100,
            "현관타입":100,
            "주거총점":49.5,
            "지역구공급총점":100.0,
            "역세권":50,
            "30분내 이동가능 거점":0,
            "1시간내 이동가능 거점":0,
            "교통총점":25.0,
            "백화점":0,
            "아울렛몰":0,
            "대형마트":80,
            "은행":0,
            "병원":60,
            "종합병원":100,
            "공원":100,
            "혐오시설":0,
            "인프라총점":41.0,
            "초등학군":86.96,
            "중학군":43.38,
            "학군총점":52.096,
            "인구수":60.53,
            "인구증감":-11.65,
            "인구총점":38.876,
            "일자리":29.7,
            "소득수준":60.47,
            "일자리총점":38.931,
            "가치 총점":38.7644,
            "매매실거래년":20211208.0,
            "매매실거래가":50700.0,
            "전세실거래년":20210818.0,
            "전세실거래가":25000.0,
            "전세가율":51.76,
            "장기전세가율평균":72.18,
            "전세가율거품지수":20.42,
            "검색코드":2323,
            "세대수":560.0,
            "준공년월":"1993-10-08",
            "준공년차":30.0,
            "가까운역이름":"남동구청",
            "가까운역거리":741.87,
            "역세권여부":"준역세권",
            "30분이내주요거점역":0,
            "1시간이내주요거점역":0,
            "3km이내백화점수":0,
            "5km이내아울렛몰수":0,
            "1km이내대형먀트수":1,
            "500m이내은행수":1,
            "500m이내병원수":25,
            "5km이내대형병원수":4,
            "500m이내공원수":3,
            "3km이내혐오시설수":0,
            "초등학교학업성취도":86.96,
            "중학교학업성취도":71.5,
            "용적률":248,
            "건폐율":15,
            "Y":37.44236,
            "X":126.74109,
            "rank":103.0,
            "area_info":"38평(126.79), 46평(153.87), 59평(196.71)",
            "last_sales":"2021-12-08,50700.0,46평(153.87)"
        },
        {
            "index":525,
            "아파트명":"대동(5-326)",
            "투자타입":"재건축",
            "전용면적(m2)":"49.15",
            "전용면적(평)":"14평",
            "법정동주소":"인천시 남동구 만수동 5-326",
            "도로명주소":"인천시 남동구 만수로 92",
            "세대수":0,
            "입주년차":"--",
            "용적률점수":80,
            "건폐율점수":80,
            "세대당주차수":"--",
            "난방방식":"--",
            "공급면적":50,
            "전용률":80,
            "욕실수":"--",
            "현관타입":"--",
            "주거총점":54.5,
            "지역구공급총점":100.0,
            "역세권":50,
            "30분내 이동가능 거점":0,
            "1시간내 이동가능 거점":20,
            "교통총점":29.0,
            "백화점":0,
            "아울렛몰":0,
            "대형마트":0,
            "은행":0,
            "병원":80,
            "종합병원":100,
            "공원":100,
            "혐오시설":0,
            "인프라총점":31.0,
            "초등학군":87.4,
            "중학군":46.6,
            "학군총점":54.76,
            "인구수":60.53,
            "인구증감":-11.65,
            "인구총점":38.876,
            "일자리":29.7,
            "소득수준":60.47,
            "일자리총점":38.931,
            "가치 총점":38.564,
            "매매실거래년":20211222.0,
            "매매실거래가":12300.0,
            "전세실거래년":20220113.0,
            "전세실거래가":10000.0,
            "전세가율":109.89,
            "장기전세가율평균":72.18,
            "전세가율거품지수":-37.71,
            "검색코드":9150,
            "세대수":276.0,
            "준공년월":"1987-11-14",
            "준공년차":36.0,
            "가까운역이름":"만수",
            "가까운역거리":963.36,
            "역세권여부":"준역세권",
            "30분이내주요거점역":0,
            "1시간이내주요거점역":2,
            "3km이내백화점수":0,
            "5km이내아울렛몰수":0,
            "1km이내대형먀트수":0,
            "500m이내은행수":0,
            "500m이내병원수":32,
            "5km이내대형병원수":5,
            "500m이내공원수":5,
            "3km이내혐오시설수":0,
            "초등학교학업성취도":87.4,
            "중학교학업성취도":76.0,
            "용적률":163,
            "건폐율":27,
            "Y":37.462787,
            "X":126.736641,
            "rank":104.0,
            "area_info":"14평(49.15), 15평(49.86)",
            "last_sales":"2021-12-22,12300.0,15평(49.86)"
        },
        {
            "index":178,
            "아파트명":"구월아시아드선수촌6단지",
            "투자타입":"일반",
            "전용면적(m2)":"101.23",
            "전용면적(평)":"30평",
            "법정동주소":"인천시 남동구 구월동 1524",
            "도로명주소":"인천시 남동구 선수촌로 27",
            "세대수":50,
            "입주년차":80,
            "용적률점수":"--",
            "건폐율점수":"--",
            "세대당주차수":30,
            "난방방식":30,
            "공급면적":"--",
            "전용률":"--",
            "욕실수":100,
            "현관타입":100,
            "주거총점":61.0,
            "지역구공급총점":100.0,
            "역세권":0,
            "30분내 이동가능 거점":0,
            "1시간내 이동가능 거점":10,
            "교통총점":2.0,
            "백화점":100,
            "아울렛몰":0,
            "대형마트":0,
            "은행":0,
            "병원":60,
            "종합병원":100,
            "공원":100,
            "혐오시설":0,
            "인프라총점":59.0,
            "초등학군":83.58,
            "중학군":43.76,
            "학군총점":51.724,
            "인구수":60.53,
            "인구증감":-11.65,
            "인구총점":38.876,
            "일자리":29.7,
            "소득수준":60.47,
            "일자리총점":38.931,
            "가치 총점":38.3586,
            "매매실거래년":20211122.0,
            "매매실거래가":60000.0,
            "전세실거래년":20211208.0,
            "전세실거래가":46000.0,
            "전세가율":83.64,
            "장기전세가율평균":72.18,
            "전세가율거품지수":-11.46,
            "검색코드":141327,
            "세대수":602.0,
            "준공년월":"2015-06-02",
            "준공년차":8.0,
            "가까운역이름":"인천터미널",
            "가까운역거리":1197.63,
            "역세권여부":"비역세권",
            "30분이내주요거점역":0,
            "1시간이내주요거점역":1,
            "3km이내백화점수":1,
            "5km이내아울렛몰수":0,
            "1km이내대형먀트수":0,
            "500m이내은행수":0,
            "500m이내병원수":12,
            "5km이내대형병원수":4,
            "500m이내공원수":4,
            "3km이내혐오시설수":0,
            "초등학교학업성취도":83.58,
            "중학교학업성취도":71.6,
            "용적률":193,
            "건폐율":13,
            "Y":37.44194,
            "X":126.71326,
            "rank":105.0,
            "area_info":"30평(101.23), 30평(101.64), 34평(114.43), 34평(114.89), 34평(115.05)",
            "last_sales":"2021-11-22,60000.0,34평(114.43)"
        },
        {
            "index":308,
            "아파트명":"성문",
            "투자타입":"일반",
            "전용면적(m2)":"81.65",
            "전용면적(평)":"24평",
            "법정동주소":"인천시 남동구 구월동 1291-7",
            "도로명주소":"인천시 남동구 호구포로744번길 26",
            "세대수":0,
            "입주년차":0,
            "용적률점수":"--",
            "건폐율점수":"--",
            "세대당주차수":0,
            "난방방식":30,
            "공급면적":"--",
            "전용률":"--",
            "욕실수":50,
            "현관타입":10,
            "주거총점":9.0,
            "지역구공급총점":100.0,
            "역세권":50,
            "30분내 이동가능 거점":0,
            "1시간내 이동가능 거점":10,
            "교통총점":27.0,
            "백화점":100,
            "아울렛몰":0,
            "대형마트":0,
            "은행":0,
            "병원":60,
            "종합병원":100,
            "공원":100,
            "혐오시설":0,
            "인프라총점":59.0,
            "초등학군":84.39,
            "중학군":56.9,
            "학군총점":62.398,
            "인구수":60.53,
            "인구증감":-11.65,
            "인구총점":38.876,
            "일자리":29.7,
            "소득수준":60.47,
            "일자리총점":38.931,
            "가치 총점":38.3097,
            "매매실거래년":20210906.0,
            "매매실거래가":17000.0,
            "전세실거래년":20201211.0,
            "전세실거래가":13000.0,
            "전세가율":76.47,
            "장기전세가율평균":72.18,
            "전세가율거품지수":-4.29,
            "검색코드":10590,
            "세대수":103.0,
            "준공년월":"1996-10-21",
            "준공년차":27.0,
            "가까운역이름":"모래내시장",
            "가까운역거리":847.73,
            "역세권여부":"준역세권",
            "30분이내주요거점역":0,
            "1시간이내주요거점역":1,
            "3km이내백화점수":1,
            "5km이내아울렛몰수":0,
            "1km이내대형먀트수":0,
            "500m이내은행수":0,
            "500m이내병원수":10,
            "5km이내대형병원수":4,
            "500m이내공원수":4,
            "3km이내혐오시설수":0,
            "초등학교학업성취도":84.39,
            "중학교학업성취도":92.5,
            "용적률":229,
            "건폐율":27,
            "Y":37.448279,
            "X":126.720622,
            "rank":106.0,
            "area_info":"24평(81.65)",
            "last_sales":"2021-09-06,17000.0,24평(81.65)"
        },
        {
            "index":743,
            "아파트명":"서창퍼스트뷰",
            "투자타입":"일반",
            "전용면적(m2)":"78.3",
            "전용면적(평)":"23평",
            "법정동주소":"인천시 남동구 서창동 699",
            "도로명주소":"인천시 남동구 서창남순환로 190-15",
            "세대수":90,
            "입주년차":60,
            "용적률점수":"--",
            "건폐율점수":"--",
            "세대당주차수":60,
            "난방방식":100,
            "공급면적":"--",
            "전용률":"--",
            "욕실수":100,
            "현관타입":100,
            "주거총점":82.5,
            "지역구공급총점":100.0,
            "역세권":0,
            "30분내 이동가능 거점":0,
            "1시간내 이동가능 거점":40,
            "교통총점":8.0,
            "백화점":0,
            "아울렛몰":80,
            "대형마트":0,
            "은행":0,
            "병원":60,
            "종합병원":100,
            "공원":100,
            "혐오시설":0,
            "인프라총점":37.0,
            "초등학군":85.01,
            "중학군":43.32,
            "학군총점":51.658,
            "인구수":60.53,
            "인구증감":-11.65,
            "인구총점":38.876,
            "일자리":29.7,
            "소득수준":60.47,
            "일자리총점":38.931,
            "가치 총점":38.1487,
            "매매실거래년":20211016.0,
            "매매실거래가":60000.0,
            "전세실거래년":20211216.0,
            "전세실거래가":23625.0,
            "전세가율":58.62,
            "장기전세가율평균":72.18,
            "전세가율거품지수":13.56,
            "검색코드":102628,
            "세대수":1196.0,
            "준공년월":"2012-06-14",
            "준공년차":11.0,
            "가까운역이름":"운연",
            "가까운역거리":2419.67,
            "역세권여부":"비역세권",
            "30분이내주요거점역":0,
            "1시간이내주요거점역":4,
            "3km이내백화점수":0,
            "5km이내아울렛몰수":1,
            "1km이내대형먀트수":0,
            "500m이내은행수":0,
            "500m이내병원수":21,
            "5km이내대형병원수":3,
            "500m이내공원수":5,
            "3km이내혐오시설수":0,
            "초등학교학업성취도":85.01,
            "중학교학업성취도":72.2,
            "용적률":166,
            "건폐율":18,
            "Y":37.422213,
            "X":126.744413,
            "rank":107.0,
            "area_info":"23평(78.3), 23평(78.36), 33평(110.35), 33평(110.75), 33평(110.53), 33평(110.18), 33평(111.05), 33평(111.1), 40평(132.41), 40평(132.39), 40평(133.24), 40평(133.28), 40평(133.22), 40평(133.28), 47평(157.42), 47평(157.42), 47평(158.14)",
            "last_sales":"2021-10-16,60000.0,47평(157.42)"
        },
        {
            "index":710,
            "아파트명":"서창베라체",
            "투자타입":"일반",
            "전용면적(m2)":"81.88",
            "전용면적(평)":"24평",
            "법정동주소":"인천시 남동구 서창동 715",
            "도로명주소":"인천시 남동구 서창남로 17",
            "세대수":90,
            "입주년차":60,
            "용적률점수":"--",
            "건폐율점수":"--",
            "세대당주차수":30,
            "난방방식":100,
            "공급면적":"--",
            "전용률":"--",
            "욕실수":100,
            "현관타입":100,
            "주거총점":78.0,
            "지역구공급총점":100.0,
            "역세권":0,
            "30분내 이동가능 거점":0,
            "1시간내 이동가능 거점":40,
            "교통총점":8.0,
            "백화점":0,
            "아울렛몰":80,
            "대형마트":0,
            "은행":0,
            "병원":60,
            "종합병원":100,
            "공원":100,
            "혐오시설":0,
            "인프라총점":37.0,
            "초등학군":89.59,
            "중학군":43.32,
            "학군총점":52.574,
            "인구수":60.53,
            "인구증감":-11.65,
            "인구총점":38.876,
            "일자리":29.7,
            "소득수준":60.47,
            "일자리총점":38.931,
            "가치 총점":37.3861,
            "매매실거래년":20211002.0,
            "매매실거래가":47000.0,
            "전세실거래년":20211016.0,
            "전세실거래가":36500.0,
            "전세가율":81.11,
            "장기전세가율평균":72.18,
            "전세가율거품지수":-8.93,
            "검색코드":102629,
            "세대수":938.0,
            "준공년월":"2012-03-14",
            "준공년차":11.0,
            "가까운역이름":"운연",
            "가까운역거리":2309.45,
            "역세권여부":"비역세권",
            "30분이내주요거점역":0,
            "1시간이내주요거점역":4,
            "3km이내백화점수":0,
            "5km이내아울렛몰수":1,
            "1km이내대형먀트수":0,
            "500m이내은행수":0,
            "500m이내병원수":21,
            "5km이내대형병원수":2,
            "500m이내공원수":3,
            "3km이내혐오시설수":0,
            "초등학교학업성취도":89.59,
            "중학교학업성취도":72.2,
            "용적률":142,
            "건폐율":18,
            "Y":37.420715,
            "X":126.75067,
            "rank":108.0,
            "area_info":"24평(81.88), 24평(81.43), 24평(81.27), 24평(81.74), 24평(81.23), 34평(113.41), 34평(113.91), 34평(113.91), 34평(114.13), 34평(114.09), 34평(114.58), 34평(114.49), 34평(114.46), 34평(114.46), 34평(115.02)",
            "last_sales":"2021-10-02,47000.0,24평(81.74)"
        },
        {
            "index":738,
            "아파트명":"서창자이",
            "투자타입":"일반",
            "전용면적(m2)":"113.25",
            "전용면적(평)":"34평",
            "법정동주소":"인천시 남동구 서창동 561-1",
            "도로명주소":"인천시 남동구 장아산로 157",
            "세대수":50,
            "입주년차":40,
            "용적률점수":"--",
            "건폐율점수":"--",
            "세대당주차수":60,
            "난방방식":30,
            "공급면적":"--",
            "전용률":"--",
            "욕실수":100,
            "현관타입":100,
            "주거총점":57.5,
            "지역구공급총점":100.0,
            "역세권":50,
            "30분내 이동가능 거점":0,
            "1시간내 이동가능 거점":0,
            "교통총점":25.0,
            "백화점":0,
            "아울렛몰":0,
            "대형마트":0,
            "은행":0,
            "병원":30,
            "종합병원":100,
            "공원":100,
            "혐오시설":0,
            "인프라총점":26.0,
            "초등학군":86.77,
            "중학군":52.44,
            "학군총점":59.306,
            "인구수":60.53,
            "인구증감":-11.65,
            "인구총점":38.876,
            "일자리":29.7,
            "소득수준":60.47,
            "일자리총점":38.931,
            "가치 총점":36.9459,
            "매매실거래년":20211105.0,
            "매매실거래가":63500.0,
            "전세실거래년":20211030.0,
            "전세실거래가":39000.0,
            "전세가율":74.64,
            "장기전세가율평균":72.18,
            "전세가율거품지수":-2.46,
            "검색코드":26538,
            "세대수":500.0,
            "준공년월":"2008-12-19",
            "준공년차":15.0,
            "가까운역이름":"운연",
            "가까운역거리":859.43,
            "역세권여부":"준역세권",
            "30분이내주요거점역":0,
            "1시간이내주요거점역":0,
            "3km이내백화점수":0,
            "5km이내아울렛몰수":0,
            "1km이내대형먀트수":0,
            "500m이내은행수":0,
            "500m이내병원수":6,
            "5km이내대형병원수":3,
            "500m이내공원수":3,
            "3km이내혐오시설수":0,
            "초등학교학업성취도":86.77,
            "중학교학업성취도":86.0,
            "용적률":219,
            "건폐율":16,
            "Y":37.437627,
            "X":126.750759,
            "rank":109.0,
            "area_info":"34평(113.25), 34평(113.25), 45평(151.52), 45평(151.58), 51평(171.6)",
            "last_sales":"2021-11-05,63500.0,51평(171.6)"
        },
        {
            "index":348,
            "아파트명":"남촌풍림3차",
            "투자타입":"일반",
            "전용면적(m2)":"80.63",
            "전용면적(평)":"24평",
            "법정동주소":"인천시 남동구 남촌동 649",
            "도로명주소":"인천시 남동구 남촌로84번길 38",
            "세대수":80,
            "입주년차":20,
            "용적률점수":"--",
            "건폐율점수":"--",
            "세대당주차수":30,
            "난방방식":30,
            "공급면적":"--",
            "전용률":"--",
            "욕실수":50,
            "현관타입":100,
            "주거총점":54.5,
            "지역구공급총점":100.0,
            "역세권":0,
            "30분내 이동가능 거점":0,
            "1시간내 이동가능 거점":20,
            "교통총점":4.0,
            "백화점":100,
            "아울렛몰":0,
            "대형마트":0,
            "은행":0,
            "병원":30,
            "종합병원":100,
            "공원":100,
            "혐오시설":0,
            "인프라총점":56.0,
            "초등학군":87.99,
            "중학군":42.3,
            "학군총점":51.438,
            "인구수":60.53,
            "인구증감":-11.65,
            "인구총점":38.876,
            "일자리":29.7,
            "소득수준":60.47,
            "일자리총점":38.931,
            "가치 총점":36.8157,
            "매매실거래년":20211119.0,
            "매매실거래가":28700.0,
            "전세실거래년":20210504.0,
            "전세실거래가":18000.0,
            "전세가율":62.72,
            "장기전세가율평균":72.18,
            "전세가율거품지수":9.46,
            "검색코드":8858,
            "세대수":735.0,
            "준공년월":"1999-12-01",
            "준공년차":24.0,
            "가까운역이름":"선학",
            "가까운역거리":1579.05,
            "역세권여부":"비역세권",
            "30분이내주요거점역":0,
            "1시간이내주요거점역":2,
            "3km이내백화점수":1,
            "5km이내아울렛몰수":0,
            "1km이내대형먀트수":0,
            "500m이내은행수":0,
            "500m이내병원수":6,
            "5km이내대형병원수":4,
            "500m이내공원수":3,
            "3km이내혐오시설수":0,
            "초등학교학업성취도":87.99,
            "중학교학업성취도":69.1,
            "용적률":283,
            "건폐율":19,
            "Y":37.42883,
            "X":126.71654,
            "rank":110.0,
            "area_info":"24평(80.63), 24평(81.33), 32평(108.79), 46평(153.24)",
            "last_sales":"2021-11-19,28700.0,24평(80.63)"
        },
        {
            "index":167,
            "아파트명":"구월아시아드선수촌2단지",
            "투자타입":"일반",
            "전용면적(m2)":"73.73",
            "전용면적(평)":"22평",
            "법정동주소":"인천시 남동구 구월동 1485",
            "도로명주소":"인천시 남동구 선수촌공원로 96",
            "세대수":50,
            "입주년차":80,
            "용적률점수":"--",
            "건폐율점수":"--",
            "세대당주차수":30,
            "난방방식":30,
            "공급면적":"--",
            "전용률":"--",
            "욕실수":50,
            "현관타입":100,
            "주거총점":56.0,
            "지역구공급총점":100.0,
            "역세권":0,
            "30분내 이동가능 거점":0,
            "1시간내 이동가능 거점":10,
            "교통총점":2.0,
            "백화점":100,
            "아울렛몰":0,
            "대형마트":0,
            "은행":0,
            "병원":30,
            "종합병원":100,
            "공원":100,
            "혐오시설":0,
            "인프라총점":56.0,
            "초등학군":86.14,
            "중학군":43.76,
            "학군총점":52.236,
            "인구수":60.53,
            "인구증감":-11.65,
            "인구총점":38.876,
            "일자리":29.7,
            "소득수준":60.47,
            "일자리총점":38.931,
            "가치 총점":36.5354,
            "매매실거래년":20210924.0,
            "매매실거래가":50000.0,
            "전세실거래년":20211016.0,
            "전세실거래가":35000.0,
            "전세가율":81.78,
            "장기전세가율평균":72.18,
            "전세가율거품지수":-9.6,
            "검색코드":105001,
            "세대수":636.0,
            "준공년월":"2015-06-02",
            "준공년차":8.0,
            "가까운역이름":"모래내시장",
            "가까운역거리":1012.23,
            "역세권여부":"비역세권",
            "30분이내주요거점역":0,
            "1시간이내주요거점역":1,
            "3km이내백화점수":1,
            "5km이내아울렛몰수":0,
            "1km이내대형먀트수":0,
            "500m이내은행수":1,
            "500m이내병원수":8,
            "5km이내대형병원수":4,
            "500m이내공원수":6,
            "3km이내혐오시설수":0,
            "초등학교학업성취도":86.14,
            "중학교학업성취도":71.6,
            "용적률":179,
            "건폐율":15,
            "Y":37.44788,
            "X":126.713712,
            "rank":111.0,
            "area_info":"22평(73.73), 22평(74.25), 25평(85.77), 25평(85.92)",
            "last_sales":"2021-09-24,50000.0,25평(85.77)"
        },
        {
            "index":451,
            "아파트명":"에코메트로9단지한화꿈에그린",
            "투자타입":"일반",
            "전용면적(m2)":"161.61",
            "전용면적(평)":"48평",
            "법정동주소":"인천시 남동구 논현동 766-1",
            "도로명주소":"인천시 남동구 에코중앙로 96",
            "세대수":80,
            "입주년차":60,
            "용적률점수":"--",
            "건폐율점수":"--",
            "세대당주차수":80,
            "난방방식":100,
            "공급면적":"--",
            "전용률":"--",
            "욕실수":100,
            "현관타입":100,
            "주거총점":82.0,
            "지역구공급총점":100.0,
            "역세권":0,
            "30분내 이동가능 거점":0,
            "1시간내 이동가능 거점":20,
            "교통총점":4.0,
            "백화점":0,
            "아울렛몰":80,
            "대형마트":0,
            "은행":0,
            "병원":0,
            "종합병원":100,
            "공원":80,
            "혐오시설":0,
            "인프라총점":30.4,
            "초등학군":93.79,
            "중학군":55.48,
            "학군총점":63.142,
            "인구수":60.53,
            "인구증감":-11.65,
            "인구총점":38.876,
            "일자리":29.7,
            "소득수준":60.47,
            "일자리총점":38.931,
            "가치 총점":36.3913,
            "매매실거래년":20211102.0,
            "매매실거래가":92000.0,
            "전세실거래년":20211104.0,
            "전세실거래가":70000.0,
            "전세가율":80.92,
            "장기전세가율평균":72.18,
            "전세가율거품지수":-8.74,
            "검색코드":26168,
            "세대수":810.0,
            "준공년월":"2011-02-18",
            "준공년차":12.0,
            "가까운역이름":"인천논현",
            "가까운역거리":1570.62,
            "역세권여부":"비역세권",
            "30분이내주요거점역":0,
            "1시간이내주요거점역":2,
            "3km이내백화점수":0,
            "5km이내아울렛몰수":1,
            "1km이내대형먀트수":0,
            "500m이내은행수":0,
            "500m이내병원수":0,
            "5km이내대형병원수":2,
            "500m이내공원수":1,
            "3km이내혐오시설수":0,
            "초등학교학업성취도":93.79,
            "중학교학업성취도":89.0,
            "용적률":199,
            "건폐율":9,
            "Y":37.386491,
            "X":126.722768,
            "rank":112.0,
            "area_info":"48평(161.61), 59평(196.07), 66평(221.27), 75평(250.45)",
            "last_sales":"2021-11-02,92000.0,66평(221.27)"
        },
        {
            "index":352,
            "아파트명":"청호",
            "투자타입":"재건축",
            "전용면적(m2)":"64.45",
            "전용면적(평)":"19평",
            "법정동주소":"인천시 남동구 남촌동 571-1",
            "도로명주소":"인천시 남동구 남촌로93번길 44",
            "세대수":0,
            "입주년차":"--",
            "용적률점수":80,
            "건폐율점수":80,
            "세대당주차수":"--",
            "난방방식":"--",
            "공급면적":50,
            "전용률":80,
            "욕실수":"--",
            "현관타입":"--",
            "주거총점":54.5,
            "지역구공급총점":100.0,
            "역세권":0,
            "30분내 이동가능 거점":0,
            "1시간내 이동가능 거점":20,
            "교통총점":4.0,
            "백화점":100,
            "아울렛몰":0,
            "대형마트":0,
            "은행":0,
            "병원":10,
            "종합병원":100,
            "공원":100,
            "혐오시설":0,
            "인프라총점":54.0,
            "초등학군":87.99,
            "중학군":42.3,
            "학군총점":51.438,
            "인구수":60.53,
            "인구증감":-11.65,
            "인구총점":38.876,
            "일자리":29.7,
            "소득수준":60.47,
            "일자리총점":38.931,
            "가치 총점":36.2157,
            "매매실거래년":20211013.0,
            "매매실거래가":11900.0,
            "전세실거래년":null,
            "전세실거래가":null,
            "전세가율":null,
            "장기전세가율평균":72.18,
            "전세가율거품지수":null,
            "검색코드":13502,
            "세대수":132.0,
            "준공년월":"1991-06-01",
            "준공년차":32.0,
            "가까운역이름":"선학",
            "가까운역거리":1341.33,
            "역세권여부":"비역세권",
            "30분이내주요거점역":0,
            "1시간이내주요거점역":2,
            "3km이내백화점수":1,
            "5km이내아울렛몰수":0,
            "1km이내대형먀트수":0,
            "500m이내은행수":0,
            "500m이내병원수":4,
            "5km이내대형병원수":4,
            "500m이내공원수":2,
            "3km이내혐오시설수":0,
            "초등학교학업성취도":87.99,
            "중학교학업성취도":69.1,
            "용적률":166,
            "건폐율":28,
            "Y":37.427024,
            "X":126.714047,
            "rank":113.0,
            "area_info":"19평(64.45), 20평(67.31), 20평(69.4), 22평(73.75), 23평(77.69), 23평(78.95)",
            "last_sales":"2021-10-13,11900.0,23평(77.69)"
        },
        {
            "index":537,
            "아파트명":"만수주공10단지",
            "투자타입":"일반",
            "전용면적(m2)":"69.55",
            "전용면적(평)":"21평",
            "법정동주소":"인천시 남동구 만수동 1043",
            "도로명주소":"인천시 남동구 장승남로 34",
            "세대수":50,
            "입주년차":0,
            "용적률점수":"--",
            "건폐율점수":"--",
            "세대당주차수":0,
            "난방방식":30,
            "공급면적":"--",
            "전용률":"--",
            "욕실수":50,
            "현관타입":10,
            "주거총점":26.5,
            "지역구공급총점":100.0,
            "역세권":50,
            "30분내 이동가능 거점":0,
            "1시간내 이동가능 거점":20,
            "교통총점":29.0,
            "백화점":0,
            "아울렛몰":0,
            "대형마트":80,
            "은행":0,
            "병원":60,
            "종합병원":100,
            "공원":100,
            "혐오시설":0,
            "인프라총점":41.0,
            "초등학군":86.95,
            "중학군":43.38,
            "학군총점":52.094,
            "인구수":60.53,
            "인구증감":-11.65,
            "인구총점":38.876,
            "일자리":29.7,
            "소득수준":60.47,
            "일자리총점":38.931,
            "가치 총점":35.5641,
            "매매실거래년":20210925.0,
            "매매실거래가":23700.0,
            "전세실거래년":20220111.0,
            "전세실거래가":10000.0,
            "전세가율":42.19,
            "장기전세가율평균":72.18,
            "전세가율거품지수":29.99,
            "검색코드":2310,
            "세대수":420.0,
            "준공년월":"1994-05-21",
            "준공년차":29.0,
            "가까운역이름":"남동구청",
            "가까운역거리":556.21,
            "역세권여부":"준역세권",
            "30분이내주요거점역":0,
            "1시간이내주요거점역":2,
            "3km이내백화점수":0,
            "5km이내아울렛몰수":0,
            "1km이내대형먀트수":1,
            "500m이내은행수":1,
            "500m이내병원수":28,
            "5km이내대형병원수":4,
            "500m이내공원수":6,
            "3km이내혐오시설수":0,
            "초등학교학업성취도":86.95,
            "중학교학업성취도":71.5,
            "용적률":198,
            "건폐율":17,
            "Y":37.443311,
            "X":126.735397,
            "rank":114.0,
            "area_info":"21평(69.55)",
            "last_sales":"2021-09-25,23700.0,21평(69.55)"
        },
        {
            "index":735,
            "아파트명":"서창센트럴푸르지오",
            "투자타입":"일반",
            "전용면적(m2)":"99.76",
            "전용면적(평)":"30평",
            "법정동주소":"인천시 남동구 서창동 682",
            "도로명주소":"인천시 남동구 서창남순환로 55",
            "세대수":90,
            "입주년차":80,
            "용적률점수":"--",
            "건폐율점수":"--",
            "세대당주차수":30,
            "난방방식":100,
            "공급면적":"--",
            "전용률":"--",
            "욕실수":100,
            "현관타입":100,
            "주거총점":82.0,
            "지역구공급총점":100.0,
            "역세권":0,
            "30분내 이동가능 거점":0,
            "1시간내 이동가능 거점":20,
            "교통총점":4.0,
            "백화점":0,
            "아울렛몰":0,
            "대형마트":0,
            "은행":0,
            "병원":60,
            "종합병원":100,
            "공원":100,
            "혐오시설":0,
            "인프라총점":29.0,
            "초등학군":86.86,
            "중학군":52.44,
            "학군총점":59.324,
            "인구수":60.53,
            "인구증감":-11.65,
            "인구총점":38.876,
            "일자리":29.7,
            "소득수준":60.47,
            "일자리총점":38.931,
            "가치 총점":35.3986,
            "매매실거래년":20211011.0,
            "매매실거래가":62000.0,
            "전세실거래년":20220110.0,
            "전세실거래가":27000.0,
            "전세가율":43.55,
            "장기전세가율평균":72.18,
            "전세가율거품지수":28.63,
            "검색코드":111479,
            "세대수":1160.0,
            "준공년월":"2018-01-19",
            "준공년차":5.0,
            "가까운역이름":"운연",
            "가까운역거리":1547.2,
            "역세권여부":"비역세권",
            "30분이내주요거점역":0,
            "1시간이내주요거점역":2,
            "3km이내백화점수":0,
            "5km이내아울렛몰수":0,
            "1km이내대형먀트수":0,
            "500m이내은행수":0,
            "500m이내병원수":10,
            "5km이내대형병원수":3,
            "500m이내공원수":5,
            "3km이내혐오시설수":0,
            "초등학교학업성취도":86.86,
            "중학교학업성취도":86.0,
            "용적률":186,
            "건폐율":13,
            "Y":37.429441,
            "X":126.748747,
            "rank":115.0,
            "area_info":"30평(99.76), 30평(99.77), 34평(113.07)",
            "last_sales":"2021-10-11,62000.0,30평(99.76)"
        },
        {
            "index":623,
            "아파트명":"신한(6-21)",
            "투자타입":"재건축",
            "전용면적(m2)":"73.23",
            "전용면적(평)":"22평",
            "법정동주소":"인천시 남동구 만수동 6-21",
            "도로명주소":"인천시 남동구 만수서로 97-14",
            "세대수":0,
            "입주년차":"--",
            "용적률점수":60,
            "건폐율점수":60,
            "세대당주차수":"--",
            "난방방식":"--",
            "공급면적":50,
            "전용률":60,
            "욕실수":"--",
            "현관타입":"--",
            "주거총점":41.5,
            "지역구공급총점":100.0,
            "역세권":50,
            "30분내 이동가능 거점":0,
            "1시간내 이동가능 거점":10,
            "교통총점":27.0,
            "백화점":0,
            "아울렛몰":0,
            "대형마트":0,
            "은행":0,
            "병원":80,
            "종합병원":100,
            "공원":100,
            "혐오시설":0,
            "인프라총점":31.0,
            "초등학군":87.4,
            "중학군":46.6,
            "학군총점":54.76,
            "인구수":60.53,
            "인구증감":-11.65,
            "인구총점":38.876,
            "일자리":29.7,
            "소득수준":60.47,
            "일자리총점":38.931,
            "가치 총점":35.264,
            "매매실거래년":20210510.0,
            "매매실거래가":19000.0,
            "전세실거래년":20190420.0,
            "전세실거래가":9000.0,
            "전세가율":67.92,
            "장기전세가율평균":72.18,
            "전세가율거품지수":4.26,
            "검색코드":9018,
            "세대수":132.0,
            "준공년월":"1991-04-13",
            "준공년차":32.0,
            "가까운역이름":"만수",
            "가까운역거리":905.87,
            "역세권여부":"준역세권",
            "30분이내주요거점역":0,
            "1시간이내주요거점역":1,
            "3km이내백화점수":0,
            "5km이내아울렛몰수":0,
            "1km이내대형먀트수":0,
            "500m이내은행수":0,
            "500m이내병원수":31,
            "5km이내대형병원수":5,
            "500m이내공원수":5,
            "3km이내혐오시설수":0,
            "초등학교학업성취도":87.4,
            "중학교학업성취도":76.0,
            "용적률":194,
            "건폐율":33,
            "Y":37.461788,
            "X":126.737596,
            "rank":116.0,
            "area_info":"22평(73.23), 30평(99.53), 30평(101.45), 31평(103.47), 31평(105.09)",
            "last_sales":"2021-05-10,19000.0,31평(105.09)"
        },
        {
            "index":583,
            "아파트명":"별빛마을대성유니드",
            "투자타입":"일반",
            "전용면적(m2)":"84.66",
            "전용면적(평)":"25평",
            "법정동주소":"인천시 남동구 만수동 844-1",
            "도로명주소":"인천시 남동구 서판로 30",
            "세대수":30,
            "입주년차":40,
            "용적률점수":"--",
            "건폐율점수":"--",
            "세대당주차수":30,
            "난방방식":30,
            "공급면적":"--",
            "전용률":"--",
            "욕실수":100,
            "현관타입":100,
            "주거총점":46.0,
            "지역구공급총점":100.0,
            "역세권":50,
            "30분내 이동가능 거점":0,
            "1시간내 이동가능 거점":10,
            "교통총점":27.0,
            "백화점":0,
            "아울렛몰":0,
            "대형마트":0,
            "은행":0,
            "병원":60,
            "종합병원":100,
            "공원":100,
            "혐오시설":0,
            "인프라총점":29.0,
            "초등학군":85.89,
            "중학군":42.2,
            "학군총점":50.938,
            "인구수":60.53,
            "인구증감":-11.65,
            "인구총점":38.876,
            "일자리":29.7,
            "소득수준":60.47,
            "일자리총점":38.931,
            "가치 총점":34.9907,
            "매매실거래년":20210903.0,
            "매매실거래가":35200.0,
            "전세실거래년":20211127.0,
            "전세실거래가":27000.0,
            "전세가율":76.7,
            "장기전세가율평균":72.18,
            "전세가율거품지수":-4.52,
            "검색코드":18915,
            "세대수":364.0,
            "준공년월":"2006-09-04",
            "준공년차":17.0,
            "가까운역이름":"모래내시장",
            "가까운역거리":963.12,
            "역세권여부":"준역세권",
            "30분이내주요거점역":0,
            "1시간이내주요거점역":1,
            "3km이내백화점수":0,
            "5km이내아울렛몰수":0,
            "1km이내대형먀트수":0,
            "500m이내은행수":1,
            "500m이내병원수":17,
            "5km이내대형병원수":6,
            "500m이내공원수":7,
            "3km이내혐오시설수":0,
            "초등학교학업성취도":85.89,
            "중학교학업성취도":68.4,
            "용적률":249,
            "건폐율":19,
            "Y":37.463598,
            "X":126.724125,
            "rank":117.0,
            "area_info":"25평(84.66), 34평(112.73)",
            "last_sales":"2021-09-03,35200.0,25평(84.66)"
        },
        {
            "index":789,
            "아파트명":"태평2차",
            "투자타입":"일반",
            "전용면적(m2)":"77.6",
            "전용면적(평)":"23평",
            "법정동주소":"인천시 남동구 서창동 538",
            "도로명주소":"인천시 남동구 장아산로 181",
            "세대수":50,
            "입주년차":0,
            "용적률점수":"--",
            "건폐율점수":"--",
            "세대당주차수":30,
            "난방방식":100,
            "공급면적":"--",
            "전용률":"--",
            "욕실수":50,
            "현관타입":100,
            "주거총점":47.0,
            "지역구공급총점":100.0,
            "역세권":50,
            "30분내 이동가능 거점":0,
            "1시간내 이동가능 거점":0,
            "교통총점":25.0,
            "백화점":0,
            "아울렛몰":0,
            "대형마트":0,
            "은행":0,
            "병원":30,
            "종합병원":100,
            "공원":100,
            "혐오시설":0,
            "인프라총점":26.0,
            "초등학군":86.77,
            "중학군":52.44,
            "학군총점":59.306,
            "인구수":60.53,
            "인구증감":-11.65,
            "인구총점":38.876,
            "일자리":29.7,
            "소득수준":60.47,
            "일자리총점":38.931,
            "가치 총점":34.8459,
            "매매실거래년":20211104.0,
            "매매실거래가":44750.0,
            "전세실거래년":20210801.0,
            "전세실거래가":23000.0,
            "전세가율":70.77,
            "장기전세가율평균":72.18,
            "전세가율거품지수":1.41,
            "검색코드":9819,
            "세대수":577.0,
            "준공년월":"1997-12-23",
            "준공년차":26.0,
            "가까운역이름":"운연",
            "가까운역거리":850.75,
            "역세권여부":"준역세권",
            "30분이내주요거점역":0,
            "1시간이내주요거점역":0,
            "3km이내백화점수":0,
            "5km이내아울렛몰수":0,
            "1km이내대형먀트수":0,
            "500m이내은행수":0,
            "500m이내병원수":5,
            "5km이내대형병원수":3,
            "500m이내공원수":4,
            "3km이내혐오시설수":0,
            "초등학교학업성취도":86.77,
            "중학교학업성취도":86.0,
            "용적률":0,
            "건폐율":0,
            "Y":37.435659,
            "X":126.752148,
            "rank":118.0,
            "area_info":"23평(77.6), 28평(93.7), 33평(109.49), 43평(144.44), 54평(181.15), 63평(210.55)",
            "last_sales":"2021-11-04,44750.0,43평(144.44)"
        },
        {
            "index":488,
            "아파트명":"한라",
            "투자타입":"일반",
            "전용면적(m2)":"82.5",
            "전용면적(평)":"24평",
            "법정동주소":"인천시 남동구 논현동 549",
            "도로명주소":"인천시 남동구 포구로 64-6",
            "세대수":0,
            "입주년차":0,
            "용적률점수":"--",
            "건폐율점수":"--",
            "세대당주차수":0,
            "난방방식":30,
            "공급면적":"--",
            "전용률":"--",
            "욕실수":50,
            "현관타입":10,
            "주거총점":9.0,
            "지역구공급총점":100.0,
            "역세권":50,
            "30분내 이동가능 거점":40,
            "1시간내 이동가능 거점":30,
            "교통총점":43.0,
            "백화점":0,
            "아울렛몰":80,
            "대형마트":0,
            "은행":0,
            "병원":30,
            "종합병원":80,
            "공원":100,
            "혐오시설":0,
            "인프라총점":30.0,
            "초등학군":91.5,
            "중학군":52.08,
            "학군총점":59.964,
            "인구수":60.53,
            "인구증감":-11.65,
            "인구총점":38.876,
            "일자리":29.7,
            "소득수준":60.47,
            "일자리총점":38.931,
            "가치 총점":34.8446,
            "매매실거래년":20210912.0,
            "매매실거래가":24900.0,
            "전세실거래년":20211108.0,
            "전세실거래가":14100.0,
            "전세가율":56.63,
            "장기전세가율평균":72.18,
            "전세가율거품지수":15.55,
            "검색코드":8145,
            "세대수":288.0,
            "준공년월":"1996-02-29",
            "준공년차":27.0,
            "가까운역이름":"소래포구",
            "가까운역거리":515.54,
            "역세권여부":"준역세권",
            "30분이내주요거점역":2,
            "1시간이내주요거점역":3,
            "3km이내백화점수":0,
            "5km이내아울렛몰수":1,
            "1km이내대형먀트수":0,
            "500m이내은행수":1,
            "500m이내병원수":7,
            "5km이내대형병원수":1,
            "500m이내공원수":4,
            "3km이내혐오시설수":0,
            "초등학교학업성취도":91.5,
            "중학교학업성취도":84.2,
            "용적률":354,
            "건폐율":23,
            "Y":37.404266,
            "X":126.737601,
            "rank":119.0,
            "area_info":"24평(82.5)",
            "last_sales":"2021-09-12,24900.0,24평(82.5)"
        },
        {
            "index":768,
            "아파트명":"에코에비뉴",
            "투자타입":"일반",
            "전용면적(m2)":"101.14",
            "전용면적(평)":"30평",
            "법정동주소":"인천시 남동구 서창동 695",
            "도로명주소":"인천시 남동구 서창남순환로 190-100",
            "세대수":80,
            "입주년차":80,
            "용적률점수":"--",
            "건폐율점수":"--",
            "세대당주차수":30,
            "난방방식":100,
            "공급면적":"--",
            "전용률":"--",
            "욕실수":100,
            "현관타입":100,
            "주거총점":78.5,
            "지역구공급총점":100.0,
            "역세권":0,
            "30분내 이동가능 거점":0,
            "1시간내 이동가능 거점":20,
            "교통총점":4.0,
            "백화점":0,
            "아울렛몰":80,
            "대형마트":0,
            "은행":0,
            "병원":10,
            "종합병원":100,
            "공원":100,
            "혐오시설":0,
            "인프라총점":32.0,
            "초등학군":85.01,
            "중학군":43.32,
            "학군총점":51.658,
            "인구수":60.53,
            "인구증감":-11.65,
            "인구총점":38.876,
            "일자리":29.7,
            "소득수준":60.47,
            "일자리총점":38.931,
            "가치 총점":34.4487,
            "매매실거래년":20220111.0,
            "매매실거래가":53500.0,
            "전세실거래년":20211201.0,
            "전세실거래가":36000.0,
            "전세가율":76.6,
            "장기전세가율평균":72.18,
            "전세가율거품지수":-4.42,
            "검색코드":106190,
            "세대수":855.0,
            "준공년월":"2014-07-22",
            "준공년차":9.0,
            "가까운역이름":"운연",
            "가까운역거리":2369.04,
            "역세권여부":"비역세권",
            "30분이내주요거점역":0,
            "1시간이내주요거점역":2,
            "3km이내백화점수":0,
            "5km이내아울렛몰수":1,
            "1km이내대형먀트수":0,
            "500m이내은행수":0,
            "500m이내병원수":3,
            "5km이내대형병원수":3,
            "500m이내공원수":4,
            "3km이내혐오시설수":0,
            "초등학교학업성취도":85.01,
            "중학교학업성취도":72.2,
            "용적률":197,
            "건폐율":15,
            "Y":37.424307,
            "X":126.741999,
            "rank":120.0,
            "area_info":"30평(101.14), 30평(101.18), 34평(114.7), 34평(114.64), 34평(114.74), 34평(114.67)",
            "last_sales":"2022-01-11,53500.0,34평(114.74)"
        },
        {
            "index":798,
            "아파트명":"호반베르디움",
            "투자타입":"일반",
            "전용면적(m2)":"111.86",
            "전용면적(평)":"33평",
            "법정동주소":"인천시 남동구 서창동 702",
            "도로명주소":"인천시 남동구 서창남순환로 200",
            "세대수":50,
            "입주년차":80,
            "용적률점수":"--",
            "건폐율점수":"--",
            "세대당주차수":30,
            "난방방식":100,
            "공급면적":"--",
            "전용률":"--",
            "욕실수":100,
            "현관타입":100,
            "주거총점":68.0,
            "지역구공급총점":100.0,
            "역세권":0,
            "30분내 이동가능 거점":0,
            "1시간내 이동가능 거점":20,
            "교통총점":4.0,
            "백화점":0,
            "아울렛몰":80,
            "대형마트":0,
            "은행":0,
            "병원":80,
            "종합병원":100,
            "공원":100,
            "혐오시설":0,
            "인프라총점":39.0,
            "초등학군":85.01,
            "중학군":43.32,
            "학군총점":51.658,
            "인구수":60.53,
            "인구증감":-11.65,
            "인구총점":38.876,
            "일자리":29.7,
            "소득수준":60.47,
            "일자리총점":38.931,
            "가치 총점":34.4487,
            "매매실거래년":20211122.0,
            "매매실거래가":70000.0,
            "전세실거래년":20210729.0,
            "전세실거래가":26000.0,
            "전세가율":37.14,
            "장기전세가율평균":72.18,
            "전세가율거품지수":35.04,
            "검색코드":110312,
            "세대수":600.0,
            "준공년월":"2017-07-04",
            "준공년차":6.0,
            "가까운역이름":"운연",
            "가까운역거리":2210.97,
            "역세권여부":"비역세권",
            "30분이내주요거점역":0,
            "1시간이내주요거점역":2,
            "3km이내백화점수":0,
            "5km이내아울렛몰수":1,
            "1km이내대형먀트수":0,
            "500m이내은행수":0,
            "500m이내병원수":30,
            "5km이내대형병원수":3,
            "500m이내공원수":3,
            "3km이내혐오시설수":0,
            "초등학교학업성취도":85.01,
            "중학교학업성취도":72.2,
            "용적률":179,
            "건폐율":15,
            "Y":37.422894,
            "X":126.747479,
            "rank":120.0,
            "area_info":"33평(111.86), 34평(114.47)",
            "last_sales":"2021-11-22,70000.0,33평(111.86)"
        },
        {
            "index":416,
            "아파트명":"에코메트로10단지한화꿈에그린",
            "투자타입":"일반",
            "전용면적(m2)":"154.96",
            "전용면적(평)":"46평",
            "법정동주소":"인천시 남동구 논현동 773-1",
            "도로명주소":"인천시 남동구 아암대로1503번길 21",
            "세대수":50,
            "입주년차":60,
            "용적률점수":"--",
            "건폐율점수":"--",
            "세대당주차수":80,
            "난방방식":100,
            "공급면적":"--",
            "전용률":"--",
            "욕실수":100,
            "현관타입":100,
            "주거총점":71.5,
            "지역구공급총점":100.0,
            "역세권":0,
            "30분내 이동가능 거점":0,
            "1시간내 이동가능 거점":20,
            "교통총점":4.0,
            "백화점":0,
            "아울렛몰":80,
            "대형마트":0,
            "은행":0,
            "병원":10,
            "종합병원":100,
            "공원":100,
            "혐오시설":0,
            "인프라총점":32.0,
            "초등학군":91.52,
            "중학군":53.26,
            "학군총점":60.912,
            "인구수":60.53,
            "인구증감":-11.65,
            "인구총점":38.876,
            "일자리":29.7,
            "소득수준":60.47,
            "일자리총점":38.931,
            "가치 총점":34.4368,
            "매매실거래년":20211105.0,
            "매매실거래가":90000.0,
            "전세실거래년":20211111.0,
            "전세실거래가":39900.0,
            "전세가율":44.33,
            "장기전세가율평균":72.18,
            "전세가율거품지수":27.85,
            "검색코드":26169,
            "세대수":556.0,
            "준공년월":"2010-12-24",
            "준공년차":13.0,
            "가까운역이름":"소래포구",
            "가까운역거리":1192.39,
            "역세권여부":"비역세권",
            "30분이내주요거점역":0,
            "1시간이내주요거점역":2,
            "3km이내백화점수":0,
            "5km이내아울렛몰수":1,
            "1km이내대형먀트수":0,
            "500m이내은행수":1,
            "500m이내병원수":4,
            "5km이내대형병원수":2,
            "500m이내공원수":3,
            "3km이내혐오시설수":0,
            "초등학교학업성취도":91.52,
            "중학교학업성취도":85.9,
            "용적률":198,
            "건폐율":10,
            "Y":37.390969,
            "X":126.728587,
            "rank":121.0,
            "area_info":"46평(154.96), 56평(187.09), 67평(221.63), 75평(250.98)",
            "last_sales":"2021-11-05,90000.0,46평(154.96)"
        },
        {
            "index":512,
            "아파트명":"금호타운",
            "투자타입":"재건축",
            "전용면적(m2)":"122.38",
            "전용면적(평)":"37평",
            "법정동주소":"인천시 남동구 만수동 1048",
            "도로명주소":"인천시 남동구 담방로 22-16",
            "세대수":50,
            "입주년차":"--",
            "용적률점수":0,
            "건폐율점수":0,
            "세대당주차수":"--",
            "난방방식":"--",
            "공급면적":100,
            "전용률":80,
            "욕실수":"--",
            "현관타입":"--",
            "주거총점":24.0,
            "지역구공급총점":100.0,
            "역세권":50,
            "30분내 이동가능 거점":0,
            "1시간내 이동가능 거점":10,
            "교통총점":27.0,
            "백화점":0,
            "아울렛몰":0,
            "대형마트":80,
            "은행":0,
            "병원":60,
            "종합병원":100,
            "공원":100,
            "혐오시설":0,
            "인프라총점":41.0,
            "초등학군":86.96,
            "중학군":43.38,
            "학군총점":52.096,
            "인구수":60.53,
            "인구증감":-11.65,
            "인구총점":38.876,
            "일자리":29.7,
            "소득수준":60.47,
            "일자리총점":38.931,
            "가치 총점":34.3644,
            "매매실거래년":20220105.0,
            "매매실거래가":47300.0,
            "전세실거래년":20210709.0,
            "전세실거래가":23000.0,
            "전세가율":48.42,
            "장기전세가율평균":72.18,
            "전세가율거품지수":23.76,
            "검색코드":2301,
            "세대수":414.0,
            "준공년월":"1992-10-05",
            "준공년차":31.0,
            "가까운역이름":"남동구청",
            "가까운역거리":839.05,
            "역세권여부":"준역세권",
            "30분이내주요거점역":0,
            "1시간이내주요거점역":1,
            "3km이내백화점수":0,
            "5km이내아울렛몰수":0,
            "1km이내대형먀트수":1,
            "500m이내은행수":1,
            "500m이내병원수":25,
            "5km이내대형병원수":4,
            "500m이내공원수":3,
            "3km이내혐오시설수":0,
            "초등학교학업성취도":86.96,
            "중학교학업성취도":71.5,
            "용적률":236,
            "건폐율":0,
            "Y":37.440876,
            "X":126.739416,
            "rank":122.0,
            "area_info":"37평(122.38), 44평(146.21), 50평(165.56)",
            "last_sales":"2022-01-05,47300.0,44평(146.21)"
        },
        {
            "index":774,
            "아파트명":"이편한세상서창",
            "투자타입":"일반",
            "전용면적(m2)":"109.46",
            "전용면적(평)":"33평",
            "법정동주소":"인천시 남동구 서창동 685",
            "도로명주소":"인천시 남동구 서창남순환로 9",
            "세대수":80,
            "입주년차":80,
            "용적률점수":"--",
            "건폐율점수":"--",
            "세대당주차수":30,
            "난방방식":100,
            "공급면적":"--",
            "전용률":"--",
            "욕실수":100,
            "현관타입":100,
            "주거총점":78.5,
            "지역구공급총점":100.0,
            "역세권":0,
            "30분내 이동가능 거점":0,
            "1시간내 이동가능 거점":20,
            "교통총점":4.0,
            "백화점":0,
            "아울렛몰":0,
            "대형마트":0,
            "은행":0,
            "병원":80,
            "종합병원":100,
            "공원":100,
            "혐오시설":0,
            "인프라총점":31.0,
            "초등학군":89.59,
            "중학군":43.32,
            "학군총점":52.574,
            "인구수":60.53,
            "인구증감":-11.65,
            "인구총점":38.876,
            "일자리":29.7,
            "소득수준":60.47,
            "일자리총점":38.931,
            "가치 총점":34.2861,
            "매매실거래년":20211031.0,
            "매매실거래가":65000.0,
            "전세실거래년":20220115.0,
            "전세실거래가":44000.0,
            "전세가율":64.52,
            "장기전세가율평균":72.18,
            "전세가율거품지수":7.66,
            "검색코드":110151,
            "세대수":835.0,
            "준공년월":"2017-06-21",
            "준공년차":6.0,
            "가까운역이름":"운연",
            "가까운역거리":1778.66,
            "역세권여부":"비역세권",
            "30분이내주요거점역":0,
            "1시간이내주요거점역":2,
            "3km이내백화점수":0,
            "5km이내아울렛몰수":0,
            "1km이내대형먀트수":0,
            "500m이내은행수":0,
            "500m이내병원수":31,
            "5km이내대형병원수":3,
            "500m이내공원수":5,
            "3km이내혐오시설수":0,
            "초등학교학업성취도":89.59,
            "중학교학업성취도":72.2,
            "용적률":187,
            "건폐율":15,
            "Y":37.426172,
            "X":126.750124,
            "rank":123.0,
            "area_info":"33평(109.46), 33평(110.44), 33평(110.43)",
            "last_sales":"2021-10-31,65000.0,33평(110.44)"
        },
        {
            "index":341,
            "아파트명":"남촌풍림1차",
            "투자타입":"일반",
            "전용면적(m2)":"78.66",
            "전용면적(평)":"23평",
            "법정동주소":"인천시 남동구 남촌동 320-2",
            "도로명주소":"인천시 남동구 남촌동로15번길 21",
            "세대수":50,
            "입주년차":0,
            "용적률점수":"--",
            "건폐율점수":"--",
            "세대당주차수":30,
            "난방방식":30,
            "공급면적":"--",
            "전용률":"--",
            "욕실수":50,
            "현관타입":100,
            "주거총점":40.0,
            "지역구공급총점":100.0,
            "역세권":0,
            "30분내 이동가능 거점":0,
            "1시간내 이동가능 거점":20,
            "교통총점":4.0,
            "백화점":100,
            "아울렛몰":0,
            "대형마트":0,
            "은행":0,
            "병원":30,
            "종합병원":100,
            "공원":100,
            "혐오시설":0,
            "인프라총점":56.0,
            "초등학군":87.99,
            "중학군":43.76,
            "학군총점":52.606,
            "인구수":60.53,
            "인구증감":-11.65,
            "인구총점":38.876,
            "일자리":29.7,
            "소득수준":60.47,
            "일자리총점":38.931,
            "가치 총점":34.0909,
            "매매실거래년":20211222.0,
            "매매실거래가":29500.0,
            "전세실거래년":20210819.0,
            "전세실거래가":20000.0,
            "전세가율":67.8,
            "장기전세가율평균":72.18,
            "전세가율거품지수":4.38,
            "검색코드":8856,
            "세대수":421.0,
            "준공년월":"1998-03-23",
            "준공년차":25.0,
            "가까운역이름":"선학",
            "가까운역거리":1729.54,
            "역세권여부":"비역세권",
            "30분이내주요거점역":0,
            "1시간이내주요거점역":2,
            "3km이내백화점수":1,
            "5km이내아울렛몰수":0,
            "1km이내대형먀트수":0,
            "500m이내은행수":0,
            "500m이내병원수":6,
            "5km이내대형병원수":4,
            "500m이내공원수":3,
            "3km이내혐오시설수":0,
            "초등학교학업성취도":87.99,
            "중학교학업성취도":71.6,
            "용적률":296,
            "건폐율":24,
            "Y":37.430822,
            "X":126.717744,
            "rank":124.0,
            "area_info":"23평(78.66), 31평(105.27)",
            "last_sales":"2021-12-22,29500.0,23평(78.66)"
        },
        {
            "index":120,
            "아파트명":"팬더",
            "투자타입":"재건축",
            "전용면적(m2)":"47.2",
            "전용면적(평)":"14평",
            "법정동주소":"인천시 남동구 간석동 775-1",
            "도로명주소":"인천시 남동구",
            "세대수":0,
            "입주년차":"--",
            "용적률점수":0,
            "건폐율점수":0,
            "세대당주차수":"--",
            "난방방식":"--",
            "공급면적":50,
            "전용률":60,
            "욕실수":"--",
            "현관타입":"--",
            "주거총점":5.5,
            "지역구공급총점":100.0,
            "역세권":80,
            "30분내 이동가능 거점":0,
            "1시간내 이동가능 거점":70,
            "교통총점":54.0,
            "백화점":0,
            "아울렛몰":0,
            "대형마트":0,
            "은행":0,
            "병원":10,
            "종합병원":100,
            "공원":80,
            "혐오시설":0,
            "인프라총점":23.4,
            "초등학군":88.01,
            "중학군":31.96,
            "학군총점":43.17,
            "인구수":60.53,
            "인구증감":-11.65,
            "인구총점":38.876,
            "일자리":29.7,
            "소득수준":60.47,
            "일자리총점":38.931,
            "가치 총점":33.4955,
            "매매실거래년":20210908.0,
            "매매실거래가":13800.0,
            "전세실거래년":20200903.0,
            "전세실거래가":5500.0,
            "전세가율":79.71,
            "장기전세가율평균":72.18,
            "전세가율거품지수":-7.53,
            "검색코드":102976,
            "세대수":246.0,
            "준공년월":"1988-06-03",
            "준공년차":35.0,
            "가까운역이름":"부평삼거리",
            "가까운역거리":357.31,
            "역세권여부":"역세권",
            "30분이내주요거점역":0,
            "1시간이내주요거점역":7,
            "3km이내백화점수":0,
            "5km이내아울렛몰수":0,
            "1km이내대형먀트수":0,
            "500m이내은행수":0,
            "500m이내병원수":2,
            "5km이내대형병원수":7,
            "500m이내공원수":1,
            "3km이내혐오시설수":0,
            "초등학교학업성취도":88.01,
            "중학교학업성취도":52.4,
            "용적률":0,
            "건폐율":0,
            "Y":37.474468,
            "X":126.710363,
            "rank":125.0,
            "area_info":"14평(47.2), 15평(50.35), 15평(52.88), 17평(57.88), 19평(65.24)",
            "last_sales":"2021-09-08,13800.0,19평(65.24)"
        },
        {
            "index":577,
            "아파트명":"만수주공6단지",
            "투자타입":"재건축",
            "전용면적(m2)":"43.92",
            "전용면적(평)":"13평",
            "법정동주소":"인천시 남동구 만수동 20",
            "도로명주소":"인천시 남동구 만수로50번길 19",
            "세대수":80,
            "입주년차":"--",
            "용적률점수":0,
            "건폐율점수":0,
            "세대당주차수":"--",
            "난방방식":"--",
            "공급면적":50,
            "전용률":80,
            "욕실수":"--",
            "현관타입":"--",
            "주거총점":30.5,
            "지역구공급총점":100.0,
            "역세권":50,
            "30분내 이동가능 거점":0,
            "1시간내 이동가능 거점":10,
            "교통총점":27.0,
            "백화점":0,
            "아울렛몰":0,
            "대형마트":0,
            "은행":0,
            "병원":80,
            "종합병원":100,
            "공원":100,
            "혐오시설":0,
            "인프라총점":31.0,
            "초등학군":86.95,
            "중학군":46.6,
            "학군총점":54.67,
            "인구수":60.53,
            "인구증감":-11.65,
            "인구총점":38.876,
            "일자리":29.7,
            "소득수준":60.47,
            "일자리총점":38.931,
            "가치 총점":33.0505,
            "매매실거래년":20220114.0,
            "매매실거래가":23000.0,
            "전세실거래년":20220107.0,
            "전세실거래가":8000.0,
            "전세가율":34.78,
            "장기전세가율평균":72.18,
            "전세가율거품지수":37.4,
            "검색코드":2316,
            "세대수":800.0,
            "준공년월":"1986-10-27",
            "준공년차":37.0,
            "가까운역이름":"만수",
            "가까운역거리":711.86,
            "역세권여부":"준역세권",
            "30분이내주요거점역":0,
            "1시간이내주요거점역":1,
            "3km이내백화점수":0,
            "5km이내아울렛몰수":0,
            "1km이내대형먀트수":0,
            "500m이내은행수":0,
            "500m이내병원수":34,
            "5km이내대형병원수":5,
            "500m이내공원수":4,
            "3km이내혐오시설수":0,
            "초등학교학업성취도":86.95,
            "중학교학업성취도":76.0,
            "용적률":0,
            "건폐율":0,
            "Y":37.460324,
            "X":126.7364,
            "rank":126.0,
            "area_info":"13평(43.92), 15평(52.65)",
            "last_sales":"2022-01-14,23000.0,13평(43.92)"
        },
        {
            "index":702,
            "아파트명":"LH청아안",
            "투자타입":"일반",
            "전용면적(m2)":"82.8",
            "전용면적(평)":"25평",
            "법정동주소":"인천시 남동구 서창동 639",
            "도로명주소":"인천시 남동구 서창남순환로 110",
            "세대수":80,
            "입주년차":80,
            "용적률점수":"--",
            "건폐율점수":"--",
            "세대당주차수":30,
            "난방방식":100,
            "공급면적":"--",
            "전용률":"--",
            "욕실수":100,
            "현관타입":100,
            "주거총점":78.5,
            "지역구공급총점":100.0,
            "역세권":0,
            "30분내 이동가능 거점":0,
            "1시간내 이동가능 거점":20,
            "교통총점":4.0,
            "백화점":0,
            "아울렛몰":0,
            "대형마트":0,
            "은행":0,
            "병원":0,
            "종합병원":100,
            "공원":100,
            "혐오시설":0,
            "인프라총점":23.0,
            "초등학군":86.86,
            "중학군":52.44,
            "학군총점":59.324,
            "인구수":60.53,
            "인구증감":-11.65,
            "인구총점":38.876,
            "일자리":29.7,
            "소득수준":60.47,
            "일자리총점":38.931,
            "가치 총점":32.8986,
            "매매실거래년":"18000101",
            "매매실거래가":null,
            "전세실거래년":null,
            "전세실거래가":null,
            "전세가율":null,
            "장기전세가율평균":72.18,
            "전세가율거품지수":null,
            "검색코드":145077,
            "세대수":742.0,
            "준공년월":"2016-03-09",
            "준공년차":7.0,
            "가까운역이름":"운연",
            "가까운역거리":1652.01,
            "역세권여부":"비역세권",
            "30분이내주요거점역":0,
            "1시간이내주요거점역":2,
            "3km이내백화점수":0,
            "5km이내아울렛몰수":0,
            "1km이내대형먀트수":0,
            "500m이내은행수":0,
            "500m이내병원수":1,
            "5km이내대형병원수":3,
            "500m이내공원수":3,
            "3km이내혐오시설수":0,
            "초등학교학업성취도":86.86,
            "중학교학업성취도":86.0,
            "용적률":154,
            "건폐율":17,
            "Y":37.430804,
            "X":126.745402,
            "rank":127.0,
            "area_info":"25평(82.8), 30평(100.54), 30평(100.54), 30평(100.23), 30평(100.49), 34평(113.93), 34평(113.98), 34평(113.64)",
            "last_sales":"1800-01-01,nan,25평(82.8)"
        },
        {
            "index":343,
            "아파트명":"남촌풍림2차",
            "투자타입":"일반",
            "전용면적(m2)":"77.38",
            "전용면적(평)":"23평",
            "법정동주소":"인천시 남동구 남촌동 391-3",
            "도로명주소":"인천시 남동구 남촌동로 8",
            "세대수":30,
            "입주년차":20,
            "용적률점수":"--",
            "건폐율점수":"--",
            "세대당주차수":30,
            "난방방식":30,
            "공급면적":"--",
            "전용률":"--",
            "욕실수":50,
            "현관타입":100,
            "주거총점":37.0,
            "지역구공급총점":100.0,
            "역세권":0,
            "30분내 이동가능 거점":0,
            "1시간내 이동가능 거점":10,
            "교통총점":2.0,
            "백화점":100,
            "아울렛몰":0,
            "대형마트":0,
            "은행":0,
            "병원":30,
            "종합병원":100,
            "공원":100,
            "혐오시설":0,
            "인프라총점":56.0,
            "초등학군":87.99,
            "중학군":43.76,
            "학군총점":52.606,
            "인구수":60.53,
            "인구증감":-11.65,
            "인구총점":38.876,
            "일자리":29.7,
            "소득수준":60.47,
            "일자리총점":38.931,
            "가치 총점":32.7909,
            "매매실거래년":20210903.0,
            "매매실거래가":39800.0,
            "전세실거래년":20211215.0,
            "전세실거래가":21000.0,
            "전세가율":106.6,
            "장기전세가율평균":72.18,
            "전세가율거품지수":-34.42,
            "검색코드":8857,
            "세대수":319.0,
            "준공년월":"2000-07-22",
            "준공년차":23.0,
            "가까운역이름":"문학경기장",
            "가까운역거리":1732.09,
            "역세권여부":"비역세권",
            "30분이내주요거점역":0,
            "1시간이내주요거점역":1,
            "3km이내백화점수":1,
            "5km이내아울렛몰수":0,
            "1km이내대형먀트수":0,
            "500m이내은행수":0,
            "500m이내병원수":6,
            "5km이내대형병원수":4,
            "500m이내공원수":2,
            "3km이내혐오시설수":0,
            "초등학교학업성취도":87.99,
            "중학교학업성취도":71.6,
            "용적률":285,
            "건폐율":22,
            "Y":37.432103,
            "X":126.717869,
            "rank":128.0,
            "area_info":"23평(77.38), 33평(109.99), 33평(109.41), 43평(142.35), 43평(142.31)",
            "last_sales":"2021-09-03,39800.0,43평(142.35)"
        },
        {
            "index":374,
            "아파트명":"논현유승한내들",
            "투자타입":"일반",
            "전용면적(m2)":"84.48",
            "전용면적(평)":"25평",
            "법정동주소":"인천시 남동구 논현동 764-4",
            "도로명주소":"인천시 남동구 에코중앙로66번길 6",
            "세대수":30,
            "입주년차":80,
            "용적률점수":"--",
            "건폐율점수":"--",
            "세대당주차수":30,
            "난방방식":100,
            "공급면적":"--",
            "전용률":"--",
            "욕실수":100,
            "현관타입":100,
            "주거총점":61.0,
            "지역구공급총점":100.0,
            "역세권":0,
            "30분내 이동가능 거점":0,
            "1시간내 이동가능 거점":20,
            "교통총점":4.0,
            "백화점":0,
            "아울렛몰":80,
            "대형마트":0,
            "은행":0,
            "병원":0,
            "종합병원":100,
            "공원":80,
            "혐오시설":0,
            "인프라총점":30.4,
            "초등학군":93.79,
            "중학군":55.48,
            "학군총점":63.142,
            "인구수":60.53,
            "인구증감":-11.65,
            "인구총점":38.876,
            "일자리":29.7,
            "소득수준":60.47,
            "일자리총점":38.931,
            "가치 총점":32.1913,
            "매매실거래년":20211216.0,
            "매매실거래가":45500.0,
            "전세실거래년":20211014.0,
            "전세실거래가":40000.0,
            "전세가율":87.91,
            "장기전세가율평균":72.18,
            "전세가율거품지수":-15.73,
            "검색코드":112110,
            "세대수":376.0,
            "준공년월":"2018-10-01",
            "준공년차":5.0,
            "가까운역이름":"인천논현",
            "가까운역거리":1763.93,
            "역세권여부":"비역세권",
            "30분이내주요거점역":0,
            "1시간이내주요거점역":2,
            "3km이내백화점수":0,
            "5km이내아울렛몰수":1,
            "1km이내대형먀트수":0,
            "500m이내은행수":0,
            "500m이내병원수":0,
            "5km이내대형병원수":3,
            "500m이내공원수":1,
            "3km이내혐오시설수":0,
            "초등학교학업성취도":93.79,
            "중학교학업성취도":89.0,
            "용적률":299,
            "건폐율":14,
            "Y":37.385156,
            "X":126.717993,
            "rank":129.0,
            "area_info":"25평(84.48), 26평(86.11)",
            "last_sales":"2021-12-16,45500.0,25평(84.48)"
        },
        {
            "index":725,
            "아파트명":"서창센트라스",
            "투자타입":"일반",
            "전용면적(m2)":"101.27",
            "전용면적(평)":"30평",
            "법정동주소":"인천시 남동구 서창동 692",
            "도로명주소":"인천시 남동구 서창남순환로 201",
            "세대수":50,
            "입주년차":80,
            "용적률점수":"--",
            "건폐율점수":"--",
            "세대당주차수":30,
            "난방방식":100,
            "공급면적":"--",
            "전용률":"--",
            "욕실수":100,
            "현관타입":100,
            "주거총점":68.0,
            "지역구공급총점":100.0,
            "역세권":0,
            "30분내 이동가능 거점":0,
            "1시간내 이동가능 거점":20,
            "교통총점":4.0,
            "백화점":0,
            "아울렛몰":0,
            "대형마트":0,
            "은행":0,
            "병원":80,
            "종합병원":100,
            "공원":100,
            "혐오시설":0,
            "인프라총점":31.0,
            "초등학군":85.01,
            "중학군":43.32,
            "학군총점":51.658,
            "인구수":60.53,
            "인구증감":-11.65,
            "인구총점":38.876,
            "일자리":29.7,
            "소득수준":60.47,
            "일자리총점":38.931,
            "가치 총점":32.0487,
            "매매실거래년":20211210.0,
            "매매실거래가":55000.0,
            "전세실거래년":20211218.0,
            "전세실거래가":40000.0,
            "전세가율":72.73,
            "장기전세가율평균":72.18,
            "전세가율거품지수":-0.55,
            "검색코드":104009,
            "세대수":566.0,
            "준공년월":"2014-03-12",
            "준공년차":9.0,
            "가까운역이름":"운연",
            "가까운역거리":2062.56,
            "역세권여부":"비역세권",
            "30분이내주요거점역":0,
            "1시간이내주요거점역":2,
            "3km이내백화점수":0,
            "5km이내아울렛몰수":0,
            "1km이내대형먀트수":0,
            "500m이내은행수":0,
            "500m이내병원수":30,
            "5km이내대형병원수":3,
            "500m이내공원수":6,
            "3km이내혐오시설수":0,
            "초등학교학업성취도":85.01,
            "중학교학업성취도":72.2,
            "용적률":196,
            "건폐율":18,
            "Y":37.425197,
            "X":126.746108,
            "rank":130.0,
            "area_info":"30평(101.27), 30평(101.28), 30평(101.32), 34평(114.85), 34평(114.83), 34평(114.8), 34평(114.74), 34평(114.85), 34평(114.89), 34평(114.8)",
            "last_sales":"2021-12-10,55000.0,34평(114.89)"
        },
        {
            "index":527,
            "아파트명":"대동(5-397)",
            "투자타입":"재건축",
            "전용면적(m2)":"59.23",
            "전용면적(평)":"17평",
            "법정동주소":"인천시 남동구 만수동 5-397",
            "도로명주소":"인천시 남동구 만수서로83번길 63-4",
            "세대수":50,
            "입주년차":"--",
            "용적률점수":80,
            "건폐율점수":80,
            "세대당주차수":"--",
            "난방방식":"--",
            "공급면적":50,
            "전용률":60,
            "욕실수":"--",
            "현관타입":"--",
            "주거총점":68.5,
            "지역구공급총점":100.0,
            "역세권":0,
            "30분내 이동가능 거점":0,
            "1시간내 이동가능 거점":10,
            "교통총점":2.0,
            "백화점":0,
            "아울렛몰":0,
            "대형마트":0,
            "은행":0,
            "병원":60,
            "종합병원":100,
            "공원":100,
            "혐오시설":0,
            "인프라총점":29.0,
            "초등학군":86.95,
            "중학군":50.9,
            "학군총점":58.11,
            "인구수":60.53,
            "인구증감":-11.65,
            "인구총점":38.876,
            "일자리":29.7,
            "소득수준":60.47,
            "일자리총점":38.931,
            "가치 총점":31.8165,
            "매매실거래년":20220103.0,
            "매매실거래가":10500.0,
            "전세실거래년":20211220.0,
            "전세실거래가":10000.0,
            "전세가율":95.24,
            "장기전세가율평균":72.18,
            "전세가율거품지수":-23.06,
            "검색코드":8374,
            "세대수":432.0,
            "준공년월":"1989-10-21",
            "준공년차":34.0,
            "가까운역이름":"만수",
            "가까운역거리":1153.14,
            "역세권여부":"비역세권",
            "30분이내주요거점역":0,
            "1시간이내주요거점역":1,
            "3km이내백화점수":0,
            "5km이내아울렛몰수":0,
            "1km이내대형먀트수":0,
            "500m이내은행수":0,
            "500m이내병원수":19,
            "5km이내대형병원수":6,
            "500m이내공원수":4,
            "3km이내혐오시설수":0,
            "초등학교학업성취도":86.95,
            "중학교학업성취도":82.5,
            "용적률":178,
            "건폐율":29,
            "Y":37.465165,
            "X":126.734046,
            "rank":131.0,
            "area_info":"17평(59.23), 21평(70.31), 22평(74.0), 25평(82.83)",
            "last_sales":"2022-01-03,10500.0,17평(59.23)"
        },
        {
            "index":682,
            "아파트명":"한국공영",
            "투자타입":"재건축",
            "전용면적(m2)":"54.28",
            "전용면적(평)":"16평",
            "법정동주소":"인천시 남동구 만수동 5-295",
            "도로명주소":"인천시 남동구 만수로75번길 35-12",
            "세대수":0,
            "입주년차":"--",
            "용적률점수":100,
            "건폐율점수":80,
            "세대당주차수":"--",
            "난방방식":"--",
            "공급면적":50,
            "전용률":80,
            "욕실수":"--",
            "현관타입":"--",
            "주거총점":62.5,
            "지역구공급총점":100.0,
            "역세권":0,
            "30분내 이동가능 거점":0,
            "1시간내 이동가능 거점":10,
            "교통총점":2.0,
            "백화점":0,
            "아울렛몰":0,
            "대형마트":0,
            "은행":0,
            "병원":80,
            "종합병원":100,
            "공원":100,
            "혐오시설":0,
            "인프라총점":31.0,
            "초등학군":86.95,
            "중학군":50.9,
            "학군총점":58.11,
            "인구수":60.53,
            "인구증감":-11.65,
            "인구총점":38.876,
            "일자리":29.7,
            "소득수준":60.47,
            "일자리총점":38.931,
            "가치 총점":31.2165,
            "매매실거래년":20211210.0,
            "매매실거래가":12500.0,
            "전세실거래년":20211019.0,
            "전세실거래가":6000.0,
            "전세가율":48.0,
            "장기전세가율평균":72.18,
            "전세가율거품지수":24.18,
            "검색코드":9246,
            "세대수":160.0,
            "준공년월":"1983-08-05",
            "준공년차":40.0,
            "가까운역이름":"만수",
            "가까운역거리":1018.87,
            "역세권여부":"비역세권",
            "30분이내주요거점역":0,
            "1시간이내주요거점역":1,
            "3km이내백화점수":0,
            "5km이내아울렛몰수":0,
            "1km이내대형먀트수":0,
            "500m이내은행수":0,
            "500m이내병원수":32,
            "5km이내대형병원수":6,
            "500m이내공원수":4,
            "3km이내혐오시설수":0,
            "초등학교학업성취도":86.95,
            "중학교학업성취도":82.5,
            "용적률":142,
            "건폐율":28,
            "Y":37.463718,
            "X":126.73528,
            "rank":132.0,
            "area_info":"16평(54.28)",
            "last_sales":"2021-12-10,12500.0,16평(54.28)"
        },
        {
            "index":500,
            "아파트명":"도림주공그린빌2단지",
            "투자타입":"일반",
            "전용면적(m2)":"99.67",
            "전용면적(평)":"30평",
            "법정동주소":"인천시 남동구 도림동 630-1",
            "도로명주소":"인천시 남동구 오봉로 33",
            "세대수":50,
            "입주년차":20,
            "용적률점수":"--",
            "건폐율점수":"--",
            "세대당주차수":30,
            "난방방식":100,
            "공급면적":"--",
            "전용률":"--",
            "욕실수":100,
            "현관타입":100,
            "주거총점":56.0,
            "지역구공급총점":100.0,
            "역세권":0,
            "30분내 이동가능 거점":0,
            "1시간내 이동가능 거점":20,
            "교통총점":4.0,
            "백화점":0,
            "아울렛몰":80,
            "대형마트":0,
            "은행":0,
            "병원":10,
            "종합병원":100,
            "공원":100,
            "혐오시설":0,
            "인프라총점":32.0,
            "초등학군":86.87,
            "중학군":52.08,
            "학군총점":59.038,
            "인구수":60.53,
            "인구증감":-11.65,
            "인구총점":38.876,
            "일자리":29.7,
            "소득수준":60.47,
            "일자리총점":38.931,
            "가치 총점":31.0557,
            "매매실거래년":20211125.0,
            "매매실거래가":42700.0,
            "전세실거래년":20210522.0,
            "전세실거래가":28500.0,
            "전세가율":66.74,
            "장기전세가율평균":72.18,
            "전세가율거품지수":5.44,
            "검색코드":8471,
            "세대수":642.0,
            "준공년월":"2003-10-06",
            "준공년차":20.0,
            "가까운역이름":"소래포구",
            "가까운역거리":1909.57,
            "역세권여부":"비역세권",
            "30분이내주요거점역":0,
            "1시간이내주요거점역":2,
            "3km이내백화점수":0,
            "5km이내아울렛몰수":1,
            "1km이내대형먀트수":0,
            "500m이내은행수":0,
            "500m이내병원수":4,
            "5km이내대형병원수":2,
            "500m이내공원수":6,
            "3km이내혐오시설수":0,
            "초등학교학업성취도":86.87,
            "중학교학업성취도":84.2,
            "용적률":201,
            "건폐율":15,
            "Y":37.41777,
            "X":126.72916,
            "rank":133.0,
            "area_info":"30평(99.67), 33평(110.34)",
            "last_sales":"2021-11-25,42700.0,30평(99.67)"
        },
        {
            "index":455,
            "아파트명":"이안더테라스",
            "투자타입":"일반",
            "전용면적(m2)":"119.82",
            "전용면적(평)":"36평",
            "법정동주소":"인천시 남동구 논현동 765-1",
            "도로명주소":"인천시 남동구 에코중앙로84번길 42",
            "세대수":0,
            "입주년차":80,
            "용적률점수":"--",
            "건폐율점수":"--",
            "세대당주차수":60,
            "난방방식":100,
            "공급면적":"--",
            "전용률":"--",
            "욕실수":100,
            "현관타입":100,
            "주거총점":55.0,
            "지역구공급총점":100.0,
            "역세권":0,
            "30분내 이동가능 거점":0,
            "1시간내 이동가능 거점":20,
            "교통총점":4.0,
            "백화점":0,
            "아울렛몰":80,
            "대형마트":0,
            "은행":0,
            "병원":0,
            "종합병원":100,
            "공원":80,
            "혐오시설":0,
            "인프라총점":30.4,
            "초등학군":93.79,
            "중학군":55.48,
            "학군총점":63.142,
            "인구수":60.53,
            "인구증감":-11.65,
            "인구총점":38.876,
            "일자리":29.7,
            "소득수준":60.47,
            "일자리총점":38.931,
            "가치 총점":30.9913,
            "매매실거래년":20170928.0,
            "매매실거래가":53586.0,
            "전세실거래년":null,
            "전세실거래가":null,
            "전세가율":null,
            "장기전세가율평균":72.18,
            "전세가율거품지수":null,
            "검색코드":111610,
            "세대수":298.0,
            "준공년월":"2017-11-30",
            "준공년차":6.0,
            "가까운역이름":"인천논현",
            "가까운역거리":1796.9,
            "역세권여부":"비역세권",
            "30분이내주요거점역":0,
            "1시간이내주요거점역":2,
            "3km이내백화점수":0,
            "5km이내아울렛몰수":1,
            "1km이내대형먀트수":0,
            "500m이내은행수":0,
            "500m이내병원수":0,
            "5km이내대형병원수":2,
            "500m이내공원수":1,
            "3km이내혐오시설수":0,
            "초등학교학업성취도":93.79,
            "중학교학업성취도":89.0,
            "용적률":99,
            "건폐율":35,
            "Y":37.384537,
            "X":126.720421,
            "rank":134.0,
            "area_info":"36평(119.82), 36평(119.82), 40평(134.89), 40평(134.89), 41평(136.11), 41평(136.11)",
            "last_sales":"2017-09-28,53586.0,36평(119.82)"
        },
        {
            "index":628,
            "아파트명":"아주1차",
            "투자타입":"재건축",
            "전용면적(m2)":"49.87",
            "전용면적(평)":"15평",
            "법정동주소":"인천시 남동구 만수동 5-320",
            "도로명주소":"인천시 남동구 만수로105번길 18-18",
            "세대수":0,
            "입주년차":"--",
            "용적률점수":100,
            "건폐율점수":80,
            "세대당주차수":"--",
            "난방방식":"--",
            "공급면적":50,
            "전용률":60,
            "욕실수":"--",
            "현관타입":"--",
            "주거총점":61.5,
            "지역구공급총점":100.0,
            "역세권":0,
            "30분내 이동가능 거점":0,
            "1시간내 이동가능 거점":30,
            "교통총점":6.0,
            "백화점":0,
            "아울렛몰":0,
            "대형마트":0,
            "은행":0,
            "병원":30,
            "종합병원":100,
            "공원":100,
            "혐오시설":0,
            "인프라총점":26.0,
            "초등학군":87.4,
            "중학군":50.9,
            "학군총점":58.2,
            "인구수":60.53,
            "인구증감":-11.65,
            "인구총점":38.876,
            "일자리":29.7,
            "소득수준":60.47,
            "일자리총점":38.931,
            "가치 총점":30.93,
            "매매실거래년":20211227.0,
            "매매실거래가":14000.0,
            "전세실거래년":20211018.0,
            "전세실거래가":6500.0,
            "전세가율":49.24,
            "장기전세가율평균":72.18,
            "전세가율거품지수":22.94,
            "검색코드":8803,
            "세대수":165.0,
            "준공년월":"1986-09-10",
            "준공년차":37.0,
            "가까운역이름":"만수",
            "가까운역거리":1174.84,
            "역세권여부":"비역세권",
            "30분이내주요거점역":0,
            "1시간이내주요거점역":3,
            "3km이내백화점수":0,
            "5km이내아울렛몰수":0,
            "1km이내대형먀트수":0,
            "500m이내은행수":0,
            "500m이내병원수":9,
            "5km이내대형병원수":6,
            "500m이내공원수":3,
            "3km이내혐오시설수":0,
            "초등학교학업성취도":87.4,
            "중학교학업성취도":82.5,
            "용적률":147,
            "건폐율":29,
            "Y":37.464728,
            "X":126.737015,
            "rank":135.0,
            "area_info":"15평(49.87), 15평(52.79), 16평(53.6), 21평(70.52), 22평(73.24)",
            "last_sales":"2021-12-27,14000.0,15평(52.79)"
        },
        {
            "index":783,
            "아파트명":"청광플러스원",
            "투자타입":"일반",
            "전용면적(m2)":"112.14",
            "전용면적(평)":"33평",
            "법정동주소":"인천시 남동구 서창동 640",
            "도로명주소":"인천시 남동구 서창남순환로 82",
            "세대수":50,
            "입주년차":80,
            "용적률점수":"--",
            "건폐율점수":"--",
            "세대당주차수":30,
            "난방방식":100,
            "공급면적":"--",
            "전용률":"--",
            "욕실수":100,
            "현관타입":100,
            "주거총점":68.0,
            "지역구공급총점":100.0,
            "역세권":0,
            "30분내 이동가능 거점":0,
            "1시간내 이동가능 거점":20,
            "교통총점":4.0,
            "백화점":0,
            "아울렛몰":0,
            "대형마트":0,
            "은행":0,
            "병원":0,
            "종합병원":100,
            "공원":100,
            "혐오시설":0,
            "인프라총점":23.0,
            "초등학군":86.86,
            "중학군":52.44,
            "학군총점":59.324,
            "인구수":60.53,
            "인구증감":-11.65,
            "인구총점":38.876,
            "일자리":29.7,
            "소득수준":60.47,
            "일자리총점":38.931,
            "가치 총점":30.7986,
            "매매실거래년":20211111.0,
            "매매실거래가":65000.0,
            "전세실거래년":20220108.0,
            "전세실거래가":29400.0,
            "전세가율":54.44,
            "장기전세가율평균":72.18,
            "전세가율거품지수":17.74,
            "검색코드":110818,
            "세대수":582.0,
            "준공년월":"2017-09-14",
            "준공년차":6.0,
            "가까운역이름":"운연",
            "가까운역거리":1411.27,
            "역세권여부":"비역세권",
            "30분이내주요거점역":0,
            "1시간이내주요거점역":2,
            "3km이내백화점수":0,
            "5km이내아울렛몰수":0,
            "1km이내대형먀트수":0,
            "500m이내은행수":0,
            "500m이내병원수":1,
            "5km이내대형병원수":3,
            "500m이내공원수":7,
            "3km이내혐오시설수":0,
            "초등학교학업성취도":86.86,
            "중학교학업성취도":86.0,
            "용적률":179,
            "건폐율":13,
            "Y":37.431072,
            "X":126.74877,
            "rank":136.0,
            "area_info":"33평(112.14), 34평(112.7), 34평(112.79)",
            "last_sales":"2021-11-11,65000.0,34평(112.7)"
        },
        {
            "index":594,
            "아파트명":"삼익",
            "투자타입":"재건축",
            "전용면적(m2)":"156.94",
            "전용면적(평)":"47평",
            "법정동주소":"인천시 남동구 만수동 1038",
            "도로명주소":"인천시 남동구 장승남로 70-30",
            "세대수":0,
            "입주년차":"--",
            "용적률점수":0,
            "건폐율점수":0,
            "세대당주차수":"--",
            "난방방식":"--",
            "공급면적":100,
            "전용률":80,
            "욕실수":"--",
            "현관타입":"--",
            "주거총점":9.0,
            "지역구공급총점":100.0,
            "역세권":50,
            "30분내 이동가능 거점":0,
            "1시간내 이동가능 거점":0,
            "교통총점":25.0,
            "백화점":0,
            "아울렛몰":0,
            "대형마트":80,
            "은행":0,
            "병원":60,
            "종합병원":100,
            "공원":100,
            "혐오시설":0,
            "인프라총점":41.0,
            "초등학군":86.95,
            "중학군":43.38,
            "학군총점":52.094,
            "인구수":60.53,
            "인구증감":-11.65,
            "인구총점":38.876,
            "일자리":29.7,
            "소득수준":60.47,
            "일자리총점":38.931,
            "가치 총점":30.6641,
            "매매실거래년":20211229.0,
            "매매실거래가":30000.0,
            "전세실거래년":20210806.0,
            "전세실거래가":35000.0,
            "전세가율":70.28,
            "장기전세가율평균":72.18,
            "전세가율거품지수":1.9,
            "검색코드":2304,
            "세대수":256.0,
            "준공년월":"1992-08-31",
            "준공년차":31.0,
            "가까운역이름":"남동구청",
            "가까운역거리":657.77,
            "역세권여부":"준역세권",
            "30분이내주요거점역":0,
            "1시간이내주요거점역":0,
            "3km이내백화점수":0,
            "5km이내아울렛몰수":0,
            "1km이내대형먀트수":1,
            "500m이내은행수":1,
            "500m이내병원수":27,
            "5km이내대형병원수":4,
            "500m이내공원수":5,
            "3km이내혐오시설수":0,
            "초등학교학업성취도":86.95,
            "중학교학업성취도":71.5,
            "용적률":291,
            "건폐율":0,
            "Y":37.442626,
            "X":126.739568,
            "rank":137.0,
            "area_info":"47평(156.94), 57평(189.8)",
            "last_sales":"2021-12-29,30000.0,57평(189.8)"
        },
        {
            "index":588,
            "아파트명":"삼부",
            "투자타입":"재건축",
            "전용면적(m2)":"65.44",
            "전용면적(평)":"19평",
            "법정동주소":"인천시 남동구 만수동 5-305",
            "도로명주소":"인천시 남동구 만수로 98",
            "세대수":0,
            "입주년차":"--",
            "용적률점수":100,
            "건폐율점수":80,
            "세대당주차수":"--",
            "난방방식":"--",
            "공급면적":50,
            "전용률":80,
            "욕실수":"--",
            "현관타입":"--",
            "주거총점":62.5,
            "지역구공급총점":100.0,
            "역세권":0,
            "30분내 이동가능 거점":0,
            "1시간내 이동가능 거점":30,
            "교통총점":6.0,
            "백화점":0,
            "아울렛몰":0,
            "대형마트":0,
            "은행":0,
            "병원":30,
            "종합병원":100,
            "공원":100,
            "혐오시설":0,
            "인프라총점":26.0,
            "초등학군":87.4,
            "중학군":46.6,
            "학군총점":54.76,
            "인구수":60.53,
            "인구증감":-11.65,
            "인구총점":38.876,
            "일자리":29.7,
            "소득수준":60.47,
            "일자리총점":38.931,
            "가치 총점":30.614,
            "매매실거래년":20211020.0,
            "매매실거래가":12500.0,
            "전세실거래년":20210304.0,
            "전세실거래가":7000.0,
            "전세가율":56.0,
            "장기전세가율평균":72.18,
            "전세가율거품지수":16.18,
            "검색코드":9480,
            "세대수":185.0,
            "준공년월":"1984-06-27",
            "준공년차":39.0,
            "가까운역이름":"만수",
            "가까운역거리":1117.33,
            "역세권여부":"비역세권",
            "30분이내주요거점역":0,
            "1시간이내주요거점역":3,
            "3km이내백화점수":0,
            "5km이내아울렛몰수":0,
            "1km이내대형먀트수":0,
            "500m이내은행수":0,
            "500m이내병원수":9,
            "5km이내대형병원수":4,
            "500m이내공원수":3,
            "3km이내혐오시설수":0,
            "초등학교학업성취도":87.4,
            "중학교학업성취도":76.0,
            "용적률":129,
            "건폐율":25,
            "Y":37.463854,
            "X":126.737866,
            "rank":138.0,
            "area_info":"19평(65.44), 21평(71.92), 22평(75.16), 25평(84.34)",
            "last_sales":"2021-10-20,12500.0,19평(65.44)"
        },
        {
            "index":777,
            "아파트명":"인천서창꿈에그린(민간임대)",
            "투자타입":"일반",
            "전용면적(m2)":"93.61",
            "전용면적(평)":"28평",
            "법정동주소":"인천시 남동구 서창동 745",
            "도로명주소":"인천시 남동구 운연천로 11",
            "세대수":90,
            "입주년차":100,
            "용적률점수":"--",
            "건폐율점수":"--",
            "세대당주차수":30,
            "난방방식":30,
            "공급면적":"--",
            "전용률":"--",
            "욕실수":100,
            "현관타입":100,
            "주거총점":79.0,
            "지역구공급총점":100.0,
            "역세권":0,
            "30분내 이동가능 거점":0,
            "1시간내 이동가능 거점":0,
            "교통총점":0.0,
            "백화점":0,
            "아울렛몰":0,
            "대형마트":0,
            "은행":0,
            "병원":0,
            "종합병원":100,
            "공원":100,
            "혐오시설":0,
            "인프라총점":23.0,
            "초등학군":89.59,
            "중학군":43.32,
            "학군총점":52.574,
            "인구수":60.53,
            "인구증감":-11.65,
            "인구총점":38.876,
            "일자리":29.7,
            "소득수준":60.47,
            "일자리총점":38.931,
            "가치 총점":30.5861,
            "매매실거래년":"18000101",
            "매매실거래가":null,
            "전세실거래년":null,
            "전세실거래가":null,
            "전세가율":null,
            "장기전세가율평균":72.18,
            "전세가율거품지수":null,
            "검색코드":123510,
            "세대수":1212.0,
            "준공년월":"2019-02-26",
            "준공년차":4.0,
            "가까운역이름":"운연",
            "가까운역거리":1101.76,
            "역세권여부":"비역세권",
            "30분이내주요거점역":0,
            "1시간이내주요거점역":0,
            "3km이내백화점수":0,
            "5km이내아울렛몰수":0,
            "1km이내대형먀트수":0,
            "500m이내은행수":0,
            "500m이내병원수":0,
            "5km이내대형병원수":2,
            "500m이내공원수":2,
            "3km이내혐오시설수":0,
            "초등학교학업성취도":89.59,
            "중학교학업성취도":72.2,
            "용적률":166,
            "건폐율":14,
            "Y":37.430394,
            "X":126.757633,
            "rank":139.0,
            "area_info":"28평(93.61), 28평(93.63), 32평(106.12), 32평(106.06)",
            "last_sales":"1800-01-01,nan,28평(93.61)"
        },
        {
            "index":517,
            "아파트명":"담방마을",
            "투자타입":"일반",
            "전용면적(m2)":"59.33",
            "전용면적(평)":"17평",
            "법정동주소":"인천시 남동구 만수동 1049",
            "도로명주소":"인천시 남동구 매소홀로 1030",
            "세대수":90,
            "입주년차":0,
            "용적률점수":"--",
            "건폐율점수":"--",
            "세대당주차수":0,
            "난방방식":30,
            "공급면적":"--",
            "전용률":"--",
            "욕실수":50,
            "현관타입":100,
            "주거총점":49.5,
            "지역구공급총점":100.0,
            "역세권":0,
            "30분내 이동가능 거점":0,
            "1시간내 이동가능 거점":10,
            "교통총점":2.0,
            "백화점":0,
            "아울렛몰":0,
            "대형마트":80,
            "은행":0,
            "병원":60,
            "종합병원":100,
            "공원":80,
            "혐오시설":0,
            "인프라총점":40.4,
            "초등학군":86.96,
            "중학군":43.38,
            "학군총점":52.096,
            "인구수":60.53,
            "인구증감":-11.65,
            "인구총점":38.876,
            "일자리":29.7,
            "소득수준":60.47,
            "일자리총점":38.931,
            "가치 총점":30.5344,
            "매매실거래년":20211230.0,
            "매매실거래가":20000.0,
            "전세실거래년":20220112.0,
            "전세실거래가":13000.0,
            "전세가율":76.47,
            "장기전세가율평균":72.18,
            "전세가율거품지수":-4.29,
            "검색코드":2302,
            "세대수":1100.0,
            "준공년월":"1994-05-14",
            "준공년차":29.0,
            "가까운역이름":"남동구청",
            "가까운역거리":1016.08,
            "역세권여부":"비역세권",
            "30분이내주요거점역":0,
            "1시간이내주요거점역":1,
            "3km이내백화점수":0,
            "5km이내아울렛몰수":0,
            "1km이내대형먀트수":1,
            "500m이내은행수":0,
            "500m이내병원수":11,
            "5km이내대형병원수":4,
            "500m이내공원수":1,
            "3km이내혐오시설수":0,
            "초등학교학업성취도":86.96,
            "중학교학업성취도":71.5,
            "용적률":0,
            "건폐율":0,
            "Y":37.439048,
            "X":126.737786,
            "rank":140.0,
            "area_info":"17평(59.33), 18평(60.31), 18평(61.08), 19평(65.84), 19평(65.43), 19평(65.75)",
            "last_sales":"2021-12-30,20000.0,19평(65.84)"
        },
        {
            "index":502,
            "아파트명":"벽산블루밍",
            "투자타입":"일반",
            "전용면적(m2)":"107.41",
            "전용면적(평)":"32평",
            "법정동주소":"인천시 남동구 도림동 654-2",
            "도로명주소":"인천시 남동구 도림로 8",
            "세대수":30,
            "입주년차":40,
            "용적률점수":"--",
            "건폐율점수":"--",
            "세대당주차수":30,
            "난방방식":100,
            "공급면적":"--",
            "전용률":"--",
            "욕실수":100,
            "현관타입":100,
            "주거총점":53.0,
            "지역구공급총점":100.0,
            "역세권":0,
            "30분내 이동가능 거점":0,
            "1시간내 이동가능 거점":20,
            "교통총점":4.0,
            "백화점":0,
            "아울렛몰":80,
            "대형마트":0,
            "은행":0,
            "병원":10,
            "종합병원":100,
            "공원":100,
            "혐오시설":0,
            "인프라총점":32.0,
            "초등학군":86.87,
            "중학군":52.08,
            "학군총점":59.038,
            "인구수":60.53,
            "인구증감":-11.65,
            "인구총점":38.876,
            "일자리":29.7,
            "소득수준":60.47,
            "일자리총점":38.931,
            "가치 총점":30.4557,
            "매매실거래년":20211207.0,
            "매매실거래가":40000.0,
            "전세실거래년":20220118.0,
            "전세실거래가":33000.0,
            "전세가율":82.5,
            "장기전세가율평균":72.18,
            "전세가율거품지수":-10.32,
            "검색코드":25581,
            "세대수":342.0,
            "준공년월":"2008-01-29",
            "준공년차":15.0,
            "가까운역이름":"소래포구",
            "가까운역거리":2233.93,
            "역세권여부":"비역세권",
            "30분이내주요거점역":0,
            "1시간이내주요거점역":2,
            "3km이내백화점수":0,
            "5km이내아울렛몰수":1,
            "1km이내대형먀트수":0,
            "500m이내은행수":0,
            "500m이내병원수":4,
            "5km이내대형병원수":2,
            "500m이내공원수":7,
            "3km이내혐오시설수":0,
            "초등학교학업성취도":86.87,
            "중학교학업성취도":84.2,
            "용적률":229,
            "건폐율":16,
            "Y":37.420514,
            "X":126.727771,
            "rank":141.0,
            "area_info":"32평(107.41), 61평(204.11)",
            "last_sales":"2021-12-07,40000.0,32평(107.41)"
        },
        {
            "index":507,
            "아파트명":"공작(3-73)",
            "투자타입":"재건축",
            "전용면적(m2)":"52.01",
            "전용면적(평)":"15평",
            "법정동주소":"인천시 남동구 만수동 3-73",
            "도로명주소":"인천시 남동구 만수서로105번길 40-23",
            "세대수":0,
            "입주년차":"--",
            "용적률점수":100,
            "건폐율점수":80,
            "세대당주차수":"--",
            "난방방식":"--",
            "공급면적":50,
            "전용률":60,
            "욕실수":"--",
            "현관타입":"--",
            "주거총점":61.5,
            "지역구공급총점":100.0,
            "역세권":0,
            "30분내 이동가능 거점":0,
            "1시간내 이동가능 거점":30,
            "교통총점":6.0,
            "백화점":0,
            "아울렛몰":0,
            "대형마트":0,
            "은행":0,
            "병원":30,
            "종합병원":100,
            "공원":100,
            "혐오시설":0,
            "인프라총점":26.0,
            "초등학군":87.4,
            "중학군":46.6,
            "학군총점":54.76,
            "인구수":60.53,
            "인구증감":-11.65,
            "인구총점":38.876,
            "일자리":29.7,
            "소득수준":60.47,
            "일자리총점":38.931,
            "가치 총점":30.414,
            "매매실거래년":20211123.0,
            "매매실거래가":11000.0,
            "전세실거래년":20211224.0,
            "전세실거래가":7000.0,
            "전세가율":63.64,
            "장기전세가율평균":72.18,
            "전세가율거품지수":8.54,
            "검색코드":14809,
            "세대수":114.0,
            "준공년월":"1989-06-19",
            "준공년차":34.0,
            "가까운역이름":"만수",
            "가까운역거리":1133.89,
            "역세권여부":"비역세권",
            "30분이내주요거점역":0,
            "1시간이내주요거점역":3,
            "3km이내백화점수":0,
            "5km이내아울렛몰수":0,
            "1km이내대형먀트수":0,
            "500m이내은행수":0,
            "500m이내병원수":6,
            "5km이내대형병원수":6,
            "500m이내공원수":4,
            "3km이내혐오시설수":0,
            "초등학교학업성취도":87.4,
            "중학교학업성취도":76.0,
            "용적률":133,
            "건폐율":22,
            "Y":37.462479,
            "X":126.740704,
            "rank":142.0,
            "area_info":"15평(52.01), 20평(66.41), 21평(72.34)",
            "last_sales":"2021-11-23,11000.0,15평(52.01)"
        },
        {
            "index":494,
            "아파트명":"도림아이파크",
            "투자타입":"일반",
            "전용면적(m2)":"114.27",
            "전용면적(평)":"34평",
            "법정동주소":"인천시 남동구 도림동 651-1",
            "도로명주소":"인천시 남동구 도리미로 8",
            "세대수":30,
            "입주년차":40,
            "용적률점수":"--",
            "건폐율점수":"--",
            "세대당주차수":60,
            "난방방식":100,
            "공급면적":"--",
            "전용률":"--",
            "욕실수":100,
            "현관타입":50,
            "주거총점":52.5,
            "지역구공급총점":100.0,
            "역세권":0,
            "30분내 이동가능 거점":0,
            "1시간내 이동가능 거점":20,
            "교통총점":4.0,
            "백화점":0,
            "아울렛몰":80,
            "대형마트":0,
            "은행":0,
            "병원":10,
            "종합병원":100,
            "공원":100,
            "혐오시설":0,
            "인프라총점":32.0,
            "초등학군":86.87,
            "중학군":52.08,
            "학군총점":59.038,
            "인구수":60.53,
            "인구증감":-11.65,
            "인구총점":38.876,
            "일자리":29.7,
            "소득수준":60.47,
            "일자리총점":38.931,
            "가치 총점":30.3557,
            "매매실거래년":20210729.0,
            "매매실거래가":54400.0,
            "전세실거래년":20210824.0,
            "전세실거래가":24150.0,
            "전세가율":56.16,
            "장기전세가율평균":72.18,
            "전세가율거품지수":16.02,
            "검색코드":25014,
            "세대수":349.0,
            "준공년월":"2008-06-26",
            "준공년차":15.0,
            "가까운역이름":"소래포구",
            "가까운역거리":2436.25,
            "역세권여부":"비역세권",
            "30분이내주요거점역":0,
            "1시간이내주요거점역":2,
            "3km이내백화점수":0,
            "5km이내아울렛몰수":1,
            "1km이내대형먀트수":0,
            "500m이내은행수":0,
            "500m이내병원수":4,
            "5km이내대형병원수":2,
            "500m이내공원수":4,
            "3km이내혐오시설수":0,
            "초등학교학업성취도":86.87,
            "중학교학업성취도":84.2,
            "용적률":247,
            "건폐율":20,
            "Y":37.422755,
            "X":126.730829,
            "rank":143.0,
            "area_info":"34평(114.27), 34평(114.55), 41평(137.74), 43평(142.69), 48평(160.73), 48평(161.89)",
            "last_sales":"2021-07-29,54400.0,43평(142.69)"
        },
        {
            "index":605,
            "아파트명":"성신2차",
            "투자타입":"재건축",
            "전용면적(m2)":"62.88",
            "전용면적(평)":"19평",
            "법정동주소":"인천시 남동구 만수동 5-6",
            "도로명주소":"인천시 남동구 만수로75번길 57",
            "세대수":0,
            "입주년차":"--",
            "용적률점수":100,
            "건폐율점수":60,
            "세대당주차수":"--",
            "난방방식":"--",
            "공급면적":50,
            "전용률":80,
            "욕실수":"--",
            "현관타입":"--",
            "주거총점":58.5,
            "지역구공급총점":100.0,
            "역세권":0,
            "30분내 이동가능 거점":0,
            "1시간내 이동가능 거점":10,
            "교통총점":2.0,
            "백화점":0,
            "아울렛몰":0,
            "대형마트":0,
            "은행":0,
            "병원":60,
            "종합병원":100,
            "공원":100,
            "혐오시설":0,
            "인프라총점":29.0,
            "초등학군":86.95,
            "중학군":50.9,
            "학군총점":58.11,
            "인구수":60.53,
            "인구증감":-11.65,
            "인구총점":38.876,
            "일자리":29.7,
            "소득수준":60.47,
            "일자리총점":38.931,
            "가치 총점":29.8165,
            "매매실거래년":"18000101",
            "매매실거래가":null,
            "전세실거래년":null,
            "전세실거래가":null,
            "전세가율":null,
            "장기전세가율평균":72.18,
            "전세가율거품지수":null,
            "검색코드":13677,
            "세대수":150.0,
            "준공년월":"1985-11-13",
            "준공년차":38.0,
            "가까운역이름":"만수",
            "가까운역거리":1146.41,
            "역세권여부":"비역세권",
            "30분이내주요거점역":0,
            "1시간이내주요거점역":1,
            "3km이내백화점수":0,
            "5km이내아울렛몰수":0,
            "1km이내대형먀트수":0,
            "500m이내은행수":0,
            "500m이내병원수":17,
            "5km이내대형병원수":6,
            "500m이내공원수":3,
            "3km이내혐오시설수":0,
            "초등학교학업성취도":86.95,
            "중학교학업성취도":82.5,
            "용적률":136,
            "건폐율":30,
            "Y":37.464798,
            "X":126.735776,
            "rank":144.0,
            "area_info":"19평(62.88), 19평(65.93), 19평(66.04)",
            "last_sales":"1800-01-01,nan,19평(62.88)"
        },
        {
            "index":636,
            "아파트명":"아주3차",
            "투자타입":"재건축",
            "전용면적(m2)":"53.19",
            "전용면적(평)":"16평",
            "법정동주소":"인천시 남동구 만수동 5-3",
            "도로명주소":"인천시 남동구",
            "세대수":0,
            "입주년차":"--",
            "용적률점수":80,
            "건폐율점수":80,
            "세대당주차수":"--",
            "난방방식":"--",
            "공급면적":50,
            "전용률":80,
            "욕실수":"--",
            "현관타입":"--",
            "주거총점":54.5,
            "지역구공급총점":100.0,
            "역세권":0,
            "30분내 이동가능 거점":0,
            "1시간내 이동가능 거점":20,
            "교통총점":4.0,
            "백화점":0,
            "아울렛몰":0,
            "대형마트":0,
            "은행":0,
            "병원":60,
            "종합병원":100,
            "공원":100,
            "혐오시설":0,
            "인프라총점":29.0,
            "초등학군":87.4,
            "중학군":50.9,
            "학군총점":58.2,
            "인구수":60.53,
            "인구증감":-11.65,
            "인구총점":38.876,
            "일자리":29.7,
            "소득수준":60.47,
            "일자리총점":38.931,
            "가치 총점":29.73,
            "매매실거래년":20210824.0,
            "매매실거래가":14500.0,
            "전세실거래년":20170619.0,
            "전세실거래가":4000.0,
            "전세가율":40.0,
            "장기전세가율평균":72.18,
            "전세가율거품지수":32.18,
            "검색코드":13737,
            "세대수":150.0,
            "준공년월":"1988-06-17",
            "준공년차":35.0,
            "가까운역이름":"만수",
            "가까운역거리":1095.04,
            "역세권여부":"비역세권",
            "30분이내주요거점역":0,
            "1시간이내주요거점역":2,
            "3km이내백화점수":0,
            "5km이내아울렛몰수":0,
            "1km이내대형먀트수":0,
            "500m이내은행수":0,
            "500m이내병원수":19,
            "5km이내대형병원수":5,
            "500m이내공원수":3,
            "3km이내혐오시설수":0,
            "초등학교학업성취도":87.4,
            "중학교학업성취도":82.5,
            "용적률":176,
            "건폐율":29,
            "Y":37.463962,
            "X":126.736983,
            "rank":145.0,
            "area_info":"16평(53.19), 17평(56.62), 17평(56.57), 18평(61.08), 19평(63.74), 19평(65.85), 20평(67.7), 21평(71.73)",
            "last_sales":"2021-08-24,14500.0,20평(67.7)"
        },
        {
            "index":781,
            "아파트명":"임광그대가",
            "투자타입":"일반",
            "전용면적(m2)":"108.0",
            "전용면적(평)":"32평",
            "법정동주소":"인천시 남동구 서창동 560-2",
            "도로명주소":"인천시 남동구 장아산로 158",
            "세대수":50,
            "입주년차":40,
            "용적률점수":"--",
            "건폐율점수":"--",
            "세대당주차수":60,
            "난방방식":30,
            "공급면적":"--",
            "전용률":"--",
            "욕실수":100,
            "현관타입":100,
            "주거총점":57.5,
            "지역구공급총점":100.0,
            "역세권":0,
            "30분내 이동가능 거점":0,
            "1시간내 이동가능 거점":10,
            "교통총점":2.0,
            "백화점":0,
            "아울렛몰":0,
            "대형마트":0,
            "은행":0,
            "병원":30,
            "종합병원":100,
            "공원":100,
            "혐오시설":0,
            "인프라총점":26.0,
            "초등학군":86.77,
            "중학군":52.44,
            "학군총점":59.306,
            "인구수":60.53,
            "인구증감":-11.65,
            "인구총점":38.876,
            "일자리":29.7,
            "소득수준":60.47,
            "일자리총점":38.931,
            "가치 총점":28.8959,
            "매매실거래년":20220106.0,
            "매매실거래가":46000.0,
            "전세실거래년":20211129.0,
            "전세실거래가":24500.0,
            "전세가율":53.26,
            "장기전세가율평균":72.18,
            "전세가율거품지수":18.92,
            "검색코드":23735,
            "세대수":666.0,
            "준공년월":"2007-01-30",
            "준공년차":16.0,
            "가까운역이름":"운연",
            "가까운역거리":1094.39,
            "역세권여부":"비역세권",
            "30분이내주요거점역":0,
            "1시간이내주요거점역":1,
            "3km이내백화점수":0,
            "5km이내아울렛몰수":0,
            "1km이내대형먀트수":0,
            "500m이내은행수":0,
            "500m이내병원수":6,
            "5km이내대형병원수":4,
            "500m이내공원수":2,
            "3km이내혐오시설수":0,
            "초등학교학업성취도":86.77,
            "중학교학업성취도":86.0,
            "용적률":149,
            "건폐율":19,
            "Y":37.437086,
            "X":126.748181,
            "rank":146.0,
            "area_info":"32평(108.0), 48평(159.58)",
            "last_sales":"2022-01-06,46000.0,32평(108.0)"
        },
        {
            "index":611,
            "아파트명":"신동아",
            "투자타입":"재건축",
            "전용면적(m2)":"81.33",
            "전용면적(평)":"24평",
            "법정동주소":"인천시 남동구 만수동 5-426",
            "도로명주소":"인천시 남동구 만수로111번길 38",
            "세대수":80,
            "입주년차":"--",
            "용적률점수":20,
            "건폐율점수":100,
            "세대당주차수":"--",
            "난방방식":"--",
            "공급면적":70,
            "전용률":80,
            "욕실수":"--",
            "현관타입":"--",
            "주거총점":59.5,
            "지역구공급총점":100.0,
            "역세권":0,
            "30분내 이동가능 거점":0,
            "1시간내 이동가능 거점":10,
            "교통총점":2.0,
            "백화점":0,
            "아울렛몰":0,
            "대형마트":0,
            "은행":0,
            "병원":10,
            "종합병원":100,
            "공원":100,
            "혐오시설":0,
            "인프라총점":24.0,
            "초등학군":87.4,
            "중학군":50.9,
            "학군총점":58.2,
            "인구수":60.53,
            "인구증감":-11.65,
            "인구총점":38.876,
            "일자리":29.7,
            "소득수준":60.47,
            "일자리총점":38.931,
            "가치 총점":28.53,
            "매매실거래년":20211113.0,
            "매매실거래가":25000.0,
            "전세실거래년":20211222.0,
            "전세실거래가":20000.0,
            "전세가율":80.0,
            "장기전세가율평균":72.18,
            "전세가율거품지수":-7.82,
            "검색코드":2308,
            "세대수":750.0,
            "준공년월":"1990-10-20",
            "준공년차":33.0,
            "가까운역이름":"만수",
            "가까운역거리":1392.22,
            "역세권여부":"비역세권",
            "30분이내주요거점역":0,
            "1시간이내주요거점역":1,
            "3km이내백화점수":0,
            "5km이내아울렛몰수":0,
            "1km이내대형먀트수":0,
            "500m이내은행수":0,
            "500m이내병원수":2,
            "5km이내대형병원수":5,
            "500m이내공원수":2,
            "3km이내혐오시설수":0,
            "초등학교학업성취도":87.4,
            "중학교학업성취도":82.5,
            "용적률":219,
            "건폐율":15,
            "Y":37.466679,
            "X":126.73748,
            "rank":147.0,
            "area_info":"24평(81.33), 24평(81.87), 27평(89.75), 30평(101.72), 45평(150.93)",
            "last_sales":"2021-11-13,25000.0,24평(81.33)"
        },
        {
            "index":760,
            "아파트명":"서해그랑블",
            "투자타입":"일반",
            "전용면적(m2)":"81.57",
            "전용면적(평)":"24평",
            "법정동주소":"인천시 남동구 서창동 540",
            "도로명주소":"인천시 남동구 독곡로48번길 9",
            "세대수":50,
            "입주년차":40,
            "용적률점수":"--",
            "건폐율점수":"--",
            "세대당주차수":30,
            "난방방식":30,
            "공급면적":"--",
            "전용률":"--",
            "욕실수":100,
            "현관타입":100,
            "주거총점":53.0,
            "지역구공급총점":100.0,
            "역세권":0,
            "30분내 이동가능 거점":0,
            "1시간내 이동가능 거점":20,
            "교통총점":4.0,
            "백화점":0,
            "아울렛몰":0,
            "대형마트":0,
            "은행":0,
            "병원":10,
            "종합병원":100,
            "공원":100,
            "혐오시설":0,
            "인프라총점":24.0,
            "초등학군":86.77,
            "중학군":52.44,
            "학군총점":59.306,
            "인구수":60.53,
            "인구증감":-11.65,
            "인구총점":38.876,
            "일자리":29.7,
            "소득수준":60.47,
            "일자리총점":38.931,
            "가치 총점":28.0959,
            "매매실거래년":20211024.0,
            "매매실거래가":39000.0,
            "전세실거래년":20210804.0,
            "전세실거래가":27000.0,
            "전세가율":69.23,
            "장기전세가율평균":72.18,
            "전세가율거품지수":2.95,
            "검색코드":25410,
            "세대수":523.0,
            "준공년월":"2008-05-30",
            "준공년차":15.0,
            "가까운역이름":"운연",
            "가까운역거리":1232.66,
            "역세권여부":"비역세권",
            "30분이내주요거점역":0,
            "1시간이내주요거점역":2,
            "3km이내백화점수":0,
            "5km이내아울렛몰수":0,
            "1km이내대형먀트수":0,
            "500m이내은행수":0,
            "500m이내병원수":2,
            "5km이내대형병원수":4,
            "500m이내공원수":4,
            "3km이내혐오시설수":0,
            "초등학교학업성취도":86.77,
            "중학교학업성취도":86.0,
            "용적률":217,
            "건폐율":19,
            "Y":37.433988,
            "X":126.748345,
            "rank":148.0,
            "area_info":"24평(81.57), 24평(81.57), 24평(81.56), 33평(112.11), 41평(136.14), 41평(137.11), 41평(137.38), 41평(137.24)",
            "last_sales":"2021-10-24,39000.0,24평(81.57)"
        },
        {
            "index":538,
            "아파트명":"만수주공11단지",
            "투자타입":"일반",
            "전용면적(m2)":"57.28",
            "전용면적(평)":"17평",
            "법정동주소":"인천시 남동구 만수동 1113",
            "도로명주소":"인천시 남동구 만수서로105번길 40-18",
            "세대수":90,
            "입주년차":0,
            "용적률점수":"--",
            "건폐율점수":"--",
            "세대당주차수":0,
            "난방방식":30,
            "공급면적":"--",
            "전용률":"--",
            "욕실수":50,
            "현관타입":100,
            "주거총점":49.5,
            "지역구공급총점":100.0,
            "역세권":0,
            "30분내 이동가능 거점":0,
            "1시간내 이동가능 거점":30,
            "교통총점":6.0,
            "백화점":0,
            "아울렛몰":0,
            "대형마트":0,
            "은행":0,
            "병원":30,
            "종합병원":100,
            "공원":100,
            "혐오시설":0,
            "인프라총점":26.0,
            "초등학군":87.4,
            "중학군":46.6,
            "학군총점":54.76,
            "인구수":60.53,
            "인구증감":-11.65,
            "인구총점":38.876,
            "일자리":29.7,
            "소득수준":60.47,
            "일자리총점":38.931,
            "가치 총점":28.014,
            "매매실거래년":20211220.0,
            "매매실거래가":22000.0,
            "전세실거래년":20210824.0,
            "전세실거래가":12000.0,
            "전세가율":72.29,
            "장기전세가율평균":72.18,
            "전세가율거품지수":-0.11,
            "검색코드":8844,
            "세대수":902.0,
            "준공년월":"1997-11-21",
            "준공년차":26.0,
            "가까운역이름":"만수",
            "가까운역거리":1053.89,
            "역세권여부":"비역세권",
            "30분이내주요거점역":0,
            "1시간이내주요거점역":3,
            "3km이내백화점수":0,
            "5km이내아울렛몰수":0,
            "1km이내대형먀트수":0,
            "500m이내은행수":0,
            "500m이내병원수":7,
            "5km이내대형병원수":6,
            "500m이내공원수":2,
            "3km이내혐오시설수":0,
            "초등학교학업성취도":87.4,
            "중학교학업성취도":76.0,
            "용적률":0,
            "건폐율":0,
            "Y":37.461576,
            "X":126.740583,
            "rank":149.0,
            "area_info":"17평(57.28), 20평(67.31), 22평(75.96), 24평(79.42), 30평(102.3), 31평(105.77)",
            "last_sales":"2021-12-20,22000.0,20평(67.31)"
        },
        {
            "index":383,
            "아파트명":"논현주공2단지",
            "투자타입":"일반",
            "전용면적(m2)":"55.39",
            "전용면적(평)":"16평",
            "법정동주소":"인천시 남동구 논현동 563-3",
            "도로명주소":"인천시 남동구 함박뫼로 439",
            "세대수":90,
            "입주년차":0,
            "용적률점수":"--",
            "건폐율점수":"--",
            "세대당주차수":30,
            "난방방식":30,
            "공급면적":"--",
            "전용률":"--",
            "욕실수":50,
            "현관타입":10,
            "주거총점":45.0,
            "지역구공급총점":100.0,
            "역세권":0,
            "30분내 이동가능 거점":0,
            "1시간내 이동가능 거점":20,
            "교통총점":4.0,
            "백화점":0,
            "아울렛몰":80,
            "대형마트":0,
            "은행":0,
            "병원":10,
            "종합병원":100,
            "공원":100,
            "혐오시설":0,
            "인프라총점":32.0,
            "초등학군":85.01,
            "중학군":42.3,
            "학군총점":50.842,
            "인구수":60.53,
            "인구증감":-11.65,
            "인구총점":38.876,
            "일자리":29.7,
            "소득수준":60.47,
            "일자리총점":38.931,
            "가치 총점":27.6263,
            "매매실거래년":20211216.0,
            "매매실거래가":38000.0,
            "전세실거래년":20210608.0,
            "전세실거래가":13000.0,
            "전세가율":65.0,
            "장기전세가율평균":72.18,
            "전세가율거품지수":7.18,
            "검색코드":8761,
            "세대수":1252.0,
            "준공년월":"1998-08-25",
            "준공년차":25.0,
            "가까운역이름":"호구포",
            "가까운역거리":1025.57,
            "역세권여부":"비역세권",
            "30분이내주요거점역":0,
            "1시간이내주요거점역":2,
            "3km이내백화점수":0,
            "5km이내아울렛몰수":1,
            "1km이내대형먀트수":0,
            "500m이내은행수":0,
            "500m이내병원수":4,
            "5km이내대형병원수":3,
            "500m이내공원수":5,
            "3km이내혐오시설수":0,
            "초등학교학업성취도":85.01,
            "중학교학업성취도":69.1,
            "용적률":0,
            "건폐율":0,
            "Y":37.410459,
            "X":126.712014,
            "rank":150.0,
            "area_info":"16평(55.39), 21평(72.38), 23평(77.35), 24평(80.18), 32평(106.81)",
            "last_sales":"2021-12-16,38000.0,32평(106.81)"
        },
        {
            "index":633,
            "아파트명":"아주2차",
            "투자타입":"재건축",
            "전용면적(m2)":"48.83",
            "전용면적(평)":"14평",
            "법정동주소":"인천시 남동구 만수동 5-318",
            "도로명주소":"인천시 남동구 만수로 97",
            "세대수":0,
            "입주년차":"--",
            "용적률점수":60,
            "건폐율점수":60,
            "세대당주차수":"--",
            "난방방식":"--",
            "공급면적":50,
            "전용률":80,
            "욕실수":"--",
            "현관타입":"--",
            "주거총점":42.5,
            "지역구공급총점":100.0,
            "역세권":0,
            "30분내 이동가능 거점":0,
            "1시간내 이동가능 거점":20,
            "교통총점":4.0,
            "백화점":0,
            "아울렛몰":0,
            "대형마트":0,
            "은행":0,
            "병원":60,
            "종합병원":100,
            "공원":100,
            "혐오시설":0,
            "인프라총점":29.0,
            "초등학군":87.4,
            "중학군":50.9,
            "학군총점":58.2,
            "인구수":60.53,
            "인구증감":-11.65,
            "인구총점":38.876,
            "일자리":29.7,
            "소득수준":60.47,
            "일자리총점":38.931,
            "가치 총점":27.33,
            "매매실거래년":20211220.0,
            "매매실거래가":14500.0,
            "전세실거래년":20210821.0,
            "전세실거래가":6000.0,
            "전세가율":41.38,
            "장기전세가율평균":72.18,
            "전세가율거품지수":30.8,
            "검색코드":9349,
            "세대수":210.0,
            "준공년월":"1988-04-23",
            "준공년차":35.0,
            "가까운역이름":"만수",
            "가까운역거리":1089.3,
            "역세권여부":"비역세권",
            "30분이내주요거점역":0,
            "1시간이내주요거점역":2,
            "3km이내백화점수":0,
            "5km이내아울렛몰수":0,
            "1km이내대형먀트수":0,
            "500m이내은행수":0,
            "500m이내병원수":19,
            "5km이내대형병원수":5,
            "500m이내공원수":3,
            "3km이내혐오시설수":0,
            "초등학교학업성취도":87.4,
            "중학교학업성취도":82.5,
            "용적률":193,
            "건폐율":32,
            "Y":37.46389,
            "X":126.737029,
            "rank":151.0,
            "area_info":"14평(48.83), 16평(53.36), 20평(68.34)",
            "last_sales":"2021-12-20,14500.0,14평(48.83)"
        },
        {
            "index":608,
            "아파트명":"성신3차",
            "투자타입":"재건축",
            "전용면적(m2)":"58.82",
            "전용면적(평)":"17평",
            "법정동주소":"인천시 남동구 만수동 5-373",
            "도로명주소":"인천시 남동구",
            "세대수":0,
            "입주년차":"--",
            "용적률점수":100,
            "건폐율점수":0,
            "세대당주차수":"--",
            "난방방식":"--",
            "공급면적":50,
            "전용률":60,
            "욕실수":"--",
            "현관타입":"--",
            "주거총점":45.5,
            "지역구공급총점":100.0,
            "역세권":0,
            "30분내 이동가능 거점":0,
            "1시간내 이동가능 거점":10,
            "교통총점":2.0,
            "백화점":0,
            "아울렛몰":0,
            "대형마트":0,
            "은행":0,
            "병원":60,
            "종합병원":100,
            "공원":100,
            "혐오시설":0,
            "인프라총점":29.0,
            "초등학군":86.95,
            "중학군":50.9,
            "학군총점":58.11,
            "인구수":60.53,
            "인구증감":-11.65,
            "인구총점":38.876,
            "일자리":29.7,
            "소득수준":60.47,
            "일자리총점":38.931,
            "가치 총점":27.2165,
            "매매실거래년":20180315.0,
            "매매실거래가":12700.0,
            "전세실거래년":20150407.0,
            "전세실거래가":7000.0,
            "전세가율":87.5,
            "장기전세가율평균":72.18,
            "전세가율거품지수":-15.32,
            "검색코드":8782,
            "세대수":210.0,
            "준공년월":"1987-10-26",
            "준공년차":36.0,
            "가까운역이름":"만수",
            "가까운역거리":1177.44,
            "역세권여부":"비역세권",
            "30분이내주요거점역":0,
            "1시간이내주요거점역":1,
            "3km이내백화점수":0,
            "5km이내아울렛몰수":0,
            "1km이내대형먀트수":0,
            "500m이내은행수":0,
            "500m이내병원수":17,
            "5km이내대형병원수":6,
            "500m이내공원수":3,
            "3km이내혐오시설수":0,
            "초등학교학업성취도":86.95,
            "중학교학업성취도":82.5,
            "용적률":115,
            "건폐율":0,
            "Y":37.465197,
            "X":126.735262,
            "rank":152.0,
            "area_info":"17평(58.82), 18평(62.03), 25평(83.46)",
            "last_sales":"2018-03-15,12700.0,25평(83.46)"
        },
        {
            "index":616,
            "아파트명":"신한(2-21)",
            "투자타입":"재건축",
            "전용면적(m2)":"45.22",
            "전용면적(평)":"13평",
            "법정동주소":"인천시 남동구 만수동 2-21",
            "도로명주소":"인천시 남동구 수현로136번길 30",
            "세대수":0,
            "입주년차":"--",
            "용적률점수":80,
            "건폐율점수":80,
            "세대당주차수":"--",
            "난방방식":"--",
            "공급면적":50,
            "전용률":80,
            "욕실수":"--",
            "현관타입":"--",
            "주거총점":54.5,
            "지역구공급총점":100.0,
            "역세권":0,
            "30분내 이동가능 거점":0,
            "1시간내 이동가능 거점":10,
            "교통총점":2.0,
            "백화점":0,
            "아울렛몰":0,
            "대형마트":0,
            "은행":0,
            "병원":10,
            "종합병원":100,
            "공원":100,
            "혐오시설":0,
            "인프라총점":24.0,
            "초등학군":87.4,
            "중학군":46.6,
            "학군총점":54.76,
            "인구수":60.53,
            "인구증감":-11.65,
            "인구총점":38.876,
            "일자리":29.7,
            "소득수준":60.47,
            "일자리총점":38.931,
            "가치 총점":27.014,
            "매매실거래년":20211005.0,
            "매매실거래가":11700.0,
            "전세실거래년":20211104.0,
            "전세실거래가":5000.0,
            "전세가율":64.1,
            "장기전세가율평균":72.18,
            "전세가율거품지수":8.08,
            "검색코드":9598,
            "세대수":240.0,
            "준공년월":"1988-11-28",
            "준공년차":35.0,
            "가까운역이름":"만수",
            "가까운역거리":1394.18,
            "역세권여부":"비역세권",
            "30분이내주요거점역":0,
            "1시간이내주요거점역":1,
            "3km이내백화점수":0,
            "5km이내아울렛몰수":0,
            "1km이내대형먀트수":0,
            "500m이내은행수":0,
            "500m이내병원수":2,
            "5km이내대형병원수":8,
            "500m이내공원수":2,
            "3km이내혐오시설수":0,
            "초등학교학업성취도":87.4,
            "중학교학업성취도":76.0,
            "용적률":151,
            "건폐율":25,
            "Y":37.465716,
            "X":126.740107,
            "rank":153.0,
            "area_info":"13평(45.22), 14평(48.11), 15평(50.7), 15평(51.0), 16평(53.96), 28평(93.81), 28평(94.01)",
            "last_sales":"2021-10-05,11700.0,16평(53.96)"
        },
        {
            "index":380,
            "아파트명":"논현주공1단지",
            "투자타입":"일반",
            "전용면적(m2)":"69.33",
            "전용면적(평)":"20평",
            "법정동주소":"인천시 남동구 논현동 564-1",
            "도로명주소":"인천시 남동구 호구포로 294",
            "세대수":90,
            "입주년차":0,
            "용적률점수":"--",
            "건폐율점수":"--",
            "세대당주차수":0,
            "난방방식":30,
            "공급면적":"--",
            "전용률":"--",
            "욕실수":50,
            "현관타입":10,
            "주거총점":40.5,
            "지역구공급총점":100.0,
            "역세권":0,
            "30분내 이동가능 거점":0,
            "1시간내 이동가능 거점":20,
            "교통총점":4.0,
            "백화점":0,
            "아울렛몰":80,
            "대형마트":0,
            "은행":0,
            "병원":10,
            "종합병원":100,
            "공원":100,
            "혐오시설":0,
            "인프라총점":32.0,
            "초등학군":85.01,
            "중학군":42.3,
            "학군총점":50.842,
            "인구수":60.53,
            "인구증감":-11.65,
            "인구총점":38.876,
            "일자리":29.7,
            "소득수준":60.47,
            "일자리총점":38.931,
            "가치 총점":26.7263,
            "매매실거래년":20211208.0,
            "매매실거래가":33000.0,
            "전세실거래년":20211203.0,
            "전세실거래가":16200.0,
            "전세가율":65.45,
            "장기전세가율평균":72.18,
            "전세가율거품지수":6.73,
            "검색코드":9565,
            "세대수":1190.0,
            "준공년월":"1998-08-10",
            "준공년차":25.0,
            "가까운역이름":"호구포",
            "가까운역거리":1086.6,
            "역세권여부":"비역세권",
            "30분이내주요거점역":0,
            "1시간이내주요거점역":2,
            "3km이내백화점수":0,
            "5km이내아울렛몰수":1,
            "1km이내대형먀트수":0,
            "500m이내은행수":0,
            "500m이내병원수":4,
            "5km이내대형병원수":3,
            "500m이내공원수":4,
            "3km이내혐오시설수":0,
            "초등학교학업성취도":85.01,
            "중학교학업성취도":69.1,
            "용적률":198,
            "건폐율":14,
            "Y":37.41027,
            "X":126.714391,
            "rank":154.0,
            "area_info":"20평(69.33), 24평(80.18), 25평(83.88)",
            "last_sales":"2021-12-08,33000.0,24평(80.18)"
        },
        {
            "index":653,
            "아파트명":"정광",
            "투자타입":"재건축",
            "전용면적(m2)":"50.18",
            "전용면적(평)":"15평",
            "법정동주소":"인천시 남동구 만수동 3-9",
            "도로명주소":"인천시 남동구 만수서로105번길 48",
            "세대수":0,
            "입주년차":"--",
            "용적률점수":60,
            "건폐율점수":60,
            "세대당주차수":"--",
            "난방방식":"--",
            "공급면적":50,
            "전용률":60,
            "욕실수":"--",
            "현관타입":"--",
            "주거총점":41.5,
            "지역구공급총점":100.0,
            "역세권":0,
            "30분내 이동가능 거점":0,
            "1시간내 이동가능 거점":30,
            "교통총점":6.0,
            "백화점":0,
            "아울렛몰":0,
            "대형마트":0,
            "은행":0,
            "병원":30,
            "종합병원":100,
            "공원":100,
            "혐오시설":0,
            "인프라총점":26.0,
            "초등학군":87.4,
            "중학군":46.6,
            "학군총점":54.76,
            "인구수":60.53,
            "인구증감":-11.65,
            "인구총점":38.876,
            "일자리":29.7,
            "소득수준":60.47,
            "일자리총점":38.931,
            "가치 총점":26.414,
            "매매실거래년":20211021.0,
            "매매실거래가":13700.0,
            "전세실거래년":20210908.0,
            "전세실거래가":7500.0,
            "전세가율":83.33,
            "장기전세가율평균":72.18,
            "전세가율거품지수":-11.15,
            "검색코드":8870,
            "세대수":108.0,
            "준공년월":"1988-09-13",
            "준공년차":35.0,
            "가까운역이름":"만수",
            "가까운역거리":1110.21,
            "역세권여부":"비역세권",
            "30분이내주요거점역":0,
            "1시간이내주요거점역":3,
            "3km이내백화점수":0,
            "5km이내아울렛몰수":0,
            "1km이내대형먀트수":0,
            "500m이내은행수":0,
            "500m이내병원수":8,
            "5km이내대형병원수":6,
            "500m이내공원수":4,
            "3km이내혐오시설수":0,
            "초등학교학업성취도":87.4,
            "중학교학업성취도":76.0,
            "용적률":187,
            "건폐율":32,
            "Y":37.46274,
            "X":126.7399,
            "rank":155.0,
            "area_info":"15평(50.18), 19평(63.25), 19평(64.16)",
            "last_sales":"2021-10-21,13700.0,19평(64.16)"
        },
        {
            "index":795,
            "아파트명":"현대모닝사이드",
            "투자타입":"일반",
            "전용면적(m2)":"117.04",
            "전용면적(평)":"35평",
            "법정동주소":"인천시 남동구 서창동 545",
            "도로명주소":"인천시 남동구 매소홀로 1103",
            "세대수":50,
            "입주년차":20,
            "용적률점수":"--",
            "건폐율점수":"--",
            "세대당주차수":30,
            "난방방식":30,
            "공급면적":"--",
            "전용률":"--",
            "욕실수":100,
            "현관타입":100,
            "주거총점":49.0,
            "지역구공급총점":100.0,
            "역세권":0,
            "30분내 이동가능 거점":0,
            "1시간내 이동가능 거점":0,
            "교통총점":0.0,
            "백화점":0,
            "아울렛몰":0,
            "대형마트":0,
            "은행":0,
            "병원":30,
            "종합병원":100,
            "공원":100,
            "혐오시설":0,
            "인프라총점":26.0,
            "초등학군":86.77,
            "중학군":43.38,
            "학군총점":52.058,
            "인구수":60.53,
            "인구증감":-11.65,
            "인구총점":38.876,
            "일자리":29.7,
            "소득수준":60.47,
            "일자리총점":38.931,
            "가치 총점":25.4087,
            "매매실거래년":20211213.0,
            "매매실거래가":42500.0,
            "전세실거래년":20220110.0,
            "전세실거래가":22050.0,
            "전세가율":51.88,
            "장기전세가율평균":72.18,
            "전세가율거품지수":20.3,
            "검색코드":9971,
            "세대수":630.0,
            "준공년월":"2002-11-02",
            "준공년차":21.0,
            "가까운역이름":"남동구청",
            "가까운역거리":1220.82,
            "역세권여부":"비역세권",
            "30분이내주요거점역":0,
            "1시간이내주요거점역":0,
            "3km이내백화점수":0,
            "5km이내아울렛몰수":0,
            "1km이내대형먀트수":0,
            "500m이내은행수":0,
            "500m이내병원수":5,
            "5km이내대형병원수":3,
            "500m이내공원수":2,
            "3km이내혐오시설수":0,
            "초등학교학업성취도":86.77,
            "중학교학업성취도":71.5,
            "용적률":271,
            "건폐율":18,
            "Y":37.439242,
            "X":126.745003,
            "rank":156.0,
            "area_info":"35평(117.04), 47평(157.58), 58평(192.38)",
            "last_sales":"2021-12-13,42500.0,35평(117.04)"
        },
        {
            "index":786,
            "아파트명":"태평1차",
            "투자타입":"일반",
            "전용면적(m2)":"80.72",
            "전용면적(평)":"24평",
            "법정동주소":"인천시 남동구 서창동 537",
            "도로명주소":"인천시 남동구 장아산로128번길 22",
            "세대수":50,
            "입주년차":0,
            "용적률점수":"--",
            "건폐율점수":"--",
            "세대당주차수":30,
            "난방방식":30,
            "공급면적":"--",
            "전용률":"--",
            "욕실수":50,
            "현관타입":100,
            "주거총점":40.0,
            "지역구공급총점":100.0,
            "역세권":0,
            "30분내 이동가능 거점":0,
            "1시간내 이동가능 거점":0,
            "교통총점":0.0,
            "백화점":0,
            "아울렛몰":0,
            "대형마트":0,
            "은행":0,
            "병원":30,
            "종합병원":100,
            "공원":100,
            "혐오시설":0,
            "인프라총점":26.0,
            "초등학군":86.77,
            "중학군":52.44,
            "학군총점":59.306,
            "인구수":60.53,
            "인구증감":-11.65,
            "인구총점":38.876,
            "일자리":29.7,
            "소득수준":60.47,
            "일자리총점":38.931,
            "가치 총점":24.6959,
            "매매실거래년":20211123.0,
            "매매실거래가":25500.0,
            "전세실거래년":20211130.0,
            "전세실거래가":18000.0,
            "전세가율":70.59,
            "장기전세가율평균":72.18,
            "전세가율거품지수":1.59,
            "검색코드":2321,
            "세대수":435.0,
            "준공년월":"1995-11-09",
            "준공년차":28.0,
            "가까운역이름":"운연",
            "가까운역거리":1114.75,
            "역세권여부":"비역세권",
            "30분이내주요거점역":0,
            "1시간이내주요거점역":0,
            "3km이내백화점수":0,
            "5km이내아울렛몰수":0,
            "1km이내대형먀트수":0,
            "500m이내은행수":0,
            "500m이내병원수":5,
            "5km이내대형병원수":3,
            "500m이내공원수":2,
            "3km이내혐오시설수":0,
            "초등학교학업성취도":86.77,
            "중학교학업성취도":86.0,
            "용적률":226,
            "건폐율":17,
            "Y":37.43948,
            "X":126.74737,
            "rank":157.0,
            "area_info":"24평(80.72), 28평(94.08), 32평(108.28)",
            "last_sales":"2021-11-23,25500.0,24평(80.72)"
        },
        {
            "index":395,
            "아파트명":"동보",
            "투자타입":"일반",
            "전용면적(m2)":"135.2",
            "전용면적(평)":"40평",
            "법정동주소":"인천시 남동구 논현동 563-2",
            "도로명주소":"인천시 남동구 남동대로370번길 122",
            "세대수":0,
            "입주년차":20,
            "용적률점수":"--",
            "건폐율점수":"--",
            "세대당주차수":0,
            "난방방식":30,
            "공급면적":"--",
            "전용률":"--",
            "욕실수":100,
            "현관타입":100,
            "주거총점":27.0,
            "지역구공급총점":100.0,
            "역세권":0,
            "30분내 이동가능 거점":0,
            "1시간내 이동가능 거점":20,
            "교통총점":4.0,
            "백화점":0,
            "아울렛몰":80,
            "대형마트":0,
            "은행":0,
            "병원":10,
            "종합병원":100,
            "공원":100,
            "혐오시설":0,
            "인프라총점":32.0,
            "초등학군":85.01,
            "중학군":42.3,
            "학군총점":50.842,
            "인구수":60.53,
            "인구증감":-11.65,
            "인구총점":38.876,
            "일자리":29.7,
            "소득수준":60.47,
            "일자리총점":38.931,
            "가치 총점":24.0263,
            "매매실거래년":20211116.0,
            "매매실거래가":29000.0,
            "전세실거래년":20211001.0,
            "전세실거래가":33000.0,
            "전세가율":113.79,
            "장기전세가율평균":72.18,
            "전세가율거품지수":-41.61,
            "검색코드":13172,
            "세대수":278.0,
            "준공년월":"1999-06-30",
            "준공년차":24.0,
            "가까운역이름":"호구포",
            "가까운역거리":1276.08,
            "역세권여부":"비역세권",
            "30분이내주요거점역":0,
            "1시간이내주요거점역":2,
            "3km이내백화점수":0,
            "5km이내아울렛몰수":1,
            "1km이내대형먀트수":0,
            "500m이내은행수":0,
            "500m이내병원수":4,
            "5km이내대형병원수":3,
            "500m이내공원수":6,
            "3km이내혐오시설수":0,
            "초등학교학업성취도":85.01,
            "중학교학업성취도":69.1,
            "용적률":0,
            "건폐율":0,
            "Y":37.412733,
            "X":126.712314,
            "rank":158.0,
            "area_info":"40평(135.2), 47평(156.0)",
            "last_sales":"2021-11-16,29000.0,40평(135.2)"
        },
        {
            "index":82,
            "아파트명":"이삭",
            "투자타입":"일반",
            "전용면적(m2)":"77.62",
            "전용면적(평)":"23평",
            "법정동주소":"인천시 남동구 간석동 934",
            "도로명주소":"인천시 남동구 용천로176번길 109",
            "세대수":0,
            "입주년차":20,
            "용적률점수":"--",
            "건폐율점수":"--",
            "세대당주차수":0,
            "난방방식":30,
            "공급면적":"--",
            "전용률":"--",
            "욕실수":50,
            "현관타입":100,
            "주거총점":22.0,
            "지역구공급총점":100.0,
            "역세권":0,
            "30분내 이동가능 거점":0,
            "1시간내 이동가능 거점":20,
            "교통총점":4.0,
            "백화점":0,
            "아울렛몰":0,
            "대형마트":0,
            "은행":0,
            "병원":60,
            "종합병원":100,
            "공원":100,
            "혐오시설":0,
            "인프라총점":29.0,
            "초등학군":85.89,
            "중학군":42.2,
            "학군총점":50.938,
            "인구수":60.53,
            "인구증감":-11.65,
            "인구총점":38.876,
            "일자리":29.7,
            "소득수준":60.47,
            "일자리총점":38.931,
            "가치 총점":22.1407,
            "매매실거래년":20211230.0,
            "매매실거래가":25000.0,
            "전세실거래년":20210729.0,
            "전세실거래가":17850.0,
            "전세가율":71.4,
            "장기전세가율평균":72.18,
            "전세가율거품지수":0.78,
            "검색코드":8845,
            "세대수":180.0,
            "준공년월":"1999-09-01",
            "준공년차":24.0,
            "가까운역이름":"모래내시장",
            "가까운역거리":1057.11,
            "역세권여부":"비역세권",
            "30분이내주요거점역":0,
            "1시간이내주요거점역":2,
            "3km이내백화점수":0,
            "5km이내아울렛몰수":0,
            "1km이내대형먀트수":0,
            "500m이내은행수":1,
            "500m이내병원수":18,
            "5km이내대형병원수":7,
            "500m이내공원수":6,
            "3km이내혐오시설수":0,
            "초등학교학업성취도":85.89,
            "중학교학업성취도":68.4,
            "용적률":0,
            "건폐율":0,
            "Y":37.46533,
            "X":126.71975,
            "rank":159.0,
            "area_info":"23평(77.62), 24평(81.88), 24평(81.3), 31평(104.46), 39평(129.24), 44평(146.69)",
            "last_sales":"2021-12-30,25000.0,23평(77.62)"
        }
    ]
}