{
    "schema":{
        "fields":[
            {
                "name":"index",
                "type":"integer"
            },
            {
                "name":"아파트명",
                "type":"string"
            },
            {
                "name":"투자타입",
                "type":"string"
            },
            {
                "name":"전용면적(m2)",
                "type":"string"
            },
            {
                "name":"전용면적(평)",
                "type":"string"
            },
            {
                "name":"법정동주소",
                "type":"string"
            },
            {
                "name":"도로명주소",
                "type":"string"
            },
            {
                "name":"세대수",
                "type":"integer"
            },
            {
                "name":"입주년차",
                "type":"string"
            },
            {
                "name":"용적률점수",
                "type":"string"
            },
            {
                "name":"건폐율점수",
                "type":"string"
            },
            {
                "name":"세대당주차수",
                "type":"string"
            },
            {
                "name":"난방방식",
                "type":"string"
            },
            {
                "name":"공급면적",
                "type":"string"
            },
            {
                "name":"전용률",
                "type":"string"
            },
            {
                "name":"욕실수",
                "type":"string"
            },
            {
                "name":"현관타입",
                "type":"string"
            },
            {
                "name":"주거총점",
                "type":"number"
            },
            {
                "name":"지역구공급총점",
                "type":"number"
            },
            {
                "name":"역세권",
                "type":"string"
            },
            {
                "name":"30분내 이동가능 거점",
                "type":"string"
            },
            {
                "name":"1시간내 이동가능 거점",
                "type":"string"
            },
            {
                "name":"교통총점",
                "type":"string"
            },
            {
                "name":"백화점",
                "type":"integer"
            },
            {
                "name":"아울렛몰",
                "type":"integer"
            },
            {
                "name":"대형마트",
                "type":"integer"
            },
            {
                "name":"은행",
                "type":"integer"
            },
            {
                "name":"병원",
                "type":"integer"
            },
            {
                "name":"종합병원",
                "type":"integer"
            },
            {
                "name":"공원",
                "type":"integer"
            },
            {
                "name":"혐오시설",
                "type":"integer"
            },
            {
                "name":"인프라총점",
                "type":"number"
            },
            {
                "name":"초등학군",
                "type":"number"
            },
            {
                "name":"중학군",
                "type":"number"
            },
            {
                "name":"학군총점",
                "type":"number"
            },
            {
                "name":"인구수",
                "type":"number"
            },
            {
                "name":"인구증감",
                "type":"number"
            },
            {
                "name":"인구총점",
                "type":"number"
            },
            {
                "name":"일자리",
                "type":"number"
            },
            {
                "name":"소득수준",
                "type":"number"
            },
            {
                "name":"일자리총점",
                "type":"number"
            },
            {
                "name":"가치 총점",
                "type":"number"
            },
            {
                "name":"매매실거래년",
                "type":"string"
            },
            {
                "name":"매매실거래가",
                "type":"number"
            },
            {
                "name":"전세실거래년",
                "type":"number"
            },
            {
                "name":"전세실거래가",
                "type":"number"
            },
            {
                "name":"전세가율",
                "type":"number"
            },
            {
                "name":"장기전세가율평균",
                "type":"number"
            },
            {
                "name":"전세가율거품지수",
                "type":"number"
            },
            {
                "name":"검색코드",
                "type":"integer"
            },
            {
                "name":"세대수",
                "type":"number"
            },
            {
                "name":"준공년월",
                "type":"string"
            },
            {
                "name":"준공년차",
                "type":"number"
            },
            {
                "name":"가까운역이름",
                "type":"string"
            },
            {
                "name":"가까운역거리",
                "type":"string"
            },
            {
                "name":"역세권여부",
                "type":"string"
            },
            {
                "name":"30분이내주요거점역",
                "type":"string"
            },
            {
                "name":"1시간이내주요거점역",
                "type":"string"
            },
            {
                "name":"3km이내백화점수",
                "type":"integer"
            },
            {
                "name":"5km이내아울렛몰수",
                "type":"integer"
            },
            {
                "name":"1km이내대형먀트수",
                "type":"integer"
            },
            {
                "name":"500m이내은행수",
                "type":"integer"
            },
            {
                "name":"500m이내병원수",
                "type":"integer"
            },
            {
                "name":"5km이내대형병원수",
                "type":"integer"
            },
            {
                "name":"500m이내공원수",
                "type":"integer"
            },
            {
                "name":"3km이내혐오시설수",
                "type":"integer"
            },
            {
                "name":"초등학교학업성취도",
                "type":"number"
            },
            {
                "name":"중학교학업성취도",
                "type":"number"
            },
            {
                "name":"용적률",
                "type":"integer"
            },
            {
                "name":"건폐율",
                "type":"integer"
            },
            {
                "name":"Y",
                "type":"number"
            },
            {
                "name":"X",
                "type":"number"
            },
            {
                "name":"rank",
                "type":"number"
            },
            {
                "name":"area_info",
                "type":"string"
            },
            {
                "name":"last_sales",
                "type":"string"
            }
        ],
        "primaryKey":[
            "index"
        ],
        "pandas_version":"1.4.0"
    },
    "data":[
        {
            "index":437,
            "아파트명":"신정현대홈타운3단지",
            "투자타입":"일반",
            "전용면적(m2)":"75.99",
            "전용면적(평)":"22평",
            "법정동주소":"울산시 남구 신정동 851-21",
            "도로명주소":"울산시 남구 수암로129번길 25",
            "세대수":90,
            "입주년차":20,
            "용적률점수":"--",
            "건폐율점수":"--",
            "세대당주차수":100,
            "난방방식":30,
            "공급면적":"--",
            "전용률":"--",
            "욕실수":50,
            "현관타입":100,
            "주거총점":68.5,
            "지역구공급총점":0.0,
            "역세권":"NA",
            "30분내 이동가능 거점":"NA",
            "1시간내 이동가능 거점":"NA",
            "교통총점":"NA",
            "백화점":100,
            "아울렛몰":0,
            "대형마트":100,
            "은행":70,
            "병원":80,
            "종합병원":100,
            "공원":100,
            "혐오시설":0,
            "인프라총점":83.0,
            "초등학군":92.16,
            "중학군":51.44,
            "학군총점":59.584,
            "인구수":38.02,
            "인구증감":-14.98,
            "인구총점":22.12,
            "일자리":22.4,
            "소득수준":68.51,
            "일자리총점":36.233,
            "가치 총점":72.071,
            "매매실거래년":20220101.0,
            "매매실거래가":39500.0,
            "전세실거래년":20211014.0,
            "전세실거래가":16800.0,
            "전세가율":48.0,
            "장기전세가율평균":72.53,
            "전세가율거품지수":24.53,
            "검색코드":12083,
            "세대수":929.0,
            "준공년월":"2001-11-15",
            "준공년차":22.0,
            "가까운역이름":"NA",
            "가까운역거리":"NA",
            "역세권여부":"NA",
            "30분이내주요거점역":"NA",
            "1시간이내주요거점역":"NA",
            "3km이내백화점수":2,
            "5km이내아울렛몰수":0,
            "1km이내대형먀트수":3,
            "500m이내은행수":3,
            "500m이내병원수":53,
            "5km이내대형병원수":4,
            "500m이내공원수":8,
            "3km이내혐오시설수":0,
            "초등학교학업성취도":92.16,
            "중학교학업성취도":85.4,
            "용적률":372,
            "건폐율":23,
            "Y":35.530542,
            "X":129.321856,
            "rank":1.0,
            "area_info":"22평(75.99), 22평(75.97), 22평(75.9), 31평(103.74), 31평(103.85), 32평(107.65), 34평(113.14), 43평(145.21)",
            "last_sales":"2022-01-01,39500.0,31평(103.74)"
        },
        {
            "index":609,
            "아파트명":"울산힐스테이트수암1단지",
            "투자타입":"일반",
            "전용면적(m2)":"83.62",
            "전용면적(평)":"25평",
            "법정동주소":"울산시 남구 야음동 937",
            "도로명주소":"울산시 남구 중앙로47번길 27",
            "세대수":80,
            "입주년차":100,
            "용적률점수":"--",
            "건폐율점수":"--",
            "세대당주차수":60,
            "난방방식":30,
            "공급면적":"--",
            "전용률":"--",
            "욕실수":100,
            "현관타입":100,
            "주거총점":80.0,
            "지역구공급총점":0.0,
            "역세권":"NA",
            "30분내 이동가능 거점":"NA",
            "1시간내 이동가능 거점":"NA",
            "교통총점":"NA",
            "백화점":100,
            "아울렛몰":0,
            "대형마트":100,
            "은행":0,
            "병원":30,
            "종합병원":100,
            "공원":0,
            "혐오시설":0,
            "인프라총점":68.0,
            "초등학군":100.0,
            "중학군":54.7,
            "학군총점":63.76,
            "인구수":38.02,
            "인구증감":-14.98,
            "인구총점":22.12,
            "일자리":22.4,
            "소득수준":68.51,
            "일자리총점":36.233,
            "가치 총점":71.14,
            "매매실거래년":20211004.0,
            "매매실거래가":82000.0,
            "전세실거래년":20210813.0,
            "전세실거래가":17102.0,
            "전세가율":38.0,
            "장기전세가율평균":72.53,
            "전세가율거품지수":34.53,
            "검색코드":114025,
            "세대수":725.0,
            "준공년월":"2019-10-01",
            "준공년차":4.0,
            "가까운역이름":"NA",
            "가까운역거리":"NA",
            "역세권여부":"NA",
            "30분이내주요거점역":"NA",
            "1시간이내주요거점역":"NA",
            "3km이내백화점수":2,
            "5km이내아울렛몰수":0,
            "1km이내대형먀트수":2,
            "500m이내은행수":0,
            "500m이내병원수":5,
            "5km이내대형병원수":3,
            "500m이내공원수":0,
            "3km이내혐오시설수":0,
            "초등학교학업성취도":100.0,
            "중학교학업성취도":89.9,
            "용적률":200,
            "건폐율":0,
            "Y":35.523707,
            "X":129.315614,
            "rank":2.0,
            "area_info":"25평(83.62), 25평(83.5), 32평(107.66), 32평(107.82), 32평(108.22), 32평(108.72), 32평(108.72), 44평(145.9)",
            "last_sales":"2021-10-04,82000.0,32평(108.72)"
        },
        {
            "index":540,
            "아파트명":"대현더샵2단지",
            "투자타입":"일반",
            "전용면적(m2)":"97.59",
            "전용면적(평)":"29평",
            "법정동주소":"울산시 남구 야음동 912",
            "도로명주소":"울산시 남구 야음로26번길 34",
            "세대수":90,
            "입주년차":80,
            "용적률점수":"--",
            "건폐율점수":"--",
            "세대당주차수":30,
            "난방방식":30,
            "공급면적":"--",
            "전용률":"--",
            "욕실수":100,
            "현관타입":100,
            "주거총점":75.0,
            "지역구공급총점":0.0,
            "역세권":"NA",
            "30분내 이동가능 거점":"NA",
            "1시간내 이동가능 거점":"NA",
            "교통총점":"NA",
            "백화점":100,
            "아울렛몰":0,
            "대형마트":100,
            "은행":20,
            "병원":60,
            "종합병원":100,
            "공원":0,
            "혐오시설":0,
            "인프라총점":73.0,
            "초등학군":91.15,
            "중학군":49.18,
            "학군총점":57.574,
            "인구수":38.02,
            "인구증감":-14.98,
            "인구총점":22.12,
            "일자리":22.4,
            "소득수준":68.51,
            "일자리총점":36.233,
            "가치 총점":69.8435,
            "매매실거래년":"18000101",
            "매매실거래가":null,
            "전세실거래년":null,
            "전세실거래가":null,
            "전세가율":null,
            "장기전세가율평균":72.53,
            "전세가율거품지수":null,
            "검색코드":111348,
            "세대수":905.0,
            "준공년월":"2018-10-30",
            "준공년차":5.0,
            "가까운역이름":"NA",
            "가까운역거리":"NA",
            "역세권여부":"NA",
            "30분이내주요거점역":"NA",
            "1시간이내주요거점역":"NA",
            "3km이내백화점수":2,
            "5km이내아울렛몰수":0,
            "1km이내대형먀트수":2,
            "500m이내은행수":2,
            "500m이내병원수":10,
            "5km이내대형병원수":3,
            "500m이내공원수":0,
            "3km이내혐오시설수":0,
            "초등학교학업성취도":91.15,
            "중학교학업성취도":81.1,
            "용적률":0,
            "건폐율":0,
            "Y":35.523817,
            "X":129.327611,
            "rank":3.0,
            "area_info":"29평(97.59), 29평(98.83), 29평(98.24), 34평(112.48), 34평(112.85), 33평(112.12), 33평(112.37), 49평(162.68), 49평(163.8), 49평(163.87), 49평(164.43)",
            "last_sales":"1800-01-01,nan,29평(97.59)"
        },
        {
            "index":413,
            "아파트명":"신성미소지움2단지",
            "투자타입":"일반",
            "전용면적(m2)":"81.81",
            "전용면적(평)":"24평",
            "법정동주소":"울산시 남구 신정동 1853",
            "도로명주소":"울산시 남구 대암로 26",
            "세대수":80,
            "입주년차":40,
            "용적률점수":"--",
            "건폐율점수":"--",
            "세대당주차수":30,
            "난방방식":30,
            "공급면적":"--",
            "전용률":"--",
            "욕실수":100,
            "현관타입":100,
            "주거총점":63.5,
            "지역구공급총점":0.0,
            "역세권":"NA",
            "30분내 이동가능 거점":"NA",
            "1시간내 이동가능 거점":"NA",
            "교통총점":"NA",
            "백화점":100,
            "아울렛몰":0,
            "대형마트":100,
            "은행":20,
            "병원":80,
            "종합병원":100,
            "공원":100,
            "혐오시설":0,
            "인프라총점":78.0,
            "초등학군":90.61,
            "중학군":54.7,
            "학군총점":61.882,
            "인구수":38.02,
            "인구증감":-14.98,
            "인구총점":22.12,
            "일자리":22.4,
            "소득수준":68.51,
            "일자리총점":36.233,
            "가치 총점":68.8955,
            "매매실거래년":20211228.0,
            "매매실거래가":55500.0,
            "전세실거래년":20211212.0,
            "전세실거래가":33000.0,
            "전세가율":79.52,
            "장기전세가율평균":72.53,
            "전세가율거품지수":-6.99,
            "검색코드":19544,
            "세대수":782.0,
            "준공년월":"2007-08-07",
            "준공년차":16.0,
            "가까운역이름":"NA",
            "가까운역거리":"NA",
            "역세권여부":"NA",
            "30분이내주요거점역":"NA",
            "1시간이내주요거점역":"NA",
            "3km이내백화점수":2,
            "5km이내아울렛몰수":0,
            "1km이내대형먀트수":3,
            "500m이내은행수":2,
            "500m이내병원수":52,
            "5km이내대형병원수":3,
            "500m이내공원수":8,
            "3km이내혐오시설수":0,
            "초등학교학업성취도":90.61,
            "중학교학업성취도":89.9,
            "용적률":290,
            "건폐율":22,
            "Y":35.530541,
            "X":129.319463,
            "rank":4.0,
            "area_info":"24평(81.81), 24평(81.81), 24평(81.81), 26평(86.21), 34평(113.84), 34평(114.18), 34평(114.32), 35평(116.04), 45평(151.62)",
            "last_sales":"2021-12-28,55500.0,34평(114.18)"
        },
        {
            "index":599,
            "아파트명":"울산롯데캐슬골드",
            "투자타입":"일반",
            "전용면적(m2)":"69.17",
            "전용면적(평)":"20평",
            "법정동주소":"울산시 남구 야음동 878",
            "도로명주소":"울산시 남구 신선로 45",
            "세대수":100,
            "입주년차":40,
            "용적률점수":"--",
            "건폐율점수":"--",
            "세대당주차수":60,
            "난방방식":30,
            "공급면적":"--",
            "전용률":"--",
            "욕실수":50,
            "현관타입":100,
            "주거총점":70.0,
            "지역구공급총점":0.0,
            "역세권":"NA",
            "30분내 이동가능 거점":"NA",
            "1시간내 이동가능 거점":"NA",
            "교통총점":"NA",
            "백화점":100,
            "아울렛몰":0,
            "대형마트":100,
            "은행":0,
            "병원":30,
            "종합병원":100,
            "공원":100,
            "혐오시설":0,
            "인프라총점":71.0,
            "초등학군":91.05,
            "중학군":54.7,
            "학군총점":61.97,
            "인구수":38.02,
            "인구증감":-14.98,
            "인구총점":22.12,
            "일자리":22.4,
            "소득수준":68.51,
            "일자리총점":36.233,
            "가치 총점":68.3925,
            "매매실거래년":20210925.0,
            "매매실거래가":82400.0,
            "전세실거래년":null,
            "전세실거래가":null,
            "전세가율":null,
            "장기전세가율평균":72.53,
            "전세가율거품지수":null,
            "검색코드":24847,
            "세대수":2421.0,
            "준공년월":"2008-05-29",
            "준공년차":15.0,
            "가까운역이름":"NA",
            "가까운역거리":"NA",
            "역세권여부":"NA",
            "30분이내주요거점역":"NA",
            "1시간이내주요거점역":"NA",
            "3km이내백화점수":2,
            "5km이내아울렛몰수":0,
            "1km이내대형먀트수":2,
            "500m이내은행수":0,
            "500m이내병원수":5,
            "5km이내대형병원수":3,
            "500m이내공원수":2,
            "3km이내혐오시설수":0,
            "초등학교학업성취도":91.05,
            "중학교학업성취도":89.9,
            "용적률":307,
            "건폐율":18,
            "Y":35.522349,
            "X":129.317819,
            "rank":5.0,
            "area_info":"20평(69.17), 24평(82.57), 29평(98.8), 32평(108.82), 41평(138.21), 49평(162.08), 58평(193.62)",
            "last_sales":"2021-09-25,82400.0,58평(193.62)"
        },
        {
            "index":606,
            "아파트명":"울산번영로두산위브",
            "투자타입":"일반",
            "전용면적(m2)":"109.4",
            "전용면적(평)":"33평",
            "법정동주소":"울산시 남구 야음동 910",
            "도로명주소":"울산시 남구 번영로 29",
            "세대수":80,
            "입주년차":80,
            "용적률점수":"--",
            "건폐율점수":"--",
            "세대당주차수":30,
            "난방방식":30,
            "공급면적":"--",
            "전용률":"--",
            "욕실수":100,
            "현관타입":100,
            "주거총점":71.5,
            "지역구공급총점":0.0,
            "역세권":"NA",
            "30분내 이동가능 거점":"NA",
            "1시간내 이동가능 거점":"NA",
            "교통총점":"NA",
            "백화점":100,
            "아울렛몰":0,
            "대형마트":100,
            "은행":0,
            "병원":30,
            "종합병원":100,
            "공원":100,
            "혐오시설":0,
            "인프라총점":71.0,
            "초등학군":100.0,
            "중학군":49.18,
            "학군총점":59.344,
            "인구수":38.02,
            "인구증감":-14.98,
            "인구총점":22.12,
            "일자리":22.4,
            "소득수준":68.51,
            "일자리총점":36.233,
            "가치 총점":68.261,
            "매매실거래년":20211204.0,
            "매매실거래가":76000.0,
            "전세실거래년":20211218.0,
            "전세실거래가":37000.0,
            "전세가율":43.53,
            "장기전세가율평균":72.53,
            "전세가율거품지수":29.0,
            "검색코드":111259,
            "세대수":761.0,
            "준공년월":"2017-09-08",
            "준공년차":6.0,
            "가까운역이름":"NA",
            "가까운역거리":"NA",
            "역세권여부":"NA",
            "30분이내주요거점역":"NA",
            "1시간이내주요거점역":"NA",
            "3km이내백화점수":2,
            "5km이내아울렛몰수":0,
            "1km이내대형먀트수":2,
            "500m이내은행수":1,
            "500m이내병원수":5,
            "5km이내대형병원수":4,
            "500m이내공원수":4,
            "3km이내혐오시설수":0,
            "초등학교학업성취도":100.0,
            "중학교학업성취도":81.1,
            "용적률":258,
            "건폐율":16,
            "Y":35.52884,
            "X":129.329094,
            "rank":6.0,
            "area_info":"33평(109.4), 33평(111.91), 34평(113.02)",
            "last_sales":"2021-12-04,76000.0,34평(113.02)"
        },
        {
            "index":557,
            "아파트명":"동부",
            "투자타입":"일반",
            "전용면적(m2)":"79.11",
            "전용면적(평)":"23평",
            "법정동주소":"울산시 남구 야음동 789-6",
            "도로명주소":"울산시 남구 야음로 24",
            "세대수":100,
            "입주년차":0,
            "용적률점수":"--",
            "건폐율점수":"--",
            "세대당주차수":30,
            "난방방식":30,
            "공급면적":"--",
            "전용률":"--",
            "욕실수":50,
            "현관타입":100,
            "주거총점":57.5,
            "지역구공급총점":0.0,
            "역세권":"NA",
            "30분내 이동가능 거점":"NA",
            "1시간내 이동가능 거점":"NA",
            "교통총점":"NA",
            "백화점":100,
            "아울렛몰":0,
            "대형마트":100,
            "은행":70,
            "병원":80,
            "종합병원":100,
            "공원":100,
            "혐오시설":0,
            "인프라총점":83.0,
            "초등학군":91.15,
            "중학군":49.18,
            "학군총점":57.574,
            "인구수":38.02,
            "인구증감":-14.98,
            "인구총점":22.12,
            "일자리":22.4,
            "소득수준":68.51,
            "일자리총점":36.233,
            "가치 총점":67.7185,
            "매매실거래년":20220108.0,
            "매매실거래가":31800.0,
            "전세실거래년":20211102.0,
            "전세실거래가":29000.0,
            "전세가율":91.19,
            "장기전세가율평균":72.53,
            "전세가율거품지수":-18.66,
            "검색코드":6053,
            "세대수":1504.0,
            "준공년월":"1996-02-26",
            "준공년차":27.0,
            "가까운역이름":"NA",
            "가까운역거리":"NA",
            "역세권여부":"NA",
            "30분이내주요거점역":"NA",
            "1시간이내주요거점역":"NA",
            "3km이내백화점수":2,
            "5km이내아울렛몰수":0,
            "1km이내대형먀트수":2,
            "500m이내은행수":3,
            "500m이내병원수":38,
            "5km이내대형병원수":3,
            "500m이내공원수":2,
            "3km이내혐오시설수":0,
            "초등학교학업성취도":91.15,
            "중학교학업성취도":81.1,
            "용적률":255,
            "건폐율":18,
            "Y":35.52435,
            "X":129.322714,
            "rank":7.0,
            "area_info":"23평(79.11), 32평(106.38), 38평(127.2), 48평(160.35), 59평(196.42)",
            "last_sales":"2022-01-08,31800.0,23평(79.11)"
        },
        {
            "index":195,
            "아파트명":"삼산대성스카이렉스",
            "투자타입":"일반",
            "전용면적(m2)":"158.33",
            "전용면적(평)":"47평",
            "법정동주소":"울산시 남구 삼산동 1564-1",
            "도로명주소":"울산시 남구 삼산로 303",
            "세대수":0,
            "입주년차":60,
            "용적률점수":"--",
            "건폐율점수":"--",
            "세대당주차수":100,
            "난방방식":30,
            "공급면적":"--",
            "전용률":"--",
            "욕실수":100,
            "현관타입":100,
            "주거총점":50.0,
            "지역구공급총점":0.0,
            "역세권":"NA",
            "30분내 이동가능 거점":"NA",
            "1시간내 이동가능 거점":"NA",
            "교통총점":"NA",
            "백화점":100,
            "아울렛몰":0,
            "대형마트":80,
            "은행":100,
            "병원":100,
            "종합병원":100,
            "공원":100,
            "혐오시설":0,
            "인프라총점":85.0,
            "초등학군":89.83,
            "중학군":54.78,
            "학군총점":61.79,
            "인구수":38.02,
            "인구증감":-14.98,
            "인구총점":22.12,
            "일자리":22.4,
            "소득수준":68.51,
            "일자리총점":36.233,
            "가치 총점":66.9475,
            "매매실거래년":20211008.0,
            "매매실거래가":69000.0,
            "전세실거래년":20210726.0,
            "전세실거래가":45000.0,
            "전세가율":95.74,
            "장기전세가율평균":72.53,
            "전세가율거품지수":-23.21,
            "검색코드":101957,
            "세대수":268.0,
            "준공년월":"2010-07-01",
            "준공년차":13.0,
            "가까운역이름":"NA",
            "가까운역거리":"NA",
            "역세권여부":"NA",
            "30분이내주요거점역":"NA",
            "1시간이내주요거점역":"NA",
            "3km이내백화점수":2,
            "5km이내아울렛몰수":0,
            "1km이내대형먀트수":1,
            "500m이내은행수":6,
            "500m이내병원수":150,
            "5km이내대형병원수":4,
            "500m이내공원수":10,
            "3km이내혐오시설수":0,
            "초등학교학업성취도":89.83,
            "중학교학업성취도":89.9,
            "용적률":0,
            "건폐율":62,
            "Y":35.540255,
            "X":129.340089,
            "rank":8.0,
            "area_info":"47평(158.33), 53평(177.01), 58평(193.24), 64평(211.6), 97평(321.57), 97평(322.76)",
            "last_sales":"2021-10-08,69000.0,64평(211.6)"
        },
        {
            "index":582,
            "아파트명":"신정현대홈타운2단지",
            "투자타입":"일반",
            "전용면적(m2)":"59.34",
            "전용면적(평)":"17평",
            "법정동주소":"울산시 남구 야음동 594-10",
            "도로명주소":"울산시 남구 대암로 82",
            "세대수":90,
            "입주년차":20,
            "용적률점수":"--",
            "건폐율점수":"--",
            "세대당주차수":0,
            "난방방식":30,
            "공급면적":"--",
            "전용률":"--",
            "욕실수":50,
            "현관타입":100,
            "주거총점":53.5,
            "지역구공급총점":0.0,
            "역세권":"NA",
            "30분내 이동가능 거점":"NA",
            "1시간내 이동가능 거점":"NA",
            "교통총점":"NA",
            "백화점":100,
            "아울렛몰":0,
            "대형마트":100,
            "은행":70,
            "병원":80,
            "종합병원":100,
            "공원":100,
            "혐오시설":0,
            "인프라총점":83.0,
            "초등학군":100.0,
            "중학군":49.18,
            "학군총점":59.344,
            "인구수":38.02,
            "인구증감":-14.98,
            "인구총점":22.12,
            "일자리":22.4,
            "소득수준":68.51,
            "일자리총점":36.233,
            "가치 총점":66.761,
            "매매실거래년":20220113.0,
            "매매실거래가":30000.0,
            "전세실거래년":20210814.0,
            "전세실거래가":15000.0,
            "전세가율":93.17,
            "장기전세가율평균":72.53,
            "전세가율거품지수":-20.64,
            "검색코드":6058,
            "세대수":1420.0,
            "준공년월":"1999-11-27",
            "준공년차":24.0,
            "가까운역이름":"NA",
            "가까운역거리":"NA",
            "역세권여부":"NA",
            "30분이내주요거점역":"NA",
            "1시간이내주요거점역":"NA",
            "3km이내백화점수":2,
            "5km이내아울렛몰수":0,
            "1km이내대형먀트수":3,
            "500m이내은행수":3,
            "500m이내병원수":46,
            "5km이내대형병원수":4,
            "500m이내공원수":6,
            "3km이내혐오시설수":0,
            "초등학교학업성취도":100.0,
            "중학교학업성취도":81.1,
            "용적률":0,
            "건폐율":20,
            "Y":35.529607,
            "X":129.324156,
            "rank":9.0,
            "area_info":"17평(59.34), 22평(75.99), 22평(75.9), 31평(103.74), 31평(103.85), 32평(107.65), 43평(145.21)",
            "last_sales":"2022-01-13,30000.0,22평(75.9)"
        },
        {
            "index":219,
            "아파트명":"아데라움",
            "투자타입":"일반",
            "전용면적(m2)":"111.88",
            "전용면적(평)":"33평",
            "법정동주소":"울산시 남구 삼산동 182-1",
            "도로명주소":"울산시 남구 강남로 348",
            "세대수":90,
            "입주년차":40,
            "용적률점수":"--",
            "건폐율점수":"--",
            "세대당주차수":60,
            "난방방식":30,
            "공급면적":"--",
            "전용률":"--",
            "욕실수":100,
            "현관타입":100,
            "주거총점":71.5,
            "지역구공급총점":0.0,
            "역세권":"NA",
            "30분내 이동가능 거점":"NA",
            "1시간내 이동가능 거점":"NA",
            "교통총점":"NA",
            "백화점":100,
            "아울렛몰":0,
            "대형마트":80,
            "은행":0,
            "병원":10,
            "종합병원":100,
            "공원":100,
            "혐오시설":0,
            "인프라총점":66.0,
            "초등학군":84.61,
            "중학군":54.78,
            "학군총점":60.746,
            "인구수":38.02,
            "인구증감":-14.98,
            "인구총점":22.12,
            "일자리":22.4,
            "소득수준":68.51,
            "일자리총점":36.233,
            "가치 총점":66.6115,
            "매매실거래년":20210913.0,
            "매매실거래가":65800.0,
            "전세실거래년":20210622.0,
            "전세실거래가":40000.0,
            "전세가율":73.39,
            "장기전세가율평균":72.53,
            "전세가율거품지수":-0.86,
            "검색코드":12053,
            "세대수":994.0,
            "준공년월":"2005-02-07",
            "준공년차":18.0,
            "가까운역이름":"NA",
            "가까운역거리":"NA",
            "역세권여부":"NA",
            "30분이내주요거점역":"NA",
            "1시간이내주요거점역":"NA",
            "3km이내백화점수":2,
            "5km이내아울렛몰수":0,
            "1km이내대형먀트수":1,
            "500m이내은행수":0,
            "500m이내병원수":2,
            "5km이내대형병원수":5,
            "500m이내공원수":10,
            "3km이내혐오시설수":0,
            "초등학교학업성취도":84.61,
            "중학교학업성취도":89.9,
            "용적률":274,
            "건폐율":16,
            "Y":35.545978,
            "X":129.346614,
            "rank":10.0,
            "area_info":"33평(111.88), 43평(145.18), 50평(167.24)",
            "last_sales":"2021-09-13,65800.0,50평(167.24)"
        },
        {
            "index":335,
            "아파트명":"대공원대명루첸",
            "투자타입":"일반",
            "전용면적(m2)":"109.88",
            "전용면적(평)":"33평",
            "법정동주소":"울산시 남구 신정동 1909",
            "도로명주소":"울산시 남구 중앙로120번길 12-8",
            "세대수":50,
            "입주년차":80,
            "용적률점수":"--",
            "건폐율점수":"--",
            "세대당주차수":30,
            "난방방식":30,
            "공급면적":"--",
            "전용률":"--",
            "욕실수":100,
            "현관타입":100,
            "주거총점":61.0,
            "지역구공급총점":0.0,
            "역세권":"NA",
            "30분내 이동가능 거점":"NA",
            "1시간내 이동가능 거점":"NA",
            "교통총점":"NA",
            "백화점":100,
            "아울렛몰":0,
            "대형마트":100,
            "은행":0,
            "병원":60,
            "종합병원":100,
            "공원":100,
            "혐오시설":0,
            "인프라총점":74.0,
            "초등학군":90.61,
            "중학군":54.7,
            "학군총점":61.882,
            "인구수":38.02,
            "인구증감":-14.98,
            "인구총점":22.12,
            "일자리":22.4,
            "소득수준":68.51,
            "일자리총점":36.233,
            "가치 총점":66.4205,
            "매매실거래년":20211023.0,
            "매매실거래가":81000.0,
            "전세실거래년":20211213.0,
            "전세실거래가":35000.0,
            "전세가율":41.18,
            "장기전세가율평균":72.53,
            "전세가율거품지수":31.35,
            "검색코드":107757,
            "세대수":547.0,
            "준공년월":"2016-11-21",
            "준공년차":7.0,
            "가까운역이름":"NA",
            "가까운역거리":"NA",
            "역세권여부":"NA",
            "30분이내주요거점역":"NA",
            "1시간이내주요거점역":"NA",
            "3km이내백화점수":2,
            "5km이내아울렛몰수":0,
            "1km이내대형먀트수":3,
            "500m이내은행수":0,
            "500m이내병원수":23,
            "5km이내대형병원수":4,
            "500m이내공원수":4,
            "3km이내혐오시설수":0,
            "초등학교학업성취도":90.61,
            "중학교학업성취도":89.9,
            "용적률":277,
            "건폐율":18,
            "Y":35.531377,
            "X":129.316401,
            "rank":11.0,
            "area_info":"33평(109.88), 33평(110.36), 33평(110.48)",
            "last_sales":"2021-10-23,81000.0,33평(110.36)"
        },
        {
            "index":576,
            "아파트명":"신정현대홈타운1단지",
            "투자타입":"일반",
            "전용면적(m2)":"59.34",
            "전용면적(평)":"17평",
            "법정동주소":"울산시 남구 야음동 594-37",
            "도로명주소":"울산시 남구 대암로 81",
            "세대수":90,
            "입주년차":20,
            "용적률점수":"--",
            "건폐율점수":"--",
            "세대당주차수":0,
            "난방방식":30,
            "공급면적":"--",
            "전용률":"--",
            "욕실수":50,
            "현관타입":100,
            "주거총점":53.5,
            "지역구공급총점":0.0,
            "역세권":"NA",
            "30분내 이동가능 거점":"NA",
            "1시간내 이동가능 거점":"NA",
            "교통총점":"NA",
            "백화점":100,
            "아울렛몰":0,
            "대형마트":100,
            "은행":70,
            "병원":60,
            "종합병원":100,
            "공원":100,
            "혐오시설":0,
            "인프라총점":81.0,
            "초등학군":100.0,
            "중학군":51.44,
            "학군총점":61.152,
            "인구수":38.02,
            "인구증감":-14.98,
            "인구총점":22.12,
            "일자리":22.4,
            "소득수준":68.51,
            "일자리총점":36.233,
            "가치 총점":66.413,
            "매매실거래년":20220106.0,
            "매매실거래가":38000.0,
            "전세실거래년":20211129.0,
            "전세실거래가":14500.0,
            "전세가율":87.88,
            "장기전세가율평균":72.53,
            "전세가율거품지수":-15.35,
            "검색코드":12082,
            "세대수":1085.0,
            "준공년월":"1999-11-13",
            "준공년차":24.0,
            "가까운역이름":"NA",
            "가까운역거리":"NA",
            "역세권여부":"NA",
            "30분이내주요거점역":"NA",
            "1시간이내주요거점역":"NA",
            "3km이내백화점수":2,
            "5km이내아울렛몰수":0,
            "1km이내대형먀트수":3,
            "500m이내은행수":3,
            "500m이내병원수":29,
            "5km이내대형병원수":4,
            "500m이내공원수":10,
            "3km이내혐오시설수":0,
            "초등학교학업성취도":100.0,
            "중학교학업성취도":85.4,
            "용적률":0,
            "건폐율":0,
            "Y":35.530653,
            "X":129.325074,
            "rank":12.0,
            "area_info":"17평(59.34), 22평(75.99), 22평(75.9), 31평(103.74), 32평(107.65), 43평(145.21)",
            "last_sales":"2022-01-06,38000.0,31평(103.74)"
        },
        {
            "index":384,
            "아파트명":"문수로2차아이파크2단지",
            "투자타입":"일반",
            "전용면적(m2)":"110.93",
            "전용면적(평)":"33평",
            "법정동주소":"울산시 남구 신정동 1890",
            "도로명주소":"울산시 남구 동산로69번길 14",
            "세대수":50,
            "입주년차":60,
            "용적률점수":"--",
            "건폐율점수":"--",
            "세대당주차수":60,
            "난방방식":30,
            "공급면적":"--",
            "전용률":"--",
            "욕실수":100,
            "현관타입":100,
            "주거총점":61.5,
            "지역구공급총점":0.0,
            "역세권":"NA",
            "30분내 이동가능 거점":"NA",
            "1시간내 이동가능 거점":"NA",
            "교통총점":"NA",
            "백화점":100,
            "아울렛몰":0,
            "대형마트":100,
            "은행":0,
            "병원":30,
            "종합병원":100,
            "공원":100,
            "혐오시설":0,
            "인프라총점":71.0,
            "초등학군":83.53,
            "중학군":59.02,
            "학군총점":63.922,
            "인구수":38.02,
            "인구증감":-14.98,
            "인구총점":22.12,
            "일자리":22.4,
            "소득수준":68.51,
            "일자리총점":36.233,
            "가치 총점":65.9055,
            "매매실거래년":20210601.0,
            "매매실거래가":139000.0,
            "전세실거래년":20211222.0,
            "전세실거래가":45670.0,
            "전세가율":38.38,
            "장기전세가율평균":72.53,
            "전세가율거품지수":34.15,
            "검색코드":104797,
            "세대수":488.0,
            "준공년월":"2013-12-31",
            "준공년차":10.0,
            "가까운역이름":"NA",
            "가까운역거리":"NA",
            "역세권여부":"NA",
            "30분이내주요거점역":"NA",
            "1시간이내주요거점역":"NA",
            "3km이내백화점수":1,
            "5km이내아울렛몰수":0,
            "1km이내대형먀트수":2,
            "500m이내은행수":1,
            "500m이내병원수":7,
            "5km이내대형병원수":4,
            "500m이내공원수":8,
            "3km이내혐오시설수":0,
            "초등학교학업성취도":83.53,
            "중학교학업성취도":96.1,
            "용적률":243,
            "건폐율":19,
            "Y":35.536964,
            "X":129.304054,
            "rank":13.0,
            "area_info":"33평(110.93), 33평(110.42), 33평(111.09), 39평(130.79), 39평(131.49), 39평(131.35), 43평(143.21), 44평(147.68)",
            "last_sales":"2021-06-01,139000.0,44평(147.68)"
        },
        {
            "index":407,
            "아파트명":"신성미소지움1단지",
            "투자타입":"일반",
            "전용면적(m2)":"113.38",
            "전용면적(평)":"34평",
            "법정동주소":"울산시 남구 신정동 1852",
            "도로명주소":"울산시 남구 대암로 25",
            "세대수":50,
            "입주년차":40,
            "용적률점수":"--",
            "건폐율점수":"--",
            "세대당주차수":60,
            "난방방식":30,
            "공급면적":"--",
            "전용률":"--",
            "욕실수":100,
            "현관타입":100,
            "주거총점":57.5,
            "지역구공급총점":0.0,
            "역세권":"NA",
            "30분내 이동가능 거점":"NA",
            "1시간내 이동가능 거점":"NA",
            "교통총점":"NA",
            "백화점":100,
            "아울렛몰":0,
            "대형마트":100,
            "은행":0,
            "병원":80,
            "종합병원":100,
            "공원":100,
            "혐오시설":0,
            "인프라총점":76.0,
            "초등학군":90.61,
            "중학군":51.44,
            "학군총점":59.274,
            "인구수":38.02,
            "인구증감":-14.98,
            "인구총점":22.12,
            "일자리":22.4,
            "소득수준":68.51,
            "일자리총점":36.233,
            "가치 총점":65.3435,
            "매매실거래년":20211207.0,
            "매매실거래가":57000.0,
            "전세실거래년":20211222.0,
            "전세실거래가":43000.0,
            "전세가율":75.44,
            "장기전세가율평균":72.53,
            "전세가율거품지수":-2.91,
            "검색코드":19543,
            "세대수":462.0,
            "준공년월":"2007-08-07",
            "준공년차":16.0,
            "가까운역이름":"NA",
            "가까운역거리":"NA",
            "역세권여부":"NA",
            "30분이내주요거점역":"NA",
            "1시간이내주요거점역":"NA",
            "3km이내백화점수":2,
            "5km이내아울렛몰수":0,
            "1km이내대형먀트수":3,
            "500m이내은행수":0,
            "500m이내병원수":39,
            "5km이내대형병원수":4,
            "500m이내공원수":8,
            "3km이내혐오시설수":0,
            "초등학교학업성취도":90.61,
            "중학교학업성취도":85.4,
            "용적률":337,
            "건폐율":22,
            "Y":35.531707,
            "X":129.319185,
            "rank":14.0,
            "area_info":"34평(113.38), 34평(113.55), 45평(151.87), 46평(152.2), 46평(152.13), 50평(165.47)",
            "last_sales":"2021-12-07,57000.0,34평(113.38)"
        },
        {
            "index":422,
            "아파트명":"신정롯데캐슬킹덤",
            "투자타입":"일반",
            "전용면적(m2)":"222.72",
            "전용면적(평)":"67평",
            "법정동주소":"울산시 남구 신정동 1860",
            "도로명주소":"울산시 남구 문수로 471",
            "세대수":0,
            "입주년차":40,
            "용적률점수":"--",
            "건폐율점수":"--",
            "세대당주차수":100,
            "난방방식":30,
            "공급면적":"--",
            "전용률":"--",
            "욕실수":100,
            "현관타입":100,
            "주거총점":46.0,
            "지역구공급총점":0.0,
            "역세권":"NA",
            "30분내 이동가능 거점":"NA",
            "1시간내 이동가능 거점":"NA",
            "교통총점":"NA",
            "백화점":100,
            "아울렛몰":0,
            "대형마트":100,
            "은행":70,
            "병원":60,
            "종합병원":100,
            "공원":100,
            "혐오시설":0,
            "인프라총점":81.0,
            "초등학군":94.64,
            "중학군":59.02,
            "학군총점":66.144,
            "인구수":38.02,
            "인구증감":-14.98,
            "인구총점":22.12,
            "일자리":22.4,
            "소득수준":68.51,
            "일자리총점":36.233,
            "가치 총점":65.036,
            "매매실거래년":20210203.0,
            "매매실거래가":183000.0,
            "전세실거래년":20200811.0,
            "전세실거래가":60000.0,
            "전세가율":47.24,
            "장기전세가율평균":72.53,
            "전세가율거품지수":25.29,
            "검색코드":24840,
            "세대수":196.0,
            "준공년월":"2008-06-20",
            "준공년차":15.0,
            "가까운역이름":"NA",
            "가까운역거리":"NA",
            "역세권여부":"NA",
            "30분이내주요거점역":"NA",
            "1시간이내주요거점역":"NA",
            "3km이내백화점수":1,
            "5km이내아울렛몰수":0,
            "1km이내대형먀트수":3,
            "500m이내은행수":3,
            "500m이내병원수":27,
            "5km이내대형병원수":4,
            "500m이내공원수":6,
            "3km이내혐오시설수":0,
            "초등학교학업성취도":94.64,
            "중학교학업성취도":96.1,
            "용적률":246,
            "건폐율":12,
            "Y":35.533338,
            "X":129.305186,
            "rank":15.0,
            "area_info":"67평(222.72), 76평(254.42), 79평(263.16), 89평(297.01), 108평(359.17)",
            "last_sales":"2021-02-03,183000.0,76평(254.42)"
        },
        {
            "index":589,
            "아파트명":"쌍용스윗닷홈1단지",
            "투자타입":"일반",
            "전용면적(m2)":"95.33",
            "전용면적(평)":"28평",
            "법정동주소":"울산시 남구 야음동 789-105",
            "도로명주소":"울산시 남구 야음로 33",
            "세대수":50,
            "입주년차":40,
            "용적률점수":"--",
            "건폐율점수":"--",
            "세대당주차수":0,
            "난방방식":30,
            "공급면적":"--",
            "전용률":"--",
            "욕실수":100,
            "현관타입":100,
            "주거총점":48.5,
            "지역구공급총점":0.0,
            "역세권":"NA",
            "30분내 이동가능 거점":"NA",
            "1시간내 이동가능 거점":"NA",
            "교통총점":"NA",
            "백화점":100,
            "아울렛몰":0,
            "대형마트":100,
            "은행":70,
            "병원":80,
            "종합병원":100,
            "공원":100,
            "혐오시설":0,
            "인프라총점":83.0,
            "초등학군":91.15,
            "중학군":49.18,
            "학군총점":57.574,
            "인구수":38.02,
            "인구증감":-14.98,
            "인구총점":22.12,
            "일자리":22.4,
            "소득수준":68.51,
            "일자리총점":36.233,
            "가치 총점":64.5685,
            "매매실거래년":20211004.0,
            "매매실거래가":64000.0,
            "전세실거래년":20211227.0,
            "전세실거래가":38000.0,
            "전세가율":73.08,
            "장기전세가율평균":72.53,
            "전세가율거품지수":-0.55,
            "검색코드":12007,
            "세대수":512.0,
            "준공년월":"2004-10-26",
            "준공년차":19.0,
            "가까운역이름":"NA",
            "가까운역거리":"NA",
            "역세권여부":"NA",
            "30분이내주요거점역":"NA",
            "1시간이내주요거점역":"NA",
            "3km이내백화점수":2,
            "5km이내아울렛몰수":0,
            "1km이내대형먀트수":2,
            "500m이내은행수":3,
            "500m이내병원수":50,
            "5km이내대형병원수":3,
            "500m이내공원수":2,
            "3km이내혐오시설수":0,
            "초등학교학업성취도":91.15,
            "중학교학업성취도":81.1,
            "용적률":199,
            "건폐율":0,
            "Y":35.525783,
            "X":129.321866,
            "rank":16.0,
            "area_info":"28평(95.33), 32평(105.89), 45평(149.28)",
            "last_sales":"2021-10-04,64000.0,32평(105.89)"
        },
        {
            "index":445,
            "아파트명":"신정현대홈타운4단지",
            "투자타입":"일반",
            "전용면적(m2)":"59.34",
            "전용면적(평)":"17평",
            "법정동주소":"울산시 남구 신정동 851-20",
            "도로명주소":"울산시 남구 대암로 51",
            "세대수":50,
            "입주년차":20,
            "용적률점수":"--",
            "건폐율점수":"--",
            "세대당주차수":100,
            "난방방식":30,
            "공급면적":"--",
            "전용률":"--",
            "욕실수":50,
            "현관타입":10,
            "주거총점":45.5,
            "지역구공급총점":0.0,
            "역세권":"NA",
            "30분내 이동가능 거점":"NA",
            "1시간내 이동가능 거점":"NA",
            "교통총점":"NA",
            "백화점":100,
            "아울렛몰":0,
            "대형마트":100,
            "은행":70,
            "병원":80,
            "종합병원":100,
            "공원":100,
            "혐오시설":0,
            "인프라총점":83.0,
            "초등학군":92.16,
            "중학군":51.44,
            "학군총점":59.584,
            "인구수":38.02,
            "인구증감":-14.98,
            "인구총점":22.12,
            "일자리":22.4,
            "소득수준":68.51,
            "일자리총점":36.233,
            "가치 총점":64.021,
            "매매실거래년":20211202.0,
            "매매실거래가":46800.0,
            "전세실거래년":20211213.0,
            "전세실거래가":12600.0,
            "전세가율":72.0,
            "장기전세가율평균":72.53,
            "전세가율거품지수":0.53,
            "검색코드":12084,
            "세대수":673.0,
            "준공년월":"2001-11-15",
            "준공년차":22.0,
            "가까운역이름":"NA",
            "가까운역거리":"NA",
            "역세권여부":"NA",
            "30분이내주요거점역":"NA",
            "1시간이내주요거점역":"NA",
            "3km이내백화점수":2,
            "5km이내아울렛몰수":0,
            "1km이내대형먀트수":3,
            "500m이내은행수":3,
            "500m이내병원수":57,
            "5km이내대형병원수":4,
            "500m이내공원수":10,
            "3km이내혐오시설수":0,
            "초등학교학업성취도":92.16,
            "중학교학업성취도":85.4,
            "용적률":372,
            "건폐율":23,
            "Y":35.53159,
            "X":129.321686,
            "rank":17.0,
            "area_info":"17평(59.34), 17평(59.34), 22평(75.99), 31평(103.74), 32평(107.65)",
            "last_sales":"2021-12-02,46800.0,32평(107.65)"
        },
        {
            "index":15,
            "아파트명":"달동주공1단지",
            "투자타입":"일반",
            "전용면적(m2)":"57.1",
            "전용면적(평)":"17평",
            "법정동주소":"울산시 남구 달동 118-3",
            "도로명주소":"울산시 남구 번영로107번길 22",
            "세대수":90,
            "입주년차":0,
            "용적률점수":"--",
            "건폐율점수":"--",
            "세대당주차수":0,
            "난방방식":80,
            "공급면적":"--",
            "전용률":"--",
            "욕실수":50,
            "현관타입":10,
            "주거총점":45.5,
            "지역구공급총점":0.0,
            "역세권":"NA",
            "30분내 이동가능 거점":"NA",
            "1시간내 이동가능 거점":"NA",
            "교통총점":"NA",
            "백화점":100,
            "아울렛몰":0,
            "대형마트":80,
            "은행":100,
            "병원":80,
            "종합병원":100,
            "공원":100,
            "혐오시설":0,
            "인프라총점":83.0,
            "초등학군":85.45,
            "중학군":51.44,
            "학군총점":58.242,
            "인구수":38.02,
            "인구증감":-14.98,
            "인구총점":22.12,
            "일자리":22.4,
            "소득수준":68.51,
            "일자리총점":36.233,
            "가치 총점":63.6855,
            "매매실거래년":20220107.0,
            "매매실거래가":17700.0,
            "전세실거래년":20220110.0,
            "전세실거래가":14000.0,
            "전세가율":79.1,
            "장기전세가율평균":72.53,
            "전세가율거품지수":-6.57,
            "검색코드":5855,
            "세대수":948.0,
            "준공년월":"1993-11-16",
            "준공년차":30.0,
            "가까운역이름":"NA",
            "가까운역거리":"NA",
            "역세권여부":"NA",
            "30분이내주요거점역":"NA",
            "1시간이내주요거점역":"NA",
            "3km이내백화점수":2,
            "5km이내아울렛몰수":0,
            "1km이내대형먀트수":1,
            "500m이내은행수":10,
            "500m이내병원수":33,
            "5km이내대형병원수":4,
            "500m이내공원수":14,
            "3km이내혐오시설수":0,
            "초등학교학업성취도":85.45,
            "중학교학업성취도":85.4,
            "용적률":0,
            "건폐율":0,
            "Y":35.535045,
            "X":129.32634,
            "rank":18.0,
            "area_info":"17평(57.1), 20평(67.89), 21평(71.15), 24평(80.63), 24평(82.45)",
            "last_sales":"2022-01-07,17700.0,17평(57.1)"
        },
        {
            "index":597,
            "아파트명":"울산남구호수공원대명루첸",
            "투자타입":"일반",
            "전용면적(m2)":"99.28",
            "전용면적(평)":"30평",
            "법정동주소":"울산시 남구 야음동 401-1",
            "도로명주소":"울산시 남구 신선로 186",
            "세대수":80,
            "입주년차":100,
            "용적률점수":"--",
            "건폐율점수":"--",
            "세대당주차수":30,
            "난방방식":30,
            "공급면적":"--",
            "전용률":"--",
            "욕실수":100,
            "현관타입":100,
            "주거총점":75.5,
            "지역구공급총점":0.0,
            "역세권":"NA",
            "30분내 이동가능 거점":"NA",
            "1시간내 이동가능 거점":"NA",
            "교통총점":"NA",
            "백화점":100,
            "아울렛몰":0,
            "대형마트":0,
            "은행":0,
            "병원":60,
            "종합병원":100,
            "공원":0,
            "혐오시설":0,
            "인프라총점":56.0,
            "초등학군":100.0,
            "중학군":49.18,
            "학군총점":59.344,
            "인구수":38.02,
            "인구증감":-14.98,
            "인구총점":22.12,
            "일자리":22.4,
            "소득수준":68.51,
            "일자리총점":36.233,
            "가치 총점":63.661,
            "매매실거래년":20210226.0,
            "매매실거래가":71500.0,
            "전세실거래년":20211101.0,
            "전세실거래가":38000.0,
            "전세가율":55.88,
            "장기전세가율평균":72.53,
            "전세가율거품지수":16.65,
            "검색코드":111310,
            "세대수":817.0,
            "준공년월":"2020-01-01",
            "준공년차":3.0,
            "가까운역이름":"NA",
            "가까운역거리":"NA",
            "역세권여부":"NA",
            "30분이내주요거점역":"NA",
            "1시간이내주요거점역":"NA",
            "3km이내백화점수":2,
            "5km이내아울렛몰수":0,
            "1km이내대형먀트수":0,
            "500m이내은행수":1,
            "500m이내병원수":10,
            "5km이내대형병원수":3,
            "500m이내공원수":0,
            "3km이내혐오시설수":0,
            "초등학교학업성취도":100.0,
            "중학교학업성취도":81.1,
            "용적률":0,
            "건폐율":0,
            "Y":35.521039,
            "X":129.332008,
            "rank":19.0,
            "area_info":"30평(99.28), 30평(99.21)",
            "last_sales":"2021-02-26,71500.0,30평(99.21)"
        },
        {
            "index":73,
            "아파트명":"현대2차",
            "투자타입":"일반",
            "전용면적(m2)":"101.12",
            "전용면적(평)":"30평",
            "법정동주소":"울산시 남구 달동 118-1",
            "도로명주소":"울산시 남구 삼산로156번길 5-74",
            "세대수":50,
            "입주년차":0,
            "용적률점수":"--",
            "건폐율점수":"--",
            "세대당주차수":30,
            "난방방식":30,
            "공급면적":"--",
            "전용률":"--",
            "욕실수":100,
            "현관타입":100,
            "주거총점":45.0,
            "지역구공급총점":0.0,
            "역세권":"NA",
            "30분내 이동가능 거점":"NA",
            "1시간내 이동가능 거점":"NA",
            "교통총점":"NA",
            "백화점":100,
            "아울렛몰":0,
            "대형마트":80,
            "은행":100,
            "병원":80,
            "종합병원":100,
            "공원":100,
            "혐오시설":0,
            "인프라총점":83.0,
            "초등학군":85.45,
            "중학군":51.44,
            "학군총점":58.242,
            "인구수":38.02,
            "인구증감":-14.98,
            "인구총점":22.12,
            "일자리":22.4,
            "소득수준":68.51,
            "일자리총점":36.233,
            "가치 총점":63.5105,
            "매매실거래년":20211218.0,
            "매매실거래가":61500.0,
            "전세실거래년":20200509.0,
            "전세실거래가":18000.0,
            "전세가율":41.38,
            "장기전세가율평균":72.53,
            "전세가율거품지수":31.15,
            "검색코드":5878,
            "세대수":499.0,
            "준공년월":"1994-09-29",
            "준공년차":29.0,
            "가까운역이름":"NA",
            "가까운역거리":"NA",
            "역세권여부":"NA",
            "30분이내주요거점역":"NA",
            "1시간이내주요거점역":"NA",
            "3km이내백화점수":2,
            "5km이내아울렛몰수":0,
            "1km이내대형먀트수":1,
            "500m이내은행수":10,
            "500m이내병원수":39,
            "5km이내대형병원수":4,
            "500m이내공원수":11,
            "3km이내혐오시설수":0,
            "초등학교학업성취도":85.45,
            "중학교학업성취도":85.4,
            "용적률":225,
            "건폐율":22,
            "Y":35.536149,
            "X":129.325929,
            "rank":20.0,
            "area_info":"30평(101.12), 33평(109.65), 36평(121.32), 36평(121.39), 45평(151.99)",
            "last_sales":"2021-12-18,61500.0,45평(151.99)"
        },
        {
            "index":622,
            "아파트명":"일동미라주",
            "투자타입":"일반",
            "전용면적(m2)":"96.48",
            "전용면적(평)":"29평",
            "법정동주소":"울산시 남구 야음동 725-1",
            "도로명주소":"울산시 남구 중앙로 39",
            "세대수":50,
            "입주년차":40,
            "용적률점수":"--",
            "건폐율점수":"--",
            "세대당주차수":30,
            "난방방식":30,
            "공급면적":"--",
            "전용률":"--",
            "욕실수":100,
            "현관타입":100,
            "주거총점":53.0,
            "지역구공급총점":0.0,
            "역세권":"NA",
            "30분내 이동가능 거점":"NA",
            "1시간내 이동가능 거점":"NA",
            "교통총점":"NA",
            "백화점":100,
            "아울렛몰":0,
            "대형마트":100,
            "은행":0,
            "병원":60,
            "종합병원":100,
            "공원":0,
            "혐오시설":0,
            "인프라총점":71.0,
            "초등학군":100.0,
            "중학군":54.7,
            "학군총점":63.76,
            "인구수":38.02,
            "인구증감":-14.98,
            "인구총점":22.12,
            "일자리":22.4,
            "소득수준":68.51,
            "일자리총점":36.233,
            "가치 총점":62.89,
            "매매실거래년":20211119.0,
            "매매실거래가":38000.0,
            "전세실거래년":20211009.0,
            "전세실거래가":34000.0,
            "전세가율":89.47,
            "장기전세가율평균":72.53,
            "전세가율거품지수":-16.94,
            "검색코드":13748,
            "세대수":526.0,
            "준공년월":"2004-10-13",
            "준공년차":19.0,
            "가까운역이름":"NA",
            "가까운역거리":"NA",
            "역세권여부":"NA",
            "30분이내주요거점역":"NA",
            "1시간이내주요거점역":"NA",
            "3km이내백화점수":2,
            "5km이내아울렛몰수":0,
            "1km이내대형먀트수":2,
            "500m이내은행수":1,
            "500m이내병원수":19,
            "5km이내대형병원수":3,
            "500m이내공원수":0,
            "3km이내혐오시설수":0,
            "초등학교학업성취도":100.0,
            "중학교학업성취도":89.9,
            "용적률":195,
            "건폐율":17,
            "Y":35.52451,
            "X":129.317171,
            "rank":21.0,
            "area_info":"29평(96.48), 29평(96.48), 32평(106.35)",
            "last_sales":"2021-11-19,38000.0,29평(96.48)"
        },
        {
            "index":530,
            "아파트명":"대현더샵1단지",
            "투자타입":"일반",
            "전용면적(m2)":"96.91",
            "전용면적(평)":"29평",
            "법정동주소":"울산시 남구 야음동 911",
            "도로명주소":"울산시 남구 수암로190번길 18",
            "세대수":0,
            "입주년차":80,
            "용적률점수":"--",
            "건폐율점수":"--",
            "세대당주차수":30,
            "난방방식":30,
            "공급면적":"--",
            "전용률":"--",
            "욕실수":100,
            "현관타입":100,
            "주거총점":43.5,
            "지역구공급총점":0.0,
            "역세권":"NA",
            "30분내 이동가능 거점":"NA",
            "1시간내 이동가능 거점":"NA",
            "교통총점":"NA",
            "백화점":100,
            "아울렛몰":0,
            "대형마트":100,
            "은행":70,
            "병원":60,
            "종합병원":100,
            "공원":100,
            "혐오시설":0,
            "인프라총점":81.0,
            "초등학군":91.15,
            "중학군":49.18,
            "학군총점":57.574,
            "인구수":38.02,
            "인구증감":-14.98,
            "인구총점":22.12,
            "일자리":22.4,
            "소득수준":68.51,
            "일자리총점":36.233,
            "가치 총점":62.0185,
            "매매실거래년":20211218.0,
            "매매실거래가":84000.0,
            "전세실거래년":20211216.0,
            "전세실거래가":41000.0,
            "전세가율":55.63,
            "장기전세가율평균":72.53,
            "전세가율거품지수":16.9,
            "검색코드":111347,
            "세대수":275.0,
            "준공년월":"2018-10-30",
            "준공년차":5.0,
            "가까운역이름":"NA",
            "가까운역거리":"NA",
            "역세권여부":"NA",
            "30분이내주요거점역":"NA",
            "1시간이내주요거점역":"NA",
            "3km이내백화점수":2,
            "5km이내아울렛몰수":0,
            "1km이내대형먀트수":2,
            "500m이내은행수":3,
            "500m이내병원수":17,
            "5km이내대형병원수":3,
            "500m이내공원수":2,
            "3km이내혐오시설수":0,
            "초등학교학업성취도":91.15,
            "중학교학업성취도":81.1,
            "용적률":0,
            "건폐율":0,
            "Y":35.525574,
            "X":129.326996,
            "rank":22.0,
            "area_info":"29평(96.91), 29평(97.56), 34평(113.89), 34평(114.25), 34평(114.13), 34평(114.61), 49평(165.2), 50평(166.33), 50평(166.96), 50평(166.4)",
            "last_sales":"2021-12-18,84000.0,34평(114.13)"
        },
        {
            "index":53,
            "아파트명":"울산센트럴자이",
            "투자타입":"일반",
            "전용면적(m2)":"106.49",
            "전용면적(평)":"32평",
            "법정동주소":"울산시 남구 달동 1364-1",
            "도로명주소":"울산시 남구 삼산로 231",
            "세대수":0,
            "입주년차":80,
            "용적률점수":"--",
            "건폐율점수":"--",
            "세대당주차수":60,
            "난방방식":30,
            "공급면적":"--",
            "전용률":"--",
            "욕실수":100,
            "현관타입":100,
            "주거총점":48.0,
            "지역구공급총점":0.0,
            "역세권":"NA",
            "30분내 이동가능 거점":"NA",
            "1시간내 이동가능 거점":"NA",
            "교통총점":"NA",
            "백화점":100,
            "아울렛몰":0,
            "대형마트":0,
            "은행":100,
            "병원":100,
            "종합병원":100,
            "공원":100,
            "혐오시설":0,
            "인프라총점":73.0,
            "초등학군":89.41,
            "중학군":56.96,
            "학군총점":63.45,
            "인구수":38.02,
            "인구증감":-14.98,
            "인구총점":22.12,
            "일자리":22.4,
            "소득수준":68.51,
            "일자리총점":36.233,
            "가치 총점":61.8625,
            "매매실거래년":20201119.0,
            "매매실거래가":67000.0,
            "전세실거래년":20200924.0,
            "전세실거래가":40000.0,
            "전세가율":101.27,
            "장기전세가율평균":72.53,
            "전세가율거품지수":-28.74,
            "검색코드":107742,
            "세대수":288.0,
            "준공년월":"2015-11-24",
            "준공년차":8.0,
            "가까운역이름":"NA",
            "가까운역거리":"NA",
            "역세권여부":"NA",
            "30분이내주요거점역":"NA",
            "1시간이내주요거점역":"NA",
            "3km이내백화점수":2,
            "5km이내아울렛몰수":0,
            "1km이내대형먀트수":0,
            "500m이내은행수":10,
            "500m이내병원수":147,
            "5km이내대형병원수":4,
            "500m이내공원수":20,
            "3km이내혐오시설수":0,
            "초등학교학업성취도":89.41,
            "중학교학업성취도":93.4,
            "용적률":933,
            "건폐율":69,
            "Y":35.538697,
            "X":129.332713,
            "rank":23.0,
            "area_info":"32평(106.49), 32평(106.93), 34평(114.13), 35평(118.8), 35평(118.35), 35평(118.93), 35평(118.46), 35평(118.28), 35평(118.24), 35평(118.15), 38평(127.21), 41평(137.61), 43평(145.42), 46평(155.05), 46평(155.05)",
            "last_sales":"2020-11-19,67000.0,43평(145.42)"
        },
        {
            "index":357,
            "아파트명":"대공원코오롱파크폴리스",
            "투자타입":"일반",
            "전용면적(m2)":"149.23",
            "전용면적(평)":"45평",
            "법정동주소":"울산시 남구 신정동 1873",
            "도로명주소":"울산시 남구 대공원로 241",
            "세대수":0,
            "입주년차":60,
            "용적률점수":"--",
            "건폐율점수":"--",
            "세대당주차수":100,
            "난방방식":30,
            "공급면적":"--",
            "전용률":"--",
            "욕실수":100,
            "현관타입":100,
            "주거총점":50.0,
            "지역구공급총점":0.0,
            "역세권":"NA",
            "30분내 이동가능 거점":"NA",
            "1시간내 이동가능 거점":"NA",
            "교통총점":"NA",
            "백화점":100,
            "아울렛몰":0,
            "대형마트":100,
            "은행":20,
            "병원":60,
            "종합병원":100,
            "공원":0,
            "혐오시설":0,
            "인프라총점":73.0,
            "초등학군":94.64,
            "중학군":51.68,
            "학군총점":60.272,
            "인구수":38.02,
            "인구증감":-14.98,
            "인구총점":22.12,
            "일자리":22.4,
            "소득수준":68.51,
            "일자리총점":36.233,
            "가치 총점":61.768,
            "매매실거래년":20211203.0,
            "매매실거래가":99000.0,
            "전세실거래년":20200926.0,
            "전세실거래가":55000.0,
            "전세가율":55.56,
            "장기전세가율평균":72.53,
            "전세가율거품지수":16.97,
            "검색코드":104677,
            "세대수":202.0,
            "준공년월":"2009-08-19",
            "준공년차":14.0,
            "가까운역이름":"NA",
            "가까운역거리":"NA",
            "역세권여부":"NA",
            "30분이내주요거점역":"NA",
            "1시간이내주요거점역":"NA",
            "3km이내백화점수":2,
            "5km이내아울렛몰수":0,
            "1km이내대형먀트수":3,
            "500m이내은행수":2,
            "500m이내병원수":29,
            "5km이내대형병원수":4,
            "500m이내공원수":0,
            "3km이내혐오시설수":0,
            "초등학교학업성취도":94.64,
            "중학교학업성취도":85.2,
            "용적률":0,
            "건폐율":79,
            "Y":35.531088,
            "X":129.307344,
            "rank":24.0,
            "area_info":"45평(149.23), 48평(161.93), 60평(201.27), 62평(205.87), 71평(235.9), 110평(366.1), 111평(370.07)",
            "last_sales":"2021-12-03,99000.0,45평(149.23)"
        },
        {
            "index":215,
            "아파트명":"세양청구마을",
            "투자타입":"일반",
            "전용면적(m2)":"78.47",
            "전용면적(평)":"23평",
            "법정동주소":"울산시 남구 삼산동 172-1",
            "도로명주소":"울산시 남구 돋질로401번길 12",
            "세대수":100,
            "입주년차":0,
            "용적률점수":"--",
            "건폐율점수":"--",
            "세대당주차수":30,
            "난방방식":30,
            "공급면적":"--",
            "전용률":"--",
            "욕실수":50,
            "현관타입":100,
            "주거총점":57.5,
            "지역구공급총점":0.0,
            "역세권":"NA",
            "30분내 이동가능 거점":"NA",
            "1시간내 이동가능 거점":"NA",
            "교통총점":"NA",
            "백화점":100,
            "아울렛몰":0,
            "대형마트":80,
            "은행":0,
            "병원":10,
            "종합병원":100,
            "공원":100,
            "혐오시설":0,
            "인프라총점":66.0,
            "초등학군":84.61,
            "중학군":54.78,
            "학군총점":60.746,
            "인구수":38.02,
            "인구증감":-14.98,
            "인구총점":22.12,
            "일자리":22.4,
            "소득수준":68.51,
            "일자리총점":36.233,
            "가치 총점":61.7115,
            "매매실거래년":20211228.0,
            "매매실거래가":28000.0,
            "전세실거래년":20211222.0,
            "전세실거래가":24000.0,
            "전세가율":85.71,
            "장기전세가율평균":72.53,
            "전세가율거품지수":-13.18,
            "검색코드":5979,
            "세대수":1562.0,
            "준공년월":"1997-12-10",
            "준공년차":26.0,
            "가까운역이름":"NA",
            "가까운역거리":"NA",
            "역세권여부":"NA",
            "30분이내주요거점역":"NA",
            "1시간이내주요거점역":"NA",
            "3km이내백화점수":2,
            "5km이내아울렛몰수":0,
            "1km이내대형먀트수":1,
            "500m이내은행수":0,
            "500m이내병원수":2,
            "5km이내대형병원수":5,
            "500m이내공원수":10,
            "3km이내혐오시설수":0,
            "초등학교학업성취도":84.61,
            "중학교학업성취도":89.9,
            "용적률":340,
            "건폐율":22,
            "Y":35.545483,
            "X":129.351369,
            "rank":25.0,
            "area_info":"23평(78.47), 27평(92.29), 32평(107.22), 47평(157.28)",
            "last_sales":"2021-12-28,28000.0,23평(78.47)"
        },
        {
            "index":617,
            "아파트명":"울산힐스테이트수암2단지",
            "투자타입":"일반",
            "전용면적(m2)":"83.66",
            "전용면적(평)":"25평",
            "법정동주소":"울산시 남구 야음동 938",
            "도로명주소":"울산시 남구 중앙로17번길 35",
            "세대수":0,
            "입주년차":100,
            "용적률점수":"--",
            "건폐율점수":"--",
            "세대당주차수":60,
            "난방방식":30,
            "공급면적":"--",
            "전용률":"--",
            "욕실수":100,
            "현관타입":100,
            "주거총점":52.0,
            "지역구공급총점":0.0,
            "역세권":"NA",
            "30분내 이동가능 거점":"NA",
            "1시간내 이동가능 거점":"NA",
            "교통총점":"NA",
            "백화점":100,
            "아울렛몰":0,
            "대형마트":100,
            "은행":0,
            "병원":30,
            "종합병원":100,
            "공원":0,
            "혐오시설":0,
            "인프라총점":68.0,
            "초등학군":100.0,
            "중학군":54.7,
            "학군총점":63.76,
            "인구수":38.02,
            "인구증감":-14.98,
            "인구총점":22.12,
            "일자리":22.4,
            "소득수준":68.51,
            "일자리총점":36.233,
            "가치 총점":61.34,
            "매매실거래년":20201217.0,
            "매매실거래가":73000.0,
            "전세실거래년":20211008.0,
            "전세실거래가":21000.0,
            "전세가율":38.18,
            "장기전세가율평균":72.53,
            "전세가율거품지수":34.35,
            "검색코드":114026,
            "세대수":154.0,
            "준공년월":"2019-10-01",
            "준공년차":4.0,
            "가까운역이름":"NA",
            "가까운역거리":"NA",
            "역세권여부":"NA",
            "30분이내주요거점역":"NA",
            "1시간이내주요거점역":"NA",
            "3km이내백화점수":2,
            "5km이내아울렛몰수":0,
            "1km이내대형먀트수":2,
            "500m이내은행수":0,
            "500m이내병원수":5,
            "5km이내대형병원수":3,
            "500m이내공원수":0,
            "3km이내혐오시설수":0,
            "초등학교학업성취도":100.0,
            "중학교학업성취도":89.9,
            "용적률":0,
            "건폐율":0,
            "Y":35.522369,
            "X":129.314324,
            "rank":26.0,
            "area_info":"25평(83.66), 25평(83.55), 29평(97.96), 33평(109.63), 33평(109.14)",
            "last_sales":"2020-12-17,73000.0,33평(109.14)"
        },
        {
            "index":462,
            "아파트명":"울산신정동양우내안애팰리스",
            "투자타입":"일반",
            "전용면적(m2)":"64.51",
            "전용면적(평)":"19평",
            "법정동주소":"울산시 남구 신정동 1903",
            "도로명주소":"울산시 남구 봉월로 55",
            "세대수":0,
            "입주년차":80,
            "용적률점수":"--",
            "건폐율점수":"--",
            "세대당주차수":60,
            "난방방식":30,
            "공급면적":"--",
            "전용률":"--",
            "욕실수":100,
            "현관타입":100,
            "주거총점":48.0,
            "지역구공급총점":0.0,
            "역세권":"NA",
            "30분내 이동가능 거점":"NA",
            "1시간내 이동가능 거점":"NA",
            "교통총점":"NA",
            "백화점":100,
            "아울렛몰":0,
            "대형마트":100,
            "은행":0,
            "병원":30,
            "종합병원":100,
            "공원":100,
            "혐오시설":0,
            "인프라총점":71.0,
            "초등학군":83.53,
            "중학군":59.02,
            "학군총점":63.922,
            "인구수":38.02,
            "인구증감":-14.98,
            "인구총점":22.12,
            "일자리":22.4,
            "소득수준":68.51,
            "일자리총점":36.233,
            "가치 총점":61.1805,
            "매매실거래년":20200121.0,
            "매매실거래가":36900.0,
            "전세실거래년":20200819.0,
            "전세실거래가":16000.0,
            "전세가율":null,
            "장기전세가율평균":72.53,
            "전세가율거품지수":null,
            "검색코드":107808,
            "세대수":217.0,
            "준공년월":"2016-10-26",
            "준공년차":7.0,
            "가까운역이름":"NA",
            "가까운역거리":"NA",
            "역세권여부":"NA",
            "30분이내주요거점역":"NA",
            "1시간이내주요거점역":"NA",
            "3km이내백화점수":2,
            "5km이내아울렛몰수":0,
            "1km이내대형먀트수":2,
            "500m이내은행수":1,
            "500m이내병원수":8,
            "5km이내대형병원수":4,
            "500m이내공원수":10,
            "3km이내혐오시설수":0,
            "초등학교학업성취도":83.53,
            "중학교학업성취도":96.1,
            "용적률":785,
            "건폐율":69,
            "Y":35.537466,
            "X":129.30522,
            "rank":27.0,
            "area_info":"19평(64.51), 23평(76.35), 27평(90.34), 27평(90.28), 29평(97.46), 31평(102.74), 33평(110.01), 33평(110.01), 34평(112.83), 34평(113.11), 34평(114.07)",
            "last_sales":"2020-01-21,36900.0,34평(114.07)"
        },
        {
            "index":46,
            "아파트명":"어울림",
            "투자타입":"일반",
            "전용면적(m2)":"77.97",
            "전용면적(평)":"23평",
            "법정동주소":"울산시 남구 달동 775-6",
            "도로명주소":"울산시 남구 도산로77번길 4",
            "세대수":50,
            "입주년차":20,
            "용적률점수":"--",
            "건폐율점수":"--",
            "세대당주차수":0,
            "난방방식":30,
            "공급면적":"--",
            "전용률":"--",
            "욕실수":50,
            "현관타입":100,
            "주거총점":39.5,
            "지역구공급총점":0.0,
            "역세권":"NA",
            "30분내 이동가능 거점":"NA",
            "1시간내 이동가능 거점":"NA",
            "교통총점":"NA",
            "백화점":100,
            "아울렛몰":0,
            "대형마트":100,
            "은행":70,
            "병원":60,
            "종합병원":100,
            "공원":100,
            "혐오시설":0,
            "인프라총점":81.0,
            "초등학군":92.16,
            "중학군":51.44,
            "학군총점":59.584,
            "인구수":38.02,
            "인구증감":-14.98,
            "인구총점":22.12,
            "일자리":22.4,
            "소득수준":68.51,
            "일자리총점":36.233,
            "가치 총점":61.121,
            "매매실거래년":20211229.0,
            "매매실거래가":29200.0,
            "전세실거래년":20211115.0,
            "전세실거래가":16600.0,
            "전세가율":56.85,
            "장기전세가율평균":72.53,
            "전세가율거품지수":15.68,
            "검색코드":5816,
            "세대수":478.0,
            "준공년월":"1999-01-19",
            "준공년차":24.0,
            "가까운역이름":"NA",
            "가까운역거리":"NA",
            "역세권여부":"NA",
            "30분이내주요거점역":"NA",
            "1시간이내주요거점역":"NA",
            "3km이내백화점수":2,
            "5km이내아울렛몰수":0,
            "1km이내대형먀트수":3,
            "500m이내은행수":3,
            "500m이내병원수":17,
            "5km이내대형병원수":4,
            "500m이내공원수":14,
            "3km이내혐오시설수":0,
            "초등학교학업성취도":92.16,
            "중학교학업성취도":85.4,
            "용적률":350,
            "건폐율":21,
            "Y":35.531944,
            "X":129.324746,
            "rank":28.0,
            "area_info":"23평(77.97), 29평(96.73), 33평(110.71)",
            "last_sales":"2021-12-29,29200.0,23평(77.97)"
        },
        {
            "index":473,
            "아파트명":"울산신정푸르지오",
            "투자타입":"일반",
            "전용면적(m2)":"98.75",
            "전용면적(평)":"29평",
            "법정동주소":"울산시 남구 신정동 318",
            "도로명주소":"울산시 남구 팔등로 85",
            "세대수":90,
            "입주년차":60,
            "용적률점수":"--",
            "건폐율점수":"--",
            "세대당주차수":60,
            "난방방식":30,
            "공급면적":"--",
            "전용률":"--",
            "욕실수":100,
            "현관타입":100,
            "주거총점":75.5,
            "지역구공급총점":0.0,
            "역세권":"NA",
            "30분내 이동가능 거점":"NA",
            "1시간내 이동가능 거점":"NA",
            "교통총점":"NA",
            "백화점":100,
            "아울렛몰":0,
            "대형마트":0,
            "은행":0,
            "병원":0,
            "종합병원":100,
            "공원":100,
            "혐오시설":0,
            "인프라총점":53.0,
            "초등학군":89.89,
            "중학군":44.56,
            "학군총점":53.626,
            "인구수":38.02,
            "인구증감":-14.98,
            "인구총점":22.12,
            "일자리":22.4,
            "소득수준":68.51,
            "일자리총점":36.233,
            "가치 총점":61.0315,
            "매매실거래년":20211119.0,
            "매매실거래가":92000.0,
            "전세실거래년":20211228.0,
            "전세실거래가":29925.0,
            "전세가율":50.98,
            "장기전세가율평균":72.53,
            "전세가율거품지수":21.55,
            "검색코드":102946,
            "세대수":1280.0,
            "준공년월":"2012-07-24",
            "준공년차":11.0,
            "가까운역이름":"NA",
            "가까운역거리":"NA",
            "역세권여부":"NA",
            "30분이내주요거점역":"NA",
            "1시간이내주요거점역":"NA",
            "3km이내백화점수":2,
            "5km이내아울렛몰수":0,
            "1km이내대형먀트수":0,
            "500m이내은행수":0,
            "500m이내병원수":1,
            "5km이내대형병원수":5,
            "500m이내공원수":6,
            "3km이내혐오시설수":0,
            "초등학교학업성취도":89.89,
            "중학교학업성취도":73.4,
            "용적률":249,
            "건폐율":14,
            "Y":35.547078,
            "X":129.315543,
            "rank":29.0,
            "area_info":"29평(98.75), 34평(113.06), 34평(113.02), 34평(114.19), 34평(114.2), 39평(131.08), 39평(131.14), 48평(161.52)",
            "last_sales":"2021-11-19,92000.0,48평(161.52)"
        },
        {
            "index":347,
            "아파트명":"대공원코아루파크베르",
            "투자타입":"일반",
            "전용면적(m2)":"83.72",
            "전용면적(평)":"25평",
            "법정동주소":"울산시 남구 신정동 1910",
            "도로명주소":"울산시 남구 문수로 482",
            "세대수":0,
            "입주년차":80,
            "용적률점수":"--",
            "건폐율점수":"--",
            "세대당주차수":30,
            "난방방식":30,
            "공급면적":"--",
            "전용률":"--",
            "욕실수":100,
            "현관타입":100,
            "주거총점":43.5,
            "지역구공급총점":0.0,
            "역세권":"NA",
            "30분내 이동가능 거점":"NA",
            "1시간내 이동가능 거점":"NA",
            "교통총점":"NA",
            "백화점":100,
            "아울렛몰":0,
            "대형마트":100,
            "은행":20,
            "병원":60,
            "종합병원":100,
            "공원":0,
            "혐오시설":0,
            "인프라총점":73.0,
            "초등학군":94.64,
            "중학군":59.02,
            "학군총점":66.144,
            "인구수":38.02,
            "인구증감":-14.98,
            "인구총점":22.12,
            "일자리":22.4,
            "소득수준":68.51,
            "일자리총점":36.233,
            "가치 총점":60.961,
            "매매실거래년":20210917.0,
            "매매실거래가":66500.0,
            "전세실거래년":20211203.0,
            "전세실거래가":27000.0,
            "전세가율":88.82,
            "장기전세가율평균":72.53,
            "전세가율거품지수":-16.29,
            "검색코드":110466,
            "세대수":231.0,
            "준공년월":"2018-04-16",
            "준공년차":5.0,
            "가까운역이름":"NA",
            "가까운역거리":"NA",
            "역세권여부":"NA",
            "30분이내주요거점역":"NA",
            "1시간이내주요거점역":"NA",
            "3km이내백화점수":2,
            "5km이내아울렛몰수":0,
            "1km이내대형먀트수":3,
            "500m이내은행수":2,
            "500m이내병원수":28,
            "5km이내대형병원수":4,
            "500m이내공원수":0,
            "3km이내혐오시설수":0,
            "초등학교학업성취도":94.64,
            "중학교학업성취도":96.1,
            "용적률":1026,
            "건폐율":66,
            "Y":35.531921,
            "X":129.306166,
            "rank":30.0,
            "area_info":"25평(83.72), 26평(86.97), 27평(91.84), 29평(95.97), 29평(96.62), 31평(104.98), 35평(117.9), 35평(117.74), 35평(118.57), 36평(119.56)",
            "last_sales":"2021-09-17,66500.0,36평(119.56)"
        },
        {
            "index":529,
            "아파트명":"대하미르빌",
            "투자타입":"일반",
            "전용면적(m2)":"99.67",
            "전용면적(평)":"30평",
            "법정동주소":"울산시 남구 야음동 695-36",
            "도로명주소":"울산시 남구 수암로149번길 9",
            "세대수":0,
            "입주년차":40,
            "용적률점수":"--",
            "건폐율점수":"--",
            "세대당주차수":60,
            "난방방식":30,
            "공급면적":"--",
            "전용률":"--",
            "욕실수":100,
            "현관타입":100,
            "주거총점":40.0,
            "지역구공급총점":0.0,
            "역세권":"NA",
            "30분내 이동가능 거점":"NA",
            "1시간내 이동가능 거점":"NA",
            "교통총점":"NA",
            "백화점":100,
            "아울렛몰":0,
            "대형마트":100,
            "은행":70,
            "병원":80,
            "종합병원":100,
            "공원":0,
            "혐오시설":0,
            "인프라총점":80.0,
            "초등학군":100.0,
            "중학군":49.18,
            "학군총점":59.344,
            "인구수":38.02,
            "인구증감":-14.98,
            "인구총점":22.12,
            "일자리":22.4,
            "소득수준":68.51,
            "일자리총점":36.233,
            "가치 총점":60.836,
            "매매실거래년":20210929.0,
            "매매실거래가":36900.0,
            "전세실거래년":20210616.0,
            "전세실거래가":17850.0,
            "전세가율":48.37,
            "장기전세가율평균":72.53,
            "전세가율거품지수":24.16,
            "검색코드":102418,
            "세대수":143.0,
            "준공년월":"2006-03-24",
            "준공년차":17.0,
            "가까운역이름":"NA",
            "가까운역거리":"NA",
            "역세권여부":"NA",
            "30분이내주요거점역":"NA",
            "1시간이내주요거점역":"NA",
            "3km이내백화점수":2,
            "5km이내아울렛몰수":0,
            "1km이내대형먀트수":3,
            "500m이내은행수":3,
            "500m이내병원수":50,
            "5km이내대형병원수":3,
            "500m이내공원수":0,
            "3km이내혐오시설수":0,
            "초등학교학업성취도":100.0,
            "중학교학업성취도":81.1,
            "용적률":346,
            "건폐율":63,
            "Y":35.527608,
            "X":129.322326,
            "rank":31.0,
            "area_info":"30평(99.67)",
            "last_sales":"2021-09-29,36900.0,30평(99.67)"
        },
        {
            "index":0,
            "아파트명":"달동SK뷰",
            "투자타입":"일반",
            "전용면적(m2)":"79.31",
            "전용면적(평)":"23평",
            "법정동주소":"울산시 남구 달동 809-1",
            "도로명주소":"울산시 남구 중앙로128번길 54",
            "세대수":50,
            "입주년차":20,
            "용적률점수":"--",
            "건폐율점수":"--",
            "세대당주차수":30,
            "난방방식":30,
            "공급면적":"--",
            "전용률":"--",
            "욕실수":50,
            "현관타입":100,
            "주거총점":44.0,
            "지역구공급총점":0.0,
            "역세권":"NA",
            "30분내 이동가능 거점":"NA",
            "1시간내 이동가능 거점":"NA",
            "교통총점":"NA",
            "백화점":100,
            "아울렛몰":0,
            "대형마트":100,
            "은행":20,
            "병원":60,
            "종합병원":100,
            "공원":100,
            "혐오시설":0,
            "인프라총점":76.0,
            "초등학군":90.61,
            "중학군":51.44,
            "학군총점":59.274,
            "인구수":38.02,
            "인구증감":-14.98,
            "인구총점":22.12,
            "일자리":22.4,
            "소득수준":68.51,
            "일자리총점":36.233,
            "가치 총점":60.6185,
            "매매실거래년":20211208.0,
            "매매실거래가":31000.0,
            "전세실거래년":20211028.0,
            "전세실거래가":16400.0,
            "전세가율":52.9,
            "장기전세가율평균":72.53,
            "전세가율거품지수":19.63,
            "검색코드":5891,
            "세대수":454.0,
            "준공년월":"1999-04-06",
            "준공년차":24.0,
            "가까운역이름":"NA",
            "가까운역거리":"NA",
            "역세권여부":"NA",
            "30분이내주요거점역":"NA",
            "1시간이내주요거점역":"NA",
            "3km이내백화점수":2,
            "5km이내아울렛몰수":0,
            "1km이내대형먀트수":3,
            "500m이내은행수":2,
            "500m이내병원수":25,
            "5km이내대형병원수":4,
            "500m이내공원수":10,
            "3km이내혐오시설수":0,
            "초등학교학업성취도":90.61,
            "중학교학업성취도":85.4,
            "용적률":253,
            "건폐율":20,
            "Y":35.533573,
            "X":129.320847,
            "rank":32.0,
            "area_info":"23평(79.31), 24평(79.34), 29평(97.21), 32평(107.83)",
            "last_sales":"2021-12-08,31000.0,23평(79.31)"
        },
        {
            "index":428,
            "아파트명":"신정이안",
            "투자타입":"일반",
            "전용면적(m2)":"101.77",
            "전용면적(평)":"30평",
            "법정동주소":"울산시 남구 신정동 650-17",
            "도로명주소":"울산시 남구 삼산로45번길 30",
            "세대수":0,
            "입주년차":40,
            "용적률점수":"--",
            "건폐율점수":"--",
            "세대당주차수":60,
            "난방방식":30,
            "공급면적":"--",
            "전용률":"--",
            "욕실수":100,
            "현관타입":100,
            "주거총점":40.0,
            "지역구공급총점":0.0,
            "역세권":"NA",
            "30분내 이동가능 거점":"NA",
            "1시간내 이동가능 거점":"NA",
            "교통총점":"NA",
            "백화점":100,
            "아울렛몰":0,
            "대형마트":80,
            "은행":100,
            "병원":60,
            "종합병원":100,
            "공원":100,
            "혐오시설":0,
            "인프라총점":81.0,
            "초등학군":87.47,
            "중학군":44.56,
            "학군총점":53.142,
            "인구수":38.02,
            "인구증감":-14.98,
            "인구총점":22.12,
            "일자리":22.4,
            "소득수준":68.51,
            "일자리총점":36.233,
            "가치 총점":59.6855,
            "매매실거래년":20211211.0,
            "매매실거래가":41700.0,
            "전세실거래년":20210730.0,
            "전세실거래가":24000.0,
            "전세가율":78.43,
            "장기전세가율평균":72.53,
            "전세가율거품지수":-5.9,
            "검색코드":22433,
            "세대수":151.0,
            "준공년월":"2007-04-27",
            "준공년차":16.0,
            "가까운역이름":"NA",
            "가까운역거리":"NA",
            "역세권여부":"NA",
            "30분이내주요거점역":"NA",
            "1시간이내주요거점역":"NA",
            "3km이내백화점수":2,
            "5km이내아울렛몰수":0,
            "1km이내대형먀트수":1,
            "500m이내은행수":7,
            "500m이내병원수":28,
            "5km이내대형병원수":4,
            "500m이내공원수":2,
            "3km이내혐오시설수":0,
            "초등학교학업성취도":87.47,
            "중학교학업성취도":73.4,
            "용적률":390,
            "건폐율":37,
            "Y":35.536184,
            "X":129.311991,
            "rank":33.0,
            "area_info":"30평(101.77), 30평(102.13), 30평(102.23), 36평(119.42), 46평(154.84)",
            "last_sales":"2021-12-11,41700.0,36평(119.42)"
        },
        {
            "index":242,
            "아파트명":"평창현대3단지",
            "투자타입":"일반",
            "전용면적(m2)":"77.28",
            "전용면적(평)":"23평",
            "법정동주소":"울산시 남구 삼산동 1538-2",
            "도로명주소":"울산시 남구 삼산중로128번길 21",
            "세대수":80,
            "입주년차":0,
            "용적률점수":"--",
            "건폐율점수":"--",
            "세대당주차수":30,
            "난방방식":30,
            "공급면적":"--",
            "전용률":"--",
            "욕실수":50,
            "현관타입":100,
            "주거총점":50.5,
            "지역구공급총점":0.0,
            "역세권":"NA",
            "30분내 이동가능 거점":"NA",
            "1시간내 이동가능 거점":"NA",
            "교통총점":"NA",
            "백화점":100,
            "아울렛몰":0,
            "대형마트":0,
            "은행":70,
            "병원":60,
            "종합병원":100,
            "공원":100,
            "혐오시설":0,
            "인프라총점":66.0,
            "초등학군":89.83,
            "중학군":54.78,
            "학군총점":61.79,
            "인구수":38.02,
            "인구증감":-14.98,
            "인구총점":22.12,
            "일자리":22.4,
            "소득수준":68.51,
            "일자리총점":36.233,
            "가치 총점":59.5225,
            "매매실거래년":20211228.0,
            "매매실거래가":31000.0,
            "전세실거래년":20201223.0,
            "전세실거래가":21000.0,
            "전세가율":67.74,
            "장기전세가율평균":72.53,
            "전세가율거품지수":4.79,
            "검색코드":5971,
            "세대수":782.0,
            "준공년월":"1995-10-28",
            "준공년차":28.0,
            "가까운역이름":"NA",
            "가까운역거리":"NA",
            "역세권여부":"NA",
            "30분이내주요거점역":"NA",
            "1시간이내주요거점역":"NA",
            "3km이내백화점수":2,
            "5km이내아울렛몰수":0,
            "1km이내대형먀트수":0,
            "500m이내은행수":3,
            "500m이내병원수":12,
            "5km이내대형병원수":5,
            "500m이내공원수":12,
            "3km이내혐오시설수":0,
            "초등학교학업성취도":89.83,
            "중학교학업성취도":89.9,
            "용적률":300,
            "건폐율":19,
            "Y":35.54546,
            "X":129.338124,
            "rank":34.0,
            "area_info":"23평(77.28), 31평(104.04), 47평(157.5), 58평(193.1)",
            "last_sales":"2021-12-28,31000.0,23평(77.28)"
        },
        {
            "index":248,
            "아파트명":"한화꿈에그린2단지",
            "투자타입":"일반",
            "전용면적(m2)":"106.61",
            "전용면적(평)":"32평",
            "법정동주소":"울산시 남구 삼산동 324-17",
            "도로명주소":"울산시 남구 산업로613번길 29",
            "세대수":30,
            "입주년차":60,
            "용적률점수":"--",
            "건폐율점수":"--",
            "세대당주차수":60,
            "난방방식":30,
            "공급면적":"--",
            "전용률":"--",
            "욕실수":100,
            "현관타입":100,
            "주거총점":54.5,
            "지역구공급총점":0.0,
            "역세권":"NA",
            "30분내 이동가능 거점":"NA",
            "1시간내 이동가능 거점":"NA",
            "교통총점":"NA",
            "백화점":100,
            "아울렛몰":0,
            "대형마트":80,
            "은행":0,
            "병원":10,
            "종합병원":100,
            "공원":100,
            "혐오시설":0,
            "인프라총점":66.0,
            "초등학군":84.61,
            "중학군":48.64,
            "학군총점":55.834,
            "인구수":38.02,
            "인구증감":-14.98,
            "인구총점":22.12,
            "일자리":22.4,
            "소득수준":68.51,
            "일자리총점":36.233,
            "가치 총점":59.4335,
            "매매실거래년":20211229.0,
            "매매실거래가":68000.0,
            "전세실거래년":20211022.0,
            "전세실거래가":38000.0,
            "전세가율":69.98,
            "장기전세가율평균":72.53,
            "전세가율거품지수":2.55,
            "검색코드":103045,
            "세대수":336.0,
            "준공년월":"2010-06-30",
            "준공년차":13.0,
            "가까운역이름":"NA",
            "가까운역거리":"NA",
            "역세권여부":"NA",
            "30분이내주요거점역":"NA",
            "1시간이내주요거점역":"NA",
            "3km이내백화점수":2,
            "5km이내아울렛몰수":0,
            "1km이내대형먀트수":1,
            "500m이내은행수":0,
            "500m이내병원수":2,
            "5km이내대형병원수":4,
            "500m이내공원수":8,
            "3km이내혐오시설수":0,
            "초등학교학업성취도":84.61,
            "중학교학업성취도":80.2,
            "용적률":249,
            "건폐율":23,
            "Y":35.535399,
            "X":129.348003,
            "rank":35.0,
            "area_info":"32평(106.61), 47평(158.27)",
            "last_sales":"2021-12-29,68000.0,47평(158.27)"
        },
        {
            "index":246,
            "아파트명":"한화꿈에그린1단지",
            "투자타입":"일반",
            "전용면적(m2)":"105.84",
            "전용면적(평)":"32평",
            "법정동주소":"울산시 남구 삼산동 324-15",
            "도로명주소":"울산시 남구 산업로613번길 26",
            "세대수":30,
            "입주년차":60,
            "용적률점수":"--",
            "건폐율점수":"--",
            "세대당주차수":60,
            "난방방식":30,
            "공급면적":"--",
            "전용률":"--",
            "욕실수":100,
            "현관타입":100,
            "주거총점":54.5,
            "지역구공급총점":0.0,
            "역세권":"NA",
            "30분내 이동가능 거점":"NA",
            "1시간내 이동가능 거점":"NA",
            "교통총점":"NA",
            "백화점":100,
            "아울렛몰":0,
            "대형마트":80,
            "은행":0,
            "병원":10,
            "종합병원":100,
            "공원":100,
            "혐오시설":0,
            "인프라총점":66.0,
            "초등학군":84.61,
            "중학군":48.64,
            "학군총점":55.834,
            "인구수":38.02,
            "인구증감":-14.98,
            "인구총점":22.12,
            "일자리":22.4,
            "소득수준":68.51,
            "일자리총점":36.233,
            "가치 총점":59.4335,
            "매매실거래년":20210916.0,
            "매매실거래가":54000.0,
            "전세실거래년":20211218.0,
            "전세실거래가":38000.0,
            "전세가율":69.09,
            "장기전세가율평균":72.53,
            "전세가율거품지수":3.44,
            "검색코드":103043,
            "세대수":380.0,
            "준공년월":"2010-06-30",
            "준공년차":13.0,
            "가까운역이름":"NA",
            "가까운역거리":"NA",
            "역세권여부":"NA",
            "30분이내주요거점역":"NA",
            "1시간이내주요거점역":"NA",
            "3km이내백화점수":2,
            "5km이내아울렛몰수":0,
            "1km이내대형먀트수":1,
            "500m이내은행수":0,
            "500m이내병원수":3,
            "5km이내대형병원수":4,
            "500m이내공원수":6,
            "3km이내혐오시설수":0,
            "초등학교학업성취도":84.61,
            "중학교학업성취도":80.2,
            "용적률":249,
            "건폐율":24,
            "Y":35.536844,
            "X":129.348611,
            "rank":35.0,
            "area_info":"32평(105.84), 47평(157.11)",
            "last_sales":"2021-09-16,54000.0,47평(157.11)"
        },
        {
            "index":375,
            "아파트명":"디아채(101동)",
            "투자타입":"일반",
            "전용면적(m2)":"152.79",
            "전용면적(평)":"46평",
            "법정동주소":"울산시 남구 신정동 1241-5",
            "도로명주소":"울산시 남구 거마로 124",
            "세대수":0,
            "입주년차":40,
            "용적률점수":"--",
            "건폐율점수":"--",
            "세대당주차수":80,
            "난방방식":30,
            "공급면적":"--",
            "전용률":"--",
            "욕실수":100,
            "현관타입":100,
            "주거총점":43.0,
            "지역구공급총점":0.0,
            "역세권":"NA",
            "30분내 이동가능 거점":"NA",
            "1시간내 이동가능 거점":"NA",
            "교통총점":"NA",
            "백화점":100,
            "아울렛몰":0,
            "대형마트":100,
            "은행":0,
            "병원":30,
            "종합병원":100,
            "공원":100,
            "혐오시설":0,
            "인프라총점":71.0,
            "초등학군":83.53,
            "중학군":59.02,
            "학군총점":63.922,
            "인구수":38.02,
            "인구증감":-14.98,
            "인구총점":22.12,
            "일자리":22.4,
            "소득수준":68.51,
            "일자리총점":36.233,
            "가치 총점":59.4305,
            "매매실거래년":20201104.0,
            "매매실거래가":50800.0,
            "전세실거래년":20210908.0,
            "전세실거래가":56000.0,
            "전세가율":121.74,
            "장기전세가율평균":72.53,
            "전세가율거품지수":-49.21,
            "검색코드":100157,
            "세대수":108.0,
            "준공년월":"2004-05-29",
            "준공년차":19.0,
            "가까운역이름":"NA",
            "가까운역거리":"NA",
            "역세권여부":"NA",
            "30분이내주요거점역":"NA",
            "1시간이내주요거점역":"NA",
            "3km이내백화점수":1,
            "5km이내아울렛몰수":0,
            "1km이내대형먀트수":2,
            "500m이내은행수":1,
            "500m이내병원수":8,
            "5km이내대형병원수":4,
            "500m이내공원수":10,
            "3km이내혐오시설수":0,
            "초등학교학업성취도":83.53,
            "중학교학업성취도":96.1,
            "용적률":260,
            "건폐율":22,
            "Y":35.539695,
            "X":129.304109,
            "rank":36.0,
            "area_info":"46평(152.79), 52평(174.98)",
            "last_sales":"2020-11-04,50800.0,52평(174.98)"
        },
        {
            "index":665,
            "아파트명":"도성",
            "투자타입":"재건축",
            "전용면적(m2)":"45.9",
            "전용면적(평)":"13평",
            "법정동주소":"울산시 남구 옥동 1386",
            "도로명주소":"울산시 남구 문수로369번길 58",
            "세대수":50,
            "입주년차":"--",
            "용적률점수":80,
            "건폐율점수":60,
            "세대당주차수":"--",
            "난방방식":"--",
            "공급면적":50,
            "전용률":80,
            "욕실수":"--",
            "현관타입":"--",
            "주거총점":65.5,
            "지역구공급총점":0.0,
            "역세권":"NA",
            "30분내 이동가능 거점":"NA",
            "1시간내 이동가능 거점":"NA",
            "교통총점":"NA",
            "백화점":0,
            "아울렛몰":0,
            "대형마트":100,
            "은행":70,
            "병원":60,
            "종합병원":100,
            "공원":100,
            "혐오시설":0,
            "인프라총점":51.0,
            "초등학군":83.43,
            "중학군":58.84,
            "학군총점":63.758,
            "인구수":38.02,
            "인구증감":-14.98,
            "인구총점":22.12,
            "일자리":22.4,
            "소득수준":68.51,
            "일자리총점":36.233,
            "가치 총점":59.2645,
            "매매실거래년":20211115.0,
            "매매실거래가":32000.0,
            "전세실거래년":20201020.0,
            "전세실거래가":7000.0,
            "전세가율":30.43,
            "장기전세가율평균":72.53,
            "전세가율거품지수":42.1,
            "검색코드":6106,
            "세대수":678.0,
            "준공년월":"1987-04-01",
            "준공년차":36.0,
            "가까운역이름":"NA",
            "가까운역거리":"NA",
            "역세권여부":"NA",
            "30분이내주요거점역":"NA",
            "1시간이내주요거점역":"NA",
            "3km이내백화점수":0,
            "5km이내아울렛몰수":0,
            "1km이내대형먀트수":2,
            "500m이내은행수":3,
            "500m이내병원수":14,
            "5km이내대형병원수":4,
            "500m이내공원수":8,
            "3km이내혐오시설수":0,
            "초등학교학업성취도":83.43,
            "중학교학업성취도":96.0,
            "용적률":176,
            "건폐율":34,
            "Y":35.538148,
            "X":129.296244,
            "rank":37.0,
            "area_info":"13평(45.9), 16평(56.1), 18평(61.38)",
            "last_sales":"2021-11-15,32000.0,16평(56.1)"
        },
        {
            "index":26,
            "아파트명":"달동힐스테이트",
            "투자타입":"일반",
            "전용면적(m2)":"109.44",
            "전용면적(평)":"33평",
            "법정동주소":"울산시 남구 달동 1352-2",
            "도로명주소":"울산시 남구 왕생로86번길 28",
            "세대수":0,
            "입주년차":40,
            "용적률점수":"--",
            "건폐율점수":"--",
            "세대당주차수":60,
            "난방방식":30,
            "공급면적":"--",
            "전용률":"--",
            "욕실수":100,
            "현관타입":100,
            "주거총점":40.0,
            "지역구공급총점":0.0,
            "역세권":"NA",
            "30분내 이동가능 거점":"NA",
            "1시간내 이동가능 거점":"NA",
            "교통총점":"NA",
            "백화점":100,
            "아울렛몰":0,
            "대형마트":0,
            "은행":100,
            "병원":100,
            "종합병원":100,
            "공원":100,
            "혐오시설":0,
            "인프라총점":73.0,
            "초등학군":89.41,
            "중학군":56.96,
            "학군총점":63.45,
            "인구수":38.02,
            "인구증감":-14.98,
            "인구총점":22.12,
            "일자리":22.4,
            "소득수준":68.51,
            "일자리총점":36.233,
            "가치 총점":59.0625,
            "매매실거래년":20211023.0,
            "매매실거래가":74500.0,
            "전세실거래년":20170218.0,
            "전세실거래가":32000.0,
            "전세가율":60.09,
            "장기전세가율평균":72.53,
            "전세가율거품지수":12.44,
            "검색코드":19230,
            "세대수":160.0,
            "준공년월":"2006-05-29",
            "준공년차":17.0,
            "가까운역이름":"NA",
            "가까운역거리":"NA",
            "역세권여부":"NA",
            "30분이내주요거점역":"NA",
            "1시간이내주요거점역":"NA",
            "3km이내백화점수":2,
            "5km이내아울렛몰수":0,
            "1km이내대형먀트수":0,
            "500m이내은행수":10,
            "500m이내병원수":159,
            "5km이내대형병원수":4,
            "500m이내공원수":20,
            "3km이내혐오시설수":0,
            "초등학교학업성취도":89.41,
            "중학교학업성취도":93.4,
            "용적률":249,
            "건폐율":23,
            "Y":35.541023,
            "X":129.334246,
            "rank":38.0,
            "area_info":"33평(109.44), 47평(155.86), 47평(155.86)",
            "last_sales":"2021-10-23,74500.0,47평(155.86)"
        },
        {
            "index":551,
            "아파트명":"대현디아채",
            "투자타입":"일반",
            "전용면적(m2)":"115.77",
            "전용면적(평)":"35평",
            "법정동주소":"울산시 남구 야음동 885",
            "도로명주소":"울산시 남구 수암로196번길 20",
            "세대수":0,
            "입주년차":60,
            "용적률점수":"--",
            "건폐율점수":"--",
            "세대당주차수":30,
            "난방방식":30,
            "공급면적":"--",
            "전용률":"--",
            "욕실수":100,
            "현관타입":100,
            "주거총점":39.5,
            "지역구공급총점":0.0,
            "역세권":"NA",
            "30분내 이동가능 거점":"NA",
            "1시간내 이동가능 거점":"NA",
            "교통총점":"NA",
            "백화점":100,
            "아울렛몰":0,
            "대형마트":100,
            "은행":20,
            "병원":60,
            "종합병원":100,
            "공원":100,
            "혐오시설":0,
            "인프라총점":76.0,
            "초등학군":91.15,
            "중학군":49.18,
            "학군총점":57.574,
            "인구수":38.02,
            "인구증감":-14.98,
            "인구총점":22.12,
            "일자리":22.4,
            "소득수준":68.51,
            "일자리총점":36.233,
            "가치 총점":58.6185,
            "매매실거래년":20211004.0,
            "매매실거래가":52000.0,
            "전세실거래년":20210329.0,
            "전세실거래가":39000.0,
            "전세가율":79.27,
            "장기전세가율평균":72.53,
            "전세가율거품지수":-6.74,
            "검색코드":103580,
            "세대수":137.0,
            "준공년월":"2011-05-27",
            "준공년차":12.0,
            "가까운역이름":"NA",
            "가까운역거리":"NA",
            "역세권여부":"NA",
            "30분이내주요거점역":"NA",
            "1시간이내주요거점역":"NA",
            "3km이내백화점수":2,
            "5km이내아울렛몰수":0,
            "1km이내대형먀트수":2,
            "500m이내은행수":2,
            "500m이내병원수":10,
            "5km이내대형병원수":3,
            "500m이내공원수":2,
            "3km이내혐오시설수":0,
            "초등학교학업성취도":91.15,
            "중학교학업성취도":81.1,
            "용적률":196,
            "건폐율":19,
            "Y":35.524738,
            "X":129.328442,
            "rank":39.0,
            "area_info":"35평(115.77), 35평(116.56), 35평(116.53)",
            "last_sales":"2021-10-04,52000.0,35평(116.53)"
        },
        {
            "index":43,
            "아파트명":"삼환아르누보",
            "투자타입":"일반",
            "전용면적(m2)":"156.84",
            "전용면적(평)":"47평",
            "법정동주소":"울산시 남구 달동 1412",
            "도로명주소":"울산시 남구 삼산로 87",
            "세대수":0,
            "입주년차":60,
            "용적률점수":"--",
            "건폐율점수":"--",
            "세대당주차수":80,
            "난방방식":30,
            "공급면적":"--",
            "전용률":"--",
            "욕실수":100,
            "현관타입":100,
            "주거총점":47.0,
            "지역구공급총점":0.0,
            "역세권":"NA",
            "30분내 이동가능 거점":"NA",
            "1시간내 이동가능 거점":"NA",
            "교통총점":"NA",
            "백화점":100,
            "아울렛몰":0,
            "대형마트":80,
            "은행":0,
            "병원":60,
            "종합병원":100,
            "공원":100,
            "혐오시설":0,
            "인프라총점":71.0,
            "초등학군":87.47,
            "중학군":44.56,
            "학군총점":53.142,
            "인구수":38.02,
            "인구증감":-14.98,
            "인구총점":22.12,
            "일자리":22.4,
            "소득수준":68.51,
            "일자리총점":36.233,
            "가치 총점":58.1355,
            "매매실거래년":20210828.0,
            "매매실거래가":46000.0,
            "전세실거래년":20200522.0,
            "전세실거래가":30000.0,
            "전세가율":76.34,
            "장기전세가율평균":72.53,
            "전세가율거품지수":-3.81,
            "검색코드":25536,
            "세대수":127.0,
            "준공년월":"2009-04-03",
            "준공년차":14.0,
            "가까운역이름":"NA",
            "가까운역거리":"NA",
            "역세권여부":"NA",
            "30분이내주요거점역":"NA",
            "1시간이내주요거점역":"NA",
            "3km이내백화점수":2,
            "5km이내아울렛몰수":0,
            "1km이내대형먀트수":1,
            "500m이내은행수":0,
            "500m이내병원수":29,
            "5km이내대형병원수":5,
            "500m이내공원수":4,
            "3km이내혐오시설수":0,
            "초등학교학업성취도":87.47,
            "중학교학업성취도":73.4,
            "용적률":419,
            "건폐율":48,
            "Y":35.535379,
            "X":129.317227,
            "rank":40.0,
            "area_info":"47평(156.84), 47평(157.43), 52평(171.98)",
            "last_sales":"2021-08-28,46000.0,52평(171.98)"
        },
        {
            "index":206,
            "아파트명":"삼산현대",
            "투자타입":"재건축",
            "전용면적(m2)":"107.87",
            "전용면적(평)":"32평",
            "법정동주소":"울산시 남구 삼산동 1459-1",
            "도로명주소":"울산시 남구 월평로 253",
            "세대수":90,
            "입주년차":"--",
            "용적률점수":0,
            "건폐율점수":80,
            "세대당주차수":"--",
            "난방방식":"--",
            "공급면적":90,
            "전용률":60,
            "욕실수":"--",
            "현관타입":"--",
            "주거총점":50.5,
            "지역구공급총점":0.0,
            "역세권":"NA",
            "30분내 이동가능 거점":"NA",
            "1시간내 이동가능 거점":"NA",
            "교통총점":"NA",
            "백화점":100,
            "아울렛몰":0,
            "대형마트":0,
            "은행":70,
            "병원":10,
            "종합병원":100,
            "공원":100,
            "혐오시설":0,
            "인프라총점":61.0,
            "초등학군":89.41,
            "중학군":56.96,
            "학군총점":63.45,
            "인구수":38.02,
            "인구증감":-14.98,
            "인구총점":22.12,
            "일자리":22.4,
            "소득수준":68.51,
            "일자리총점":36.233,
            "가치 총점":57.9375,
            "매매실거래년":20211005.0,
            "매매실거래가":74700.0,
            "전세실거래년":20211210.0,
            "전세실거래가":30000.0,
            "전세가율":52.72,
            "장기전세가율평균":72.53,
            "전세가율거품지수":19.81,
            "검색코드":22707,
            "세대수":962.0,
            "준공년월":"1990-12-03",
            "준공년차":33.0,
            "가까운역이름":"NA",
            "가까운역거리":"NA",
            "역세권여부":"NA",
            "30분이내주요거점역":"NA",
            "1시간이내주요거점역":"NA",
            "3km이내백화점수":2,
            "5km이내아울렛몰수":0,
            "1km이내대형먀트수":0,
            "500m이내은행수":3,
            "500m이내병원수":2,
            "5km이내대형병원수":5,
            "500m이내공원수":8,
            "3km이내혐오시설수":0,
            "초등학교학업성취도":89.41,
            "중학교학업성취도":93.4,
            "용적률":293,
            "건폐율":25,
            "Y":35.547889,
            "X":129.333599,
            "rank":41.0,
            "area_info":"32평(107.87), 47평(158.04), 56평(186.72)",
            "last_sales":"2021-10-05,74700.0,47평(158.04)"
        },
        {
            "index":4,
            "아파트명":"달동삼성",
            "투자타입":"일반",
            "전용면적(m2)":"78.35",
            "전용면적(평)":"23평",
            "법정동주소":"울산시 남구 달동 758",
            "도로명주소":"울산시 남구 신정로17번길 5",
            "세대수":50,
            "입주년차":0,
            "용적률점수":"--",
            "건폐율점수":"--",
            "세대당주차수":0,
            "난방방식":30,
            "공급면적":"--",
            "전용률":"--",
            "욕실수":50,
            "현관타입":100,
            "주거총점":35.5,
            "지역구공급총점":0.0,
            "역세권":"NA",
            "30분내 이동가능 거점":"NA",
            "1시간내 이동가능 거점":"NA",
            "교통총점":"NA",
            "백화점":100,
            "아울렛몰":0,
            "대형마트":100,
            "은행":20,
            "병원":60,
            "종합병원":100,
            "공원":100,
            "혐오시설":0,
            "인프라총점":76.0,
            "초등학군":92.16,
            "중학군":51.44,
            "학군총점":59.584,
            "인구수":38.02,
            "인구증감":-14.98,
            "인구총점":22.12,
            "일자리":22.4,
            "소득수준":68.51,
            "일자리총점":36.233,
            "가치 총점":57.721,
            "매매실거래년":20211219.0,
            "매매실거래가":25800.0,
            "전세실거래년":20220113.0,
            "전세실거래가":15225.0,
            "전세가율":59.01,
            "장기전세가율평균":72.53,
            "전세가율거품지수":13.52,
            "검색코드":5826,
            "세대수":692.0,
            "준공년월":"1997-02-06",
            "준공년차":26.0,
            "가까운역이름":"NA",
            "가까운역거리":"NA",
            "역세권여부":"NA",
            "30분이내주요거점역":"NA",
            "1시간이내주요거점역":"NA",
            "3km이내백화점수":2,
            "5km이내아울렛몰수":0,
            "1km이내대형먀트수":3,
            "500m이내은행수":2,
            "500m이내병원수":26,
            "5km이내대형병원수":4,
            "500m이내공원수":14,
            "3km이내혐오시설수":0,
            "초등학교학업성취도":92.16,
            "중학교학업성취도":85.4,
            "용적률":358,
            "건폐율":28,
            "Y":35.533323,
            "X":129.322221,
            "rank":42.0,
            "area_info":"23평(78.35), 29평(96.66), 31평(105.08)",
            "last_sales":"2021-12-19,25800.0,23평(78.35)"
        },
        {
            "index":301,
            "아파트명":"강변센트럴하이츠",
            "투자타입":"일반",
            "전용면적(m2)":"108.52",
            "전용면적(평)":"32평",
            "법정동주소":"울산시 남구 신정동 319",
            "도로명주소":"울산시 남구 중앙로290번길 53",
            "세대수":50,
            "입주년차":60,
            "용적률점수":"--",
            "건폐율점수":"--",
            "세대당주차수":80,
            "난방방식":30,
            "공급면적":"--",
            "전용률":"--",
            "욕실수":100,
            "현관타입":100,
            "주거총점":64.5,
            "지역구공급총점":0.0,
            "역세권":"NA",
            "30분내 이동가능 거점":"NA",
            "1시간내 이동가능 거점":"NA",
            "교통총점":"NA",
            "백화점":100,
            "아울렛몰":0,
            "대형마트":0,
            "은행":0,
            "병원":10,
            "종합병원":100,
            "공원":100,
            "혐오시설":0,
            "인프라총점":54.0,
            "초등학군":89.89,
            "중학군":44.56,
            "학군총점":53.626,
            "인구수":38.02,
            "인구증감":-14.98,
            "인구총점":22.12,
            "일자리":22.4,
            "소득수준":68.51,
            "일자리총점":36.233,
            "가치 총점":57.5815,
            "매매실거래년":20211020.0,
            "매매실거래가":87000.0,
            "전세실거래년":20200810.0,
            "전세실거래가":32000.0,
            "전세가율":47.76,
            "장기전세가율평균":72.53,
            "전세가율거품지수":24.77,
            "검색코드":103590,
            "세대수":672.0,
            "준공년월":"2011-01-31",
            "준공년차":12.0,
            "가까운역이름":"NA",
            "가까운역거리":"NA",
            "역세권여부":"NA",
            "30분이내주요거점역":"NA",
            "1시간이내주요거점역":"NA",
            "3km이내백화점수":2,
            "5km이내아울렛몰수":0,
            "1km이내대형먀트수":0,
            "500m이내은행수":0,
            "500m이내병원수":3,
            "5km이내대형병원수":5,
            "500m이내공원수":4,
            "3km이내혐오시설수":0,
            "초등학교학업성취도":89.89,
            "중학교학업성취도":73.4,
            "용적률":225,
            "건폐율":35,
            "Y":35.548912,
            "X":129.314371,
            "rank":43.0,
            "area_info":"32평(108.52), 33평(109.7), 36평(120.06), 48평(161.35), 50평(165.79), 57평(190.62)",
            "last_sales":"2021-10-20,87000.0,50평(165.79)"
        },
        {
            "index":460,
            "아파트명":"우남팜파스",
            "투자타입":"일반",
            "전용면적(m2)":"94.72",
            "전용면적(평)":"28평",
            "법정동주소":"울산시 남구 신정동 872-4",
            "도로명주소":"울산시 남구 중앙로75번길 7",
            "세대수":0,
            "입주년차":40,
            "용적률점수":"--",
            "건폐율점수":"--",
            "세대당주차수":30,
            "난방방식":30,
            "공급면적":"--",
            "전용률":"--",
            "욕실수":100,
            "현관타입":100,
            "주거총점":35.5,
            "지역구공급총점":0.0,
            "역세권":"NA",
            "30분내 이동가능 거점":"NA",
            "1시간내 이동가능 거점":"NA",
            "교통총점":"NA",
            "백화점":100,
            "아울렛몰":0,
            "대형마트":100,
            "은행":0,
            "병원":80,
            "종합병원":100,
            "공원":0,
            "혐오시설":0,
            "인프라총점":73.0,
            "초등학군":100.0,
            "중학군":54.7,
            "학군총점":63.76,
            "인구수":38.02,
            "인구증감":-14.98,
            "인구총점":22.12,
            "일자리":22.4,
            "소득수준":68.51,
            "일자리총점":36.233,
            "가치 총점":57.565,
            "매매실거래년":20210918.0,
            "매매실거래가":34900.0,
            "전세실거래년":20191009.0,
            "전세실거래가":17000.0,
            "전세가율":51.52,
            "장기전세가율평균":72.53,
            "전세가율거품지수":21.01,
            "검색코드":19751,
            "세대수":172.0,
            "준공년월":"2004-12-24",
            "준공년차":19.0,
            "가까운역이름":"NA",
            "가까운역거리":"NA",
            "역세권여부":"NA",
            "30분이내주요거점역":"NA",
            "1시간이내주요거점역":"NA",
            "3km이내백화점수":2,
            "5km이내아울렛몰수":0,
            "1km이내대형먀트수":3,
            "500m이내은행수":1,
            "500m이내병원수":34,
            "5km이내대형병원수":3,
            "500m이내공원수":0,
            "3km이내혐오시설수":0,
            "초등학교학업성취도":100.0,
            "중학교학업성취도":89.9,
            "용적률":195,
            "건폐율":13,
            "Y":35.527613,
            "X":129.316119,
            "rank":44.0,
            "area_info":"28평(94.72), 33평(109.32)",
            "last_sales":"2021-09-18,34900.0,33평(109.32)"
        },
        {
            "index":33,
            "아파트명":"번영로코아루더클래식",
            "투자타입":"일반",
            "전용면적(m2)":"112.14",
            "전용면적(평)":"33평",
            "법정동주소":"울산시 남구 달동 578-1",
            "도로명주소":"울산시 남구 번영로 165",
            "세대수":0,
            "입주년차":80,
            "용적률점수":"--",
            "건폐율점수":"--",
            "세대당주차수":30,
            "난방방식":30,
            "공급면적":"--",
            "전용률":"--",
            "욕실수":100,
            "현관타입":100,
            "주거총점":43.5,
            "지역구공급총점":0.0,
            "역세권":"NA",
            "30분내 이동가능 거점":"NA",
            "1시간내 이동가능 거점":"NA",
            "교통총점":"NA",
            "백화점":100,
            "아울렛몰":0,
            "대형마트":0,
            "은행":100,
            "병원":60,
            "종합병원":100,
            "공원":100,
            "혐오시설":0,
            "인프라총점":69.0,
            "초등학군":87.47,
            "중학군":51.44,
            "학군총점":58.646,
            "인구수":38.02,
            "인구증감":-14.98,
            "인구총점":22.12,
            "일자리":22.4,
            "소득수준":68.51,
            "일자리총점":36.233,
            "가치 총점":57.4865,
            "매매실거래년":20201215.0,
            "매매실거래가":60000.0,
            "전세실거래년":20211016.0,
            "전세실거래가":21000.0,
            "전세가율":42.68,
            "장기전세가율평균":72.53,
            "전세가율거품지수":29.85,
            "검색코드":108343,
            "세대수":298.0,
            "준공년월":"2017-05-19",
            "준공년차":6.0,
            "가까운역이름":"NA",
            "가까운역거리":"NA",
            "역세권여부":"NA",
            "30분이내주요거점역":"NA",
            "1시간이내주요거점역":"NA",
            "3km이내백화점수":2,
            "5km이내아울렛몰수":0,
            "1km이내대형먀트수":0,
            "500m이내은행수":9,
            "500m이내병원수":24,
            "5km이내대형병원수":4,
            "500m이내공원수":8,
            "3km이내혐오시설수":0,
            "초등학교학업성취도":87.47,
            "중학교학업성취도":85.4,
            "용적률":982,
            "건폐율":67,
            "Y":35.539974,
            "X":129.326422,
            "rank":45.0,
            "area_info":"33평(112.14), 34평(114.28), 35평(115.71), 35평(116.54), 35평(117.13), 54평(178.97)",
            "last_sales":"2020-12-15,60000.0,54평(178.97)"
        },
        {
            "index":20,
            "아파트명":"달동주공2단지",
            "투자타입":"일반",
            "전용면적(m2)":"50.21",
            "전용면적(평)":"15평",
            "법정동주소":"울산시 남구 달동 119-1",
            "도로명주소":"울산시 남구 번영로107번길 5",
            "세대수":80,
            "입주년차":0,
            "용적률점수":"--",
            "건폐율점수":"--",
            "세대당주차수":0,
            "난방방식":80,
            "공급면적":"--",
            "전용률":"--",
            "욕실수":50,
            "현관타입":10,
            "주거총점":42.0,
            "지역구공급총점":0.0,
            "역세권":"NA",
            "30분내 이동가능 거점":"NA",
            "1시간내 이동가능 거점":"NA",
            "교통총점":"NA",
            "백화점":100,
            "아울렛몰":0,
            "대형마트":0,
            "은행":100,
            "병원":60,
            "종합병원":100,
            "공원":100,
            "혐오시설":0,
            "인프라총점":69.0,
            "초등학군":85.45,
            "중학군":51.44,
            "학군총점":58.242,
            "인구수":38.02,
            "인구증감":-14.98,
            "인구총점":22.12,
            "일자리":22.4,
            "소득수준":68.51,
            "일자리총점":36.233,
            "가치 총점":56.8605,
            "매매실거래년":20220105.0,
            "매매실거래가":17150.0,
            "전세실거래년":20220107.0,
            "전세실거래가":12500.0,
            "전세가율":72.89,
            "장기전세가율평균":72.53,
            "전세가율거품지수":-0.36,
            "검색코드":5863,
            "세대수":720.0,
            "준공년월":"1993-12-23",
            "준공년차":30.0,
            "가까운역이름":"NA",
            "가까운역거리":"NA",
            "역세권여부":"NA",
            "30분이내주요거점역":"NA",
            "1시간이내주요거점역":"NA",
            "3km이내백화점수":2,
            "5km이내아울렛몰수":0,
            "1km이내대형먀트수":0,
            "500m이내은행수":10,
            "500m이내병원수":23,
            "5km이내대형병원수":4,
            "500m이내공원수":14,
            "3km이내혐오시설수":0,
            "초등학교학업성취도":85.45,
            "중학교학업성취도":85.4,
            "용적률":214,
            "건폐율":19,
            "Y":35.534321,
            "X":129.328236,
            "rank":46.0,
            "area_info":"15평(50.21), 17평(58.4)",
            "last_sales":"2022-01-05,17150.0,15평(50.21)"
        },
        {
            "index":201,
            "아파트명":"삼산리버뷰웰가",
            "투자타입":"일반",
            "전용면적(m2)":"76.47",
            "전용면적(평)":"23평",
            "법정동주소":"울산시 남구 삼산동 183-1",
            "도로명주소":"울산시 남구 정동로 142",
            "세대수":0,
            "입주년차":80,
            "용적률점수":"--",
            "건폐율점수":"--",
            "세대당주차수":30,
            "난방방식":30,
            "공급면적":"--",
            "전용률":"--",
            "욕실수":100,
            "현관타입":100,
            "주거총점":43.5,
            "지역구공급총점":0.0,
            "역세권":"NA",
            "30분내 이동가능 거점":"NA",
            "1시간내 이동가능 거점":"NA",
            "교통총점":"NA",
            "백화점":100,
            "아울렛몰":0,
            "대형마트":80,
            "은행":0,
            "병원":10,
            "종합병원":100,
            "공원":100,
            "혐오시설":0,
            "인프라총점":66.0,
            "초등학군":84.61,
            "중학군":54.78,
            "학군총점":60.746,
            "인구수":38.02,
            "인구증감":-14.98,
            "인구총점":22.12,
            "일자리":22.4,
            "소득수준":68.51,
            "일자리총점":36.233,
            "가치 총점":56.8115,
            "매매실거래년":20220104.0,
            "매매실거래가":33000.0,
            "전세실거래년":20220107.0,
            "전세실거래가":26000.0,
            "전세가율":77.61,
            "장기전세가율평균":72.53,
            "전세가율거품지수":-5.08,
            "검색코드":109545,
            "세대수":207.0,
            "준공년월":"2017-04-06",
            "준공년차":6.0,
            "가까운역이름":"NA",
            "가까운역거리":"NA",
            "역세권여부":"NA",
            "30분이내주요거점역":"NA",
            "1시간이내주요거점역":"NA",
            "3km이내백화점수":2,
            "5km이내아울렛몰수":0,
            "1km이내대형먀트수":1,
            "500m이내은행수":0,
            "500m이내병원수":2,
            "5km이내대형병원수":5,
            "500m이내공원수":8,
            "3km이내혐오시설수":0,
            "초등학교학업성취도":84.61,
            "중학교학업성취도":89.9,
            "용적률":0,
            "건폐율":0,
            "Y":35.546544,
            "X":129.345156,
            "rank":47.0,
            "area_info":"23평(76.47), 23평(76.45), 23평(76.45), 23평(76.45), 23평(76.45)",
            "last_sales":"2022-01-04,33000.0,23평(76.45)"
        },
        {
            "index":398,
            "아파트명":"문수로아이파크2단지",
            "투자타입":"일반",
            "전용면적(m2)":"115.06",
            "전용면적(평)":"34평",
            "법정동주소":"울산시 남구 신정동 1639-51",
            "도로명주소":"울산시 남구 문수로409번길 23",
            "세대수":50,
            "입주년차":20,
            "용적률점수":"--",
            "건폐율점수":"--",
            "세대당주차수":60,
            "난방방식":30,
            "공급면적":"--",
            "전용률":"--",
            "욕실수":100,
            "현관타입":100,
            "주거총점":53.5,
            "지역구공급총점":0.0,
            "역세권":"NA",
            "30분내 이동가능 거점":"NA",
            "1시간내 이동가능 거점":"NA",
            "교통총점":"NA",
            "백화점":0,
            "아울렛몰":0,
            "대형마트":100,
            "은행":100,
            "병원":60,
            "종합병원":100,
            "공원":100,
            "혐오시설":0,
            "인프라총점":54.0,
            "초등학군":83.43,
            "중학군":58.84,
            "학군총점":63.758,
            "인구수":38.02,
            "인구증감":-14.98,
            "인구총점":22.12,
            "일자리":22.4,
            "소득수준":68.51,
            "일자리총점":36.233,
            "가치 총점":56.2645,
            "매매실거래년":20211210.0,
            "매매실거래가":96000.0,
            "전세실거래년":20210705.0,
            "전세실거래가":64500.0,
            "전세가율":66.84,
            "장기전세가율평균":72.53,
            "전세가율거품지수":5.69,
            "검색코드":12052,
            "세대수":600.0,
            "준공년월":"2003-09-02",
            "준공년차":20.0,
            "가까운역이름":"NA",
            "가까운역거리":"NA",
            "역세권여부":"NA",
            "30분이내주요거점역":"NA",
            "1시간이내주요거점역":"NA",
            "3km이내백화점수":0,
            "5km이내아울렛몰수":0,
            "1km이내대형먀트수":2,
            "500m이내은행수":5,
            "500m이내병원수":17,
            "5km이내대형병원수":4,
            "500m이내공원수":14,
            "3km이내혐오시설수":0,
            "초등학교학업성취도":83.43,
            "중학교학업성취도":96.0,
            "용적률":0,
            "건폐율":0,
            "Y":35.537117,
            "X":129.298267,
            "rank":48.0,
            "area_info":"34평(115.06), 37평(125.58), 40평(132.73), 45평(151.86), 51평(169.24), 60평(201.01), 89평(296.35)",
            "last_sales":"2021-12-10,96000.0,37평(125.58)"
        },
        {
            "index":392,
            "아파트명":"문수로아이파크1단지",
            "투자타입":"일반",
            "전용면적(m2)":"114.46",
            "전용면적(평)":"34평",
            "법정동주소":"울산시 남구 신정동 1639-1",
            "도로명주소":"울산시 남구 문수로409번길 20",
            "세대수":50,
            "입주년차":20,
            "용적률점수":"--",
            "건폐율점수":"--",
            "세대당주차수":60,
            "난방방식":30,
            "공급면적":"--",
            "전용률":"--",
            "욕실수":100,
            "현관타입":100,
            "주거총점":53.5,
            "지역구공급총점":0.0,
            "역세권":"NA",
            "30분내 이동가능 거점":"NA",
            "1시간내 이동가능 거점":"NA",
            "교통총점":"NA",
            "백화점":0,
            "아울렛몰":0,
            "대형마트":100,
            "은행":100,
            "병원":60,
            "종합병원":100,
            "공원":100,
            "혐오시설":0,
            "인프라총점":54.0,
            "초등학군":83.43,
            "중학군":58.84,
            "학군총점":63.758,
            "인구수":38.02,
            "인구증감":-14.98,
            "인구총점":22.12,
            "일자리":22.4,
            "소득수준":68.51,
            "일자리총점":36.233,
            "가치 총점":56.2645,
            "매매실거래년":20211025.0,
            "매매실거래가":90000.0,
            "전세실거래년":20211127.0,
            "전세실거래가":56000.0,
            "전세가율":62.22,
            "장기전세가율평균":72.53,
            "전세가율거품지수":10.31,
            "검색코드":12051,
            "세대수":576.0,
            "준공년월":"2003-09-02",
            "준공년차":20.0,
            "가까운역이름":"NA",
            "가까운역거리":"NA",
            "역세권여부":"NA",
            "30분이내주요거점역":"NA",
            "1시간이내주요거점역":"NA",
            "3km이내백화점수":0,
            "5km이내아울렛몰수":0,
            "1km이내대형먀트수":2,
            "500m이내은행수":5,
            "500m이내병원수":17,
            "5km이내대형병원수":4,
            "500m이내공원수":10,
            "3km이내혐오시설수":0,
            "초등학교학업성취도":83.43,
            "중학교학업성취도":96.0,
            "용적률":252,
            "건폐율":17,
            "Y":35.535139,
            "X":129.298654,
            "rank":48.0,
            "area_info":"34평(114.46), 37평(124.92), 40평(132.68), 50평(168.44), 60평(199.37), 88평(293.98)",
            "last_sales":"2021-10-25,90000.0,34평(114.46)"
        },
        {
            "index":78,
            "아파트명":"현대3차",
            "투자타입":"일반",
            "전용면적(m2)":"81.93",
            "전용면적(평)":"24평",
            "법정동주소":"울산시 남구 달동 1371-1",
            "도로명주소":"울산시 남구 번영로89번길 23",
            "세대수":50,
            "입주년차":0,
            "용적률점수":"--",
            "건폐율점수":"--",
            "세대당주차수":0,
            "난방방식":30,
            "공급면적":"--",
            "전용률":"--",
            "욕실수":50,
            "현관타입":10,
            "주거총점":26.5,
            "지역구공급총점":0.0,
            "역세권":"NA",
            "30분내 이동가능 거점":"NA",
            "1시간내 이동가능 거점":"NA",
            "교통총점":"NA",
            "백화점":100,
            "아울렛몰":0,
            "대형마트":100,
            "은행":70,
            "병원":60,
            "종합병원":100,
            "공원":100,
            "혐오시설":0,
            "인프라총점":81.0,
            "초등학군":85.45,
            "중학군":51.44,
            "학군총점":58.242,
            "인구수":38.02,
            "인구증감":-14.98,
            "인구총점":22.12,
            "일자리":22.4,
            "소득수준":68.51,
            "일자리총점":36.233,
            "가치 총점":56.2355,
            "매매실거래년":20211218.0,
            "매매실거래가":33800.0,
            "전세실거래년":20211116.0,
            "전세실거래가":16000.0,
            "전세가율":70.48,
            "장기전세가율평균":72.53,
            "전세가율거품지수":2.05,
            "검색코드":5883,
            "세대수":411.0,
            "준공년월":"1995-11-24",
            "준공년차":28.0,
            "가까운역이름":"NA",
            "가까운역거리":"NA",
            "역세권여부":"NA",
            "30분이내주요거점역":"NA",
            "1시간이내주요거점역":"NA",
            "3km이내백화점수":2,
            "5km이내아울렛몰수":0,
            "1km이내대형먀트수":2,
            "500m이내은행수":4,
            "500m이내병원수":13,
            "5km이내대형병원수":4,
            "500m이내공원수":14,
            "3km이내혐오시설수":0,
            "초등학교학업성취도":85.45,
            "중학교학업성취도":85.4,
            "용적률":258,
            "건폐율":27,
            "Y":35.532538,
            "X":129.327225,
            "rank":49.0,
            "area_info":"24평(81.93), 31평(105.31)",
            "last_sales":"2021-12-18,33800.0,31평(105.31)"
        },
        {
            "index":276,
            "아파트명":"선암에코하이츠",
            "투자타입":"일반",
            "전용면적(m2)":"81.43",
            "전용면적(평)":"24평",
            "법정동주소":"울산시 남구 선암동 723",
            "도로명주소":"울산시 남구",
            "세대수":50,
            "입주년차":80,
            "용적률점수":"--",
            "건폐율점수":"--",
            "세대당주차수":30,
            "난방방식":30,
            "공급면적":"--",
            "전용률":"--",
            "욕실수":100,
            "현관타입":100,
            "주거총점":61.0,
            "지역구공급총점":0.0,
            "역세권":"NA",
            "30분내 이동가능 거점":"NA",
            "1시간내 이동가능 거점":"NA",
            "교통총점":"NA",
            "백화점":100,
            "아울렛몰":0,
            "대형마트":0,
            "은행":0,
            "병원":10,
            "종합병원":100,
            "공원":0,
            "혐오시설":0,
            "인프라총점":51.0,
            "초등학군":84.23,
            "중학군":49.18,
            "학군총점":56.19,
            "인구수":38.02,
            "인구증감":-14.98,
            "인구총점":22.12,
            "일자리":22.4,
            "소득수준":68.51,
            "일자리총점":36.233,
            "가치 총점":55.7975,
            "매매실거래년":20211201.0,
            "매매실거래가":32800.0,
            "전세실거래년":20220113.0,
            "전세실거래가":25000.0,
            "전세가율":76.22,
            "장기전세가율평균":72.53,
            "전세가율거품지수":-3.69,
            "검색코드":106191,
            "세대수":499.0,
            "준공년월":"2015-05-19",
            "준공년차":8.0,
            "가까운역이름":"NA",
            "가까운역거리":"NA",
            "역세권여부":"NA",
            "30분이내주요거점역":"NA",
            "1시간이내주요거점역":"NA",
            "3km이내백화점수":2,
            "5km이내아울렛몰수":0,
            "1km이내대형먀트수":0,
            "500m이내은행수":0,
            "500m이내병원수":2,
            "5km이내대형병원수":2,
            "500m이내공원수":0,
            "3km이내혐오시설수":0,
            "초등학교학업성취도":84.23,
            "중학교학업성취도":81.1,
            "용적률":221,
            "건폐율":21,
            "Y":35.515883,
            "X":129.336145,
            "rank":50.0,
            "area_info":"24평(81.43), 24평(81.33), 24평(81.67), 34평(113.77), 34평(113.76), 34평(114.62)",
            "last_sales":"2021-12-01,32800.0,24평(81.43)"
        },
        {
            "index":11,
            "아파트명":"달동월드메르디앙",
            "투자타입":"일반",
            "전용면적(m2)":"114.55",
            "전용면적(평)":"34평",
            "법정동주소":"울산시 남구 달동 1411",
            "도로명주소":"울산시 남구 삼산로125번길 33",
            "세대수":0,
            "입주년차":40,
            "용적률점수":"--",
            "건폐율점수":"--",
            "세대당주차수":60,
            "난방방식":30,
            "공급면적":"--",
            "전용률":"--",
            "욕실수":100,
            "현관타입":100,
            "주거총점":40.0,
            "지역구공급총점":0.0,
            "역세권":"NA",
            "30분내 이동가능 거점":"NA",
            "1시간내 이동가능 거점":"NA",
            "교통총점":"NA",
            "백화점":100,
            "아울렛몰":0,
            "대형마트":80,
            "은행":0,
            "병원":60,
            "종합병원":100,
            "공원":100,
            "혐오시설":0,
            "인프라총점":71.0,
            "초등학군":87.47,
            "중학군":44.56,
            "학군총점":53.142,
            "인구수":38.02,
            "인구증감":-14.98,
            "인구총점":22.12,
            "일자리":22.4,
            "소득수준":68.51,
            "일자리총점":36.233,
            "가치 총점":55.6855,
            "매매실거래년":20211215.0,
            "매매실거래가":52000.0,
            "전세실거래년":20210206.0,
            "전세실거래가":34000.0,
            "전세가율":65.38,
            "장기전세가율평균":72.53,
            "전세가율거품지수":7.15,
            "검색코드":101384,
            "세대수":228.0,
            "준공년월":"2008-05-09",
            "준공년차":15.0,
            "가까운역이름":"NA",
            "가까운역거리":"NA",
            "역세권여부":"NA",
            "30분이내주요거점역":"NA",
            "1시간이내주요거점역":"NA",
            "3km이내백화점수":2,
            "5km이내아울렛몰수":0,
            "1km이내대형먀트수":1,
            "500m이내은행수":0,
            "500m이내병원수":18,
            "5km이내대형병원수":5,
            "500m이내공원수":2,
            "3km이내혐오시설수":0,
            "초등학교학업성취도":87.47,
            "중학교학업성취도":73.4,
            "용적률":246,
            "건폐율":19,
            "Y":35.539018,
            "X":129.319073,
            "rank":51.0,
            "area_info":"34평(114.55), 34평(114.11), 49평(162.6), 49평(162.33)",
            "last_sales":"2021-12-15,52000.0,34평(114.55)"
        },
        {
            "index":364,
            "아파트명":"동문아뮤티",
            "투자타입":"일반",
            "전용면적(m2)":"154.76",
            "전용면적(평)":"46평",
            "법정동주소":"울산시 남구 신정동 1874",
            "도로명주소":"울산시 남구 번영로 195",
            "세대수":0,
            "입주년차":60,
            "용적률점수":"--",
            "건폐율점수":"--",
            "세대당주차수":100,
            "난방방식":30,
            "공급면적":"--",
            "전용률":"--",
            "욕실수":100,
            "현관타입":100,
            "주거총점":50.0,
            "지역구공급총점":0.0,
            "역세권":"NA",
            "30분내 이동가능 거점":"NA",
            "1시간내 이동가능 거점":"NA",
            "교통총점":"NA",
            "백화점":100,
            "아울렛몰":0,
            "대형마트":0,
            "은행":0,
            "병원":30,
            "종합병원":100,
            "공원":100,
            "혐오시설":0,
            "인프라총점":56.0,
            "초등학군":87.47,
            "중학군":56.96,
            "학군총점":63.062,
            "인구수":38.02,
            "인구증감":-14.98,
            "인구총점":22.12,
            "일자리":22.4,
            "소득수준":68.51,
            "일자리총점":36.233,
            "가치 총점":55.6655,
            "매매실거래년":20211118.0,
            "매매실거래가":42000.0,
            "전세실거래년":20210520.0,
            "전세실거래가":39000.0,
            "전세가율":79.75,
            "장기전세가율평균":72.53,
            "전세가율거품지수":-7.22,
            "검색코드":24977,
            "세대수":212.0,
            "준공년월":"2009-07-27",
            "준공년차":14.0,
            "가까운역이름":"NA",
            "가까운역거리":"NA",
            "역세권여부":"NA",
            "30분이내주요거점역":"NA",
            "1시간이내주요거점역":"NA",
            "3km이내백화점수":2,
            "5km이내아울렛몰수":0,
            "1km이내대형먀트수":0,
            "500m이내은행수":1,
            "500m이내병원수":7,
            "5km이내대형병원수":4,
            "500m이내공원수":10,
            "3km이내혐오시설수":0,
            "초등학교학업성취도":87.47,
            "중학교학업성취도":93.4,
            "용적률":0,
            "건폐율":67,
            "Y":35.542519,
            "X":129.325306,
            "rank":52.0,
            "area_info":"46평(154.76), 56평(186.04), 56평(187.82), 65평(217.95), 69평(229.94)",
            "last_sales":"2021-11-18,42000.0,56평(187.82)"
        },
        {
            "index":113,
            "아파트명":"무거위브자이",
            "투자타입":"일반",
            "전용면적(m2)":"113.82",
            "전용면적(평)":"34평",
            "법정동주소":"울산시 남구 무거동 1594",
            "도로명주소":"울산시 남구 북부순환도로 35",
            "세대수":90,
            "입주년차":60,
            "용적률점수":"--",
            "건폐율점수":"--",
            "세대당주차수":60,
            "난방방식":30,
            "공급면적":"--",
            "전용률":"--",
            "욕실수":100,
            "현관타입":100,
            "주거총점":75.5,
            "지역구공급총점":0.0,
            "역세권":"NA",
            "30분내 이동가능 거점":"NA",
            "1시간내 이동가능 거점":"NA",
            "교통총점":"NA",
            "백화점":0,
            "아울렛몰":0,
            "대형마트":0,
            "은행":70,
            "병원":60,
            "종합병원":100,
            "공원":100,
            "혐오시설":0,
            "인프라총점":36.0,
            "초등학군":87.53,
            "중학군":51.78,
            "학군총점":58.93,
            "인구수":38.02,
            "인구증감":-14.98,
            "인구총점":22.12,
            "일자리":22.4,
            "소득수준":68.51,
            "일자리총점":36.233,
            "가치 총점":55.5575,
            "매매실거래년":20211125.0,
            "매매실거래가":81500.0,
            "전세실거래년":20211204.0,
            "전세실거래가":51000.0,
            "전세가율":67.55,
            "장기전세가율평균":72.53,
            "전세가율거품지수":4.98,
            "검색코드":103328,
            "세대수":922.0,
            "준공년월":"2013-08-30",
            "준공년차":10.0,
            "가까운역이름":"NA",
            "가까운역거리":"NA",
            "역세권여부":"NA",
            "30분이내주요거점역":"NA",
            "1시간이내주요거점역":"NA",
            "3km이내백화점수":0,
            "5km이내아울렛몰수":0,
            "1km이내대형먀트수":0,
            "500m이내은행수":3,
            "500m이내병원수":27,
            "5km이내대형병원수":3,
            "500m이내공원수":10,
            "3km이내혐오시설수":0,
            "초등학교학업성취도":87.53,
            "중학교학업성취도":85.3,
            "용적률":298,
            "건폐율":20,
            "Y":35.553527,
            "X":129.266199,
            "rank":53.0,
            "area_info":"34평(113.82), 34평(113.74), 34평(114.67), 45평(148.85), 45평(150.83), 45평(150.43), 57평(190.99)",
            "last_sales":"2021-11-25,81500.0,45평(150.43)"
        },
        {
            "index":490,
            "아파트명":"태화강풍림엑슬루타워",
            "투자타입":"일반",
            "전용면적(m2)":"162.09",
            "전용면적(평)":"49평",
            "법정동주소":"울산시 남구 신정동 1880",
            "도로명주소":"울산시 남구 봉월로 167",
            "세대수":30,
            "입주년차":60,
            "용적률점수":"--",
            "건폐율점수":"--",
            "세대당주차수":100,
            "난방방식":30,
            "공급면적":"--",
            "전용률":"--",
            "욕실수":100,
            "현관타입":100,
            "주거총점":60.5,
            "지역구공급총점":0.0,
            "역세권":"NA",
            "30분내 이동가능 거점":"NA",
            "1시간내 이동가능 거점":"NA",
            "교통총점":"NA",
            "백화점":100,
            "아울렛몰":0,
            "대형마트":0,
            "은행":0,
            "병원":30,
            "종합병원":100,
            "공원":0,
            "혐오시설":0,
            "인프라총점":53.0,
            "초등학군":83.53,
            "중학군":44.56,
            "학군총점":52.354,
            "인구수":38.02,
            "인구증감":-14.98,
            "인구총점":22.12,
            "일자리":22.4,
            "소득수준":68.51,
            "일자리총점":36.233,
            "가치 총점":55.4635,
            "매매실거래년":20210817.0,
            "매매실거래가":55500.0,
            "전세실거래년":20210407.0,
            "전세실거래가":48000.0,
            "전세가율":76.19,
            "장기전세가율평균":72.53,
            "전세가율거품지수":-3.66,
            "검색코드":103315,
            "세대수":355.0,
            "준공년월":"2011-08-31",
            "준공년차":12.0,
            "가까운역이름":"NA",
            "가까운역거리":"NA",
            "역세권여부":"NA",
            "30분이내주요거점역":"NA",
            "1시간이내주요거점역":"NA",
            "3km이내백화점수":2,
            "5km이내아울렛몰수":0,
            "1km이내대형먀트수":0,
            "500m이내은행수":0,
            "500m이내병원수":8,
            "5km이내대형병원수":5,
            "500m이내공원수":0,
            "3km이내혐오시설수":0,
            "초등학교학업성취도":83.53,
            "중학교학업성취도":73.4,
            "용적률":0,
            "건폐율":65,
            "Y":35.547528,
            "X":129.307324,
            "rank":54.0,
            "area_info":"49평(162.09), 49평(163.08), 50평(167.93), 76평(253.32), 81평(267.99), 84평(278.61), 84평(280.37), 88평(293.89)",
            "last_sales":"2021-08-17,55500.0,50평(167.93)"
        },
        {
            "index":228,
            "아파트명":"울산삼산푸르지오",
            "투자타입":"일반",
            "전용면적(m2)":"79.52",
            "전용면적(평)":"24평",
            "법정동주소":"울산시 남구 삼산동 1529-2",
            "도로명주소":"울산시 남구 돋질로339번길 35",
            "세대수":50,
            "입주년차":40,
            "용적률점수":"--",
            "건폐율점수":"--",
            "세대당주차수":30,
            "난방방식":30,
            "공급면적":"--",
            "전용률":"--",
            "욕실수":100,
            "현관타입":100,
            "주거총점":53.0,
            "지역구공급총점":0.0,
            "역세권":"NA",
            "30분내 이동가능 거점":"NA",
            "1시간내 이동가능 거점":"NA",
            "교통총점":"NA",
            "백화점":100,
            "아울렛몰":0,
            "대형마트":0,
            "은행":0,
            "병원":0,
            "종합병원":100,
            "공원":100,
            "혐오시설":0,
            "인프라총점":53.0,
            "초등학군":89.83,
            "중학군":54.78,
            "학군총점":61.79,
            "인구수":38.02,
            "인구증감":-14.98,
            "인구총점":22.12,
            "일자리":22.4,
            "소득수준":68.51,
            "일자리총점":36.233,
            "가치 총점":55.1975,
            "매매실거래년":20211206.0,
            "매매실거래가":43000.0,
            "전세실거래년":20210410.0,
            "전세실거래가":28000.0,
            "전세가율":82.35,
            "장기전세가율평균":72.53,
            "전세가율거품지수":-9.82,
            "검색코드":17353,
            "세대수":430.0,
            "준공년월":"2004-07-23",
            "준공년차":19.0,
            "가까운역이름":"NA",
            "가까운역거리":"NA",
            "역세권여부":"NA",
            "30분이내주요거점역":"NA",
            "1시간이내주요거점역":"NA",
            "3km이내백화점수":2,
            "5km이내아울렛몰수":0,
            "1km이내대형먀트수":0,
            "500m이내은행수":0,
            "500m이내병원수":0,
            "5km이내대형병원수":5,
            "500m이내공원수":6,
            "3km이내혐오시설수":0,
            "초등학교학업성취도":89.83,
            "중학교학업성취도":89.9,
            "용적률":359,
            "건폐율":20,
            "Y":35.547214,
            "X":129.341672,
            "rank":55.0,
            "area_info":"24평(79.52), 32평(106.81), 45평(150.17)",
            "last_sales":"2021-12-06,43000.0,32평(106.81)"
        },
        {
            "index":573,
            "아파트명":"수암한라에이스빌",
            "투자타입":"일반",
            "전용면적(m2)":"79.45",
            "전용면적(평)":"24평",
            "법정동주소":"울산시 남구 야음동 701-1",
            "도로명주소":"울산시 남구 수암로128번길 24",
            "세대수":0,
            "입주년차":20,
            "용적률점수":"--",
            "건폐율점수":"--",
            "세대당주차수":0,
            "난방방식":30,
            "공급면적":"--",
            "전용률":"--",
            "욕실수":50,
            "현관타입":100,
            "주거총점":22.0,
            "지역구공급총점":0.0,
            "역세권":"NA",
            "30분내 이동가능 거점":"NA",
            "1시간내 이동가능 거점":"NA",
            "교통총점":"NA",
            "백화점":100,
            "아울렛몰":0,
            "대형마트":100,
            "은행":70,
            "병원":80,
            "종합병원":100,
            "공원":0,
            "혐오시설":0,
            "인프라총점":80.0,
            "초등학군":91.15,
            "중학군":54.7,
            "학군총점":61.99,
            "인구수":38.02,
            "인구증감":-14.98,
            "인구총점":22.12,
            "일자리":22.4,
            "소득수준":68.51,
            "일자리총점":36.233,
            "가치 총점":55.1975,
            "매매실거래년":20211005.0,
            "매매실거래가":32700.0,
            "전세실거래년":20210827.0,
            "전세실거래가":28000.0,
            "전세가율":85.63,
            "장기전세가율평균":72.53,
            "전세가율거품지수":-13.1,
            "검색코드":101081,
            "세대수":190.0,
            "준공년월":"2003-09-04",
            "준공년차":20.0,
            "가까운역이름":"NA",
            "가까운역거리":"NA",
            "역세권여부":"NA",
            "30분이내주요거점역":"NA",
            "1시간이내주요거점역":"NA",
            "3km이내백화점수":2,
            "5km이내아울렛몰수":0,
            "1km이내대형먀트수":3,
            "500m이내은행수":3,
            "500m이내병원수":51,
            "5km이내대형병원수":3,
            "500m이내공원수":0,
            "3km이내혐오시설수":0,
            "초등학교학업성취도":91.15,
            "중학교학업성취도":89.9,
            "용적률":199,
            "건폐율":21,
            "Y":35.526175,
            "X":129.319811,
            "rank":55.0,
            "area_info":"24평(79.45), 30평(100.34), 31평(105.31)",
            "last_sales":"2021-10-05,32700.0,24평(79.45)"
        },
        {
            "index":39,
            "아파트명":"삼산선경",
            "투자타입":"재건축",
            "전용면적(m2)":"84.7",
            "전용면적(평)":"25평",
            "법정동주소":"울산시 남구 달동 1330-1",
            "도로명주소":"울산시 남구 돋질로 262",
            "세대수":80,
            "입주년차":"--",
            "용적률점수":0,
            "건폐율점수":0,
            "세대당주차수":"--",
            "난방방식":"--",
            "공급면적":70,
            "전용률":80,
            "욕실수":"--",
            "현관타입":"--",
            "주거총점":31.5,
            "지역구공급총점":0.0,
            "역세권":"NA",
            "30분내 이동가능 거점":"NA",
            "1시간내 이동가능 거점":"NA",
            "교통총점":"NA",
            "백화점":100,
            "아울렛몰":0,
            "대형마트":0,
            "은행":70,
            "병원":100,
            "종합병원":100,
            "공원":100,
            "혐오시설":0,
            "인프라총점":70.0,
            "초등학군":89.41,
            "중학군":56.96,
            "학군총점":63.45,
            "인구수":38.02,
            "인구증감":-14.98,
            "인구총점":22.12,
            "일자리":22.4,
            "소득수준":68.51,
            "일자리총점":36.233,
            "가치 총점":54.8875,
            "매매실거래년":20211210.0,
            "매매실거래가":33500.0,
            "전세실거래년":20211102.0,
            "전세실거래가":25000.0,
            "전세가율":79.37,
            "장기전세가율평균":72.53,
            "전세가율거품지수":-6.84,
            "검색코드":5837,
            "세대수":828.0,
            "준공년월":"1992-01-15",
            "준공년차":31.0,
            "가까운역이름":"NA",
            "가까운역거리":"NA",
            "역세권여부":"NA",
            "30분이내주요거점역":"NA",
            "1시간이내주요거점역":"NA",
            "3km이내백화점수":2,
            "5km이내아울렛몰수":0,
            "1km이내대형먀트수":0,
            "500m이내은행수":4,
            "500m이내병원수":72,
            "5km이내대형병원수":5,
            "500m이내공원수":16,
            "3km이내혐오시설수":0,
            "초등학교학업성취도":89.41,
            "중학교학업성취도":93.4,
            "용적률":0,
            "건폐율":0,
            "Y":35.543605,
            "X":129.334719,
            "rank":56.0,
            "area_info":"25평(84.7), 26평(87.78), 30평(99.42), 39평(131.82)",
            "last_sales":"2021-12-10,33500.0,30평(99.42)"
        },
        {
            "index":325,
            "아파트명":"극동스타클래스",
            "투자타입":"일반",
            "전용면적(m2)":"162.23",
            "전용면적(평)":"49평",
            "법정동주소":"울산시 남구 신정동 1875",
            "도로명주소":"울산시 남구 번영로 223",
            "세대수":0,
            "입주년차":60,
            "용적률점수":"--",
            "건폐율점수":"--",
            "세대당주차수":100,
            "난방방식":30,
            "공급면적":"--",
            "전용률":"--",
            "욕실수":100,
            "현관타입":100,
            "주거총점":50.0,
            "지역구공급총점":0.0,
            "역세권":"NA",
            "30분내 이동가능 거점":"NA",
            "1시간내 이동가능 거점":"NA",
            "교통총점":"NA",
            "백화점":100,
            "아울렛몰":0,
            "대형마트":0,
            "은행":0,
            "병원":10,
            "종합병원":100,
            "공원":100,
            "혐오시설":0,
            "인프라총점":54.0,
            "초등학군":87.47,
            "중학군":56.96,
            "학군총점":63.062,
            "인구수":38.02,
            "인구증감":-14.98,
            "인구총점":22.12,
            "일자리":22.4,
            "소득수준":68.51,
            "일자리총점":36.233,
            "가치 총점":54.8655,
            "매매실거래년":20210914.0,
            "매매실거래가":53000.0,
            "전세실거래년":20200218.0,
            "전세실거래가":32500.0,
            "전세가율":72.22,
            "장기전세가율평균":72.53,
            "전세가율거품지수":0.31,
            "검색코드":101281,
            "세대수":188.0,
            "준공년월":"2009-07-30",
            "준공년차":14.0,
            "가까운역이름":"NA",
            "가까운역거리":"NA",
            "역세권여부":"NA",
            "30분이내주요거점역":"NA",
            "1시간이내주요거점역":"NA",
            "3km이내백화점수":2,
            "5km이내아울렛몰수":0,
            "1km이내대형먀트수":0,
            "500m이내은행수":1,
            "500m이내병원수":4,
            "5km이내대형병원수":4,
            "500m이내공원수":12,
            "3km이내혐오시설수":0,
            "초등학교학업성취도":87.47,
            "중학교학업성취도":93.4,
            "용적률":0,
            "건폐율":64,
            "Y":35.544635,
            "X":129.324362,
            "rank":57.0,
            "area_info":"49평(162.23), 49평(163.99), 57평(190.08), 59평(195.21), 83평(277.61), 85평(281.81)",
            "last_sales":"2021-09-14,53000.0,57평(190.08)"
        },
        {
            "index":233,
            "아파트명":"팔레드상떼",
            "투자타입":"일반",
            "전용면적(m2)":"150.6",
            "전용면적(평)":"45평",
            "법정동주소":"울산시 남구 삼산동 1498-4",
            "도로명주소":"울산시 남구 번영로 234",
            "세대수":0,
            "입주년차":60,
            "용적률점수":"--",
            "건폐율점수":"--",
            "세대당주차수":100,
            "난방방식":30,
            "공급면적":"--",
            "전용률":"--",
            "욕실수":100,
            "현관타입":100,
            "주거총점":50.0,
            "지역구공급총점":0.0,
            "역세권":"NA",
            "30분내 이동가능 거점":"NA",
            "1시간내 이동가능 거점":"NA",
            "교통총점":"NA",
            "백화점":100,
            "아울렛몰":0,
            "대형마트":0,
            "은행":0,
            "병원":0,
            "종합병원":100,
            "공원":100,
            "혐오시설":0,
            "인프라총점":53.0,
            "초등학군":89.41,
            "중학군":56.96,
            "학군총점":63.45,
            "인구수":38.02,
            "인구증감":-14.98,
            "인구총점":22.12,
            "일자리":22.4,
            "소득수준":68.51,
            "일자리총점":36.233,
            "가치 총점":54.5625,
            "매매실거래년":20211110.0,
            "매매실거래가":145000.0,
            "전세실거래년":20201208.0,
            "전세실거래가":39000.0,
            "전세가율":75.0,
            "장기전세가율평균":72.53,
            "전세가율거품지수":-2.47,
            "검색코드":106693,
            "세대수":188.0,
            "준공년월":"2013-02-22",
            "준공년차":10.0,
            "가까운역이름":"NA",
            "가까운역거리":"NA",
            "역세권여부":"NA",
            "30분이내주요거점역":"NA",
            "1시간이내주요거점역":"NA",
            "3km이내백화점수":2,
            "5km이내아울렛몰수":0,
            "1km이내대형먀트수":0,
            "500m이내은행수":0,
            "500m이내병원수":1,
            "5km이내대형병원수":4,
            "500m이내공원수":12,
            "3km이내혐오시설수":0,
            "초등학교학업성취도":89.41,
            "중학교학업성취도":93.4,
            "용적률":1182,
            "건폐율":72,
            "Y":35.545821,
            "X":129.324963,
            "rank":58.0,
            "area_info":"45평(150.6), 59평(197.15), 71평(235.24), 76평(253.46), 101평(336.19)",
            "last_sales":"2021-11-10,145000.0,101평(336.19)"
        },
        {
            "index":635,
            "아파트명":"한라훼미리",
            "투자타입":"재건축",
            "전용면적(m2)":"92.55",
            "전용면적(평)":"27평",
            "법정동주소":"울산시 남구 야음동 730-6",
            "도로명주소":"울산시 남구 신남로 8-17",
            "세대수":30,
            "입주년차":"--",
            "용적률점수":0,
            "건폐율점수":80,
            "세대당주차수":"--",
            "난방방식":"--",
            "공급면적":70,
            "전용률":80,
            "욕실수":"--",
            "현관타입":"--",
            "주거총점":32.5,
            "지역구공급총점":0.0,
            "역세권":"NA",
            "30분내 이동가능 거점":"NA",
            "1시간내 이동가능 거점":"NA",
            "교통총점":"NA",
            "백화점":100,
            "아울렛몰":0,
            "대형마트":100,
            "은행":0,
            "병원":30,
            "종합병원":100,
            "공원":0,
            "혐오시설":0,
            "인프라총점":68.0,
            "초등학군":100.0,
            "중학군":54.7,
            "학군총점":63.76,
            "인구수":38.02,
            "인구증감":-14.98,
            "인구총점":22.12,
            "일자리":22.4,
            "소득수준":68.51,
            "일자리총점":36.233,
            "가치 총점":54.515,
            "매매실거래년":20211211.0,
            "매매실거래가":22900.0,
            "전세실거래년":20191214.0,
            "전세실거래가":11000.0,
            "전세가율":61.11,
            "장기전세가율평균":72.53,
            "전세가율거품지수":11.42,
            "검색코드":6088,
            "세대수":314.0,
            "준공년월":"1991-10-30",
            "준공년차":32.0,
            "가까운역이름":"NA",
            "가까운역거리":"NA",
            "역세권여부":"NA",
            "30분이내주요거점역":"NA",
            "1시간이내주요거점역":"NA",
            "3km이내백화점수":2,
            "5km이내아울렛몰수":0,
            "1km이내대형먀트수":2,
            "500m이내은행수":0,
            "500m이내병원수":5,
            "5km이내대형병원수":3,
            "500m이내공원수":0,
            "3km이내혐오시설수":0,
            "초등학교학업성취도":100.0,
            "중학교학업성취도":89.9,
            "용적률":257,
            "건폐율":22,
            "Y":35.521611,
            "X":129.314334,
            "rank":59.0,
            "area_info":"27평(92.55), 30평(101.66), 31평(105.3), 34평(114.76)",
            "last_sales":"2021-12-11,22900.0,31평(105.3)"
        },
        {
            "index":592,
            "아파트명":"야음신선",
            "투자타입":"일반",
            "전용면적(m2)":"64.37",
            "전용면적(평)":"19평",
            "법정동주소":"울산시 남구 야음동 796-17",
            "도로명주소":"울산시 남구 야음로 4",
            "세대수":50,
            "입주년차":0,
            "용적률점수":"--",
            "건폐율점수":"--",
            "세대당주차수":0,
            "난방방식":30,
            "공급면적":"--",
            "전용률":"--",
            "욕실수":50,
            "현관타입":100,
            "주거총점":35.5,
            "지역구공급총점":0.0,
            "역세권":"NA",
            "30분내 이동가능 거점":"NA",
            "1시간내 이동가능 거점":"NA",
            "교통총점":"NA",
            "백화점":100,
            "아울렛몰":0,
            "대형마트":100,
            "은행":0,
            "병원":10,
            "종합병원":100,
            "공원":100,
            "혐오시설":0,
            "인프라총점":69.0,
            "초등학군":91.05,
            "중학군":49.18,
            "학군총점":57.554,
            "인구수":38.02,
            "인구증감":-14.98,
            "인구총점":22.12,
            "일자리":22.4,
            "소득수준":68.51,
            "일자리총점":36.233,
            "가치 총점":54.4135,
            "매매실거래년":20211227.0,
            "매매실거래가":15800.0,
            "전세실거래년":20211214.0,
            "전세실거래가":10000.0,
            "전세가율":63.29,
            "장기전세가율평균":72.53,
            "전세가율거품지수":9.24,
            "검색코드":13806,
            "세대수":500.0,
            "준공년월":"1995-10-24",
            "준공년차":28.0,
            "가까운역이름":"NA",
            "가까운역거리":"NA",
            "역세권여부":"NA",
            "30분이내주요거점역":"NA",
            "1시간이내주요거점역":"NA",
            "3km이내백화점수":2,
            "5km이내아울렛몰수":0,
            "1km이내대형먀트수":2,
            "500m이내은행수":1,
            "500m이내병원수":4,
            "5km이내대형병원수":3,
            "500m이내공원수":2,
            "3km이내혐오시설수":0,
            "초등학교학업성취도":91.05,
            "중학교학업성취도":81.1,
            "용적률":237,
            "건폐율":22,
            "Y":35.522844,
            "X":129.325214,
            "rank":60.0,
            "area_info":"19평(64.37)",
            "last_sales":"2021-12-27,15800.0,19평(64.37)"
        },
        {
            "index":238,
            "아파트명":"평창현대2단지",
            "투자타입":"일반",
            "전용면적(m2)":"78.13",
            "전용면적(평)":"23평",
            "법정동주소":"울산시 남구 삼산동 1547",
            "도로명주소":"울산시 남구 삼산중로 110",
            "세대수":50,
            "입주년차":0,
            "용적률점수":"--",
            "건폐율점수":"--",
            "세대당주차수":0,
            "난방방식":30,
            "공급면적":"--",
            "전용률":"--",
            "욕실수":50,
            "현관타입":10,
            "주거총점":26.5,
            "지역구공급총점":0.0,
            "역세권":"NA",
            "30분내 이동가능 거점":"NA",
            "1시간내 이동가능 거점":"NA",
            "교통총점":"NA",
            "백화점":100,
            "아울렛몰":0,
            "대형마트":0,
            "은행":100,
            "병원":100,
            "종합병원":100,
            "공원":100,
            "혐오시설":0,
            "인프라총점":73.0,
            "초등학군":89.83,
            "중학군":56.96,
            "학군총점":63.534,
            "인구수":38.02,
            "인구증감":-14.98,
            "인구총점":22.12,
            "일자리":22.4,
            "소득수준":68.51,
            "일자리총점":36.233,
            "가치 총점":54.3585,
            "매매실거래년":20211110.0,
            "매매실거래가":39800.0,
            "전세실거래년":20211218.0,
            "전세실거래가":15500.0,
            "전세가율":58.27,
            "장기전세가율평균":72.53,
            "전세가율거품지수":14.26,
            "검색코드":5966,
            "세대수":601.0,
            "준공년월":"1994-06-11",
            "준공년차":29.0,
            "가까운역이름":"NA",
            "가까운역거리":"NA",
            "역세권여부":"NA",
            "30분이내주요거점역":"NA",
            "1시간이내주요거점역":"NA",
            "3km이내백화점수":2,
            "5km이내아울렛몰수":0,
            "1km이내대형먀트수":0,
            "500m이내은행수":5,
            "500m이내병원수":114,
            "5km이내대형병원수":5,
            "500m이내공원수":12,
            "3km이내혐오시설수":0,
            "초등학교학업성취도":89.83,
            "중학교학업성취도":93.4,
            "용적률":0,
            "건폐율":0,
            "Y":35.543301,
            "X":129.336681,
            "rank":61.0,
            "area_info":"23평(78.13), 30평(101.24), 30평(101.14), 43평(143.47)",
            "last_sales":"2021-11-10,39800.0,30평(101.14)"
        },
        {
            "index":377,
            "아파트명":"문수로2차아이파크1단지",
            "투자타입":"일반",
            "전용면적(m2)":"109.92",
            "전용면적(평)":"33평",
            "법정동주소":"울산시 남구 신정동 1889",
            "도로명주소":"울산시 남구 동산로69번길 13",
            "세대수":50,
            "입주년차":60,
            "용적률점수":"--",
            "건폐율점수":"--",
            "세대당주차수":60,
            "난방방식":30,
            "공급면적":"--",
            "전용률":"--",
            "욕실수":100,
            "현관타입":100,
            "주거총점":61.5,
            "지역구공급총점":0.0,
            "역세권":"NA",
            "30분내 이동가능 거점":"NA",
            "1시간내 이동가능 거점":"NA",
            "교통총점":"NA",
            "백화점":0,
            "아울렛몰":0,
            "대형마트":100,
            "은행":0,
            "병원":30,
            "종합병원":100,
            "공원":100,
            "혐오시설":0,
            "인프라총점":41.0,
            "초등학군":83.53,
            "중학군":59.02,
            "학군총점":63.922,
            "인구수":38.02,
            "인구증감":-14.98,
            "인구총점":22.12,
            "일자리":22.4,
            "소득수준":68.51,
            "일자리총점":36.233,
            "가치 총점":53.9055,
            "매매실거래년":20211217.0,
            "매매실거래가":113500.0,
            "전세실거래년":20211105.0,
            "전세실거래가":40950.0,
            "전세가율":34.12,
            "장기전세가율평균":72.53,
            "전세가율거품지수":38.41,
            "검색코드":104796,
            "세대수":597.0,
            "준공년월":"2013-12-31",
            "준공년차":10.0,
            "가까운역이름":"NA",
            "가까운역거리":"NA",
            "역세권여부":"NA",
            "30분이내주요거점역":"NA",
            "1시간이내주요거점역":"NA",
            "3km이내백화점수":0,
            "5km이내아울렛몰수":0,
            "1km이내대형먀트수":2,
            "500m이내은행수":1,
            "500m이내병원수":7,
            "5km이내대형병원수":4,
            "500m이내공원수":8,
            "3km이내혐오시설수":0,
            "초등학교학업성취도":83.53,
            "중학교학업성취도":96.1,
            "용적률":248,
            "건폐율":18,
            "Y":35.537115,
            "X":129.301807,
            "rank":62.0,
            "area_info":"33평(109.92), 33평(110.43), 33평(110.45), 39평(130.19), 39평(130.89), 43평(142.56), 44평(147.07)",
            "last_sales":"2021-12-17,113500.0,33평(110.43)"
        },
        {
            "index":703,
            "아파트명":"울산옥동대공원한신휴플러스",
            "투자타입":"일반",
            "전용면적(m2)":"111.6",
            "전용면적(평)":"33평",
            "법정동주소":"울산시 남구 옥동 1418",
            "도로명주소":"울산시 남구 대공원로99번길 19",
            "세대수":0,
            "입주년차":60,
            "용적률점수":"--",
            "건폐율점수":"--",
            "세대당주차수":60,
            "난방방식":30,
            "공급면적":"--",
            "전용률":"--",
            "욕실수":100,
            "현관타입":100,
            "주거총점":44.0,
            "지역구공급총점":0.0,
            "역세권":"NA",
            "30분내 이동가능 거점":"NA",
            "1시간내 이동가능 거점":"NA",
            "교통총점":"NA",
            "백화점":0,
            "아울렛몰":0,
            "대형마트":100,
            "은행":100,
            "병원":60,
            "종합병원":100,
            "공원":100,
            "혐오시설":0,
            "인프라총점":54.0,
            "초등학군":94.64,
            "중학군":58.84,
            "학군총점":66.0,
            "인구수":38.02,
            "인구증감":-14.98,
            "인구총점":22.12,
            "일자리":22.4,
            "소득수준":68.51,
            "일자리총점":36.233,
            "가치 총점":53.5,
            "매매실거래년":20211123.0,
            "매매실거래가":110000.0,
            "전세실거래년":20211214.0,
            "전세실거래가":63000.0,
            "전세가율":54.78,
            "장기전세가율평균":72.53,
            "전세가율거품지수":17.75,
            "검색코드":102949,
            "세대수":263.0,
            "준공년월":"2011-11-25",
            "준공년차":12.0,
            "가까운역이름":"NA",
            "가까운역거리":"NA",
            "역세권여부":"NA",
            "30분이내주요거점역":"NA",
            "1시간이내주요거점역":"NA",
            "3km이내백화점수":0,
            "5km이내아울렛몰수":0,
            "1km이내대형먀트수":2,
            "500m이내은행수":5,
            "500m이내병원수":16,
            "5km이내대형병원수":4,
            "500m이내공원수":8,
            "3km이내혐오시설수":0,
            "초등학교학업성취도":94.64,
            "중학교학업성취도":96.0,
            "용적률":217,
            "건폐율":26,
            "Y":35.532351,
            "X":129.296382,
            "rank":63.0,
            "area_info":"33평(111.6), 33평(111.23), 46평(154.42), 48평(160.89)",
            "last_sales":"2021-11-23,110000.0,33평(111.23)"
        },
        {
            "index":24,
            "아파트명":"달동현대1차",
            "투자타입":"재건축",
            "전용면적(m2)":"86.11",
            "전용면적(평)":"26평",
            "법정동주소":"울산시 남구 달동 1352-5",
            "도로명주소":"울산시 남구",
            "세대수":50,
            "입주년차":"--",
            "용적률점수":0,
            "건폐율점수":0,
            "세대당주차수":"--",
            "난방방식":"--",
            "공급면적":70,
            "전용률":80,
            "욕실수":"--",
            "현관타입":"--",
            "주거총점":22.5,
            "지역구공급총점":0.0,
            "역세권":"NA",
            "30분내 이동가능 거점":"NA",
            "1시간내 이동가능 거점":"NA",
            "교통총점":"NA",
            "백화점":100,
            "아울렛몰":0,
            "대형마트":0,
            "은행":100,
            "병원":100,
            "종합병원":100,
            "공원":100,
            "혐오시설":0,
            "인프라총점":73.0,
            "초등학군":89.41,
            "중학군":56.96,
            "학군총점":63.45,
            "인구수":38.02,
            "인구증감":-14.98,
            "인구총점":22.12,
            "일자리":22.4,
            "소득수준":68.51,
            "일자리총점":36.233,
            "가치 총점":52.9375,
            "매매실거래년":20211125.0,
            "매매실거래가":43500.0,
            "전세실거래년":20210529.0,
            "전세실거래가":16250.0,
            "전세가율":49.24,
            "장기전세가율평균":72.53,
            "전세가율거품지수":23.29,
            "검색코드":5873,
            "세대수":450.0,
            "준공년월":"1990-08-27",
            "준공년차":33.0,
            "가까운역이름":"NA",
            "가까운역거리":"NA",
            "역세권여부":"NA",
            "30분이내주요거점역":"NA",
            "1시간이내주요거점역":"NA",
            "3km이내백화점수":2,
            "5km이내아울렛몰수":0,
            "1km이내대형먀트수":0,
            "500m이내은행수":10,
            "500m이내병원수":161,
            "5km이내대형병원수":4,
            "500m이내공원수":20,
            "3km이내혐오시설수":0,
            "초등학교학업성취도":89.41,
            "중학교학업성취도":93.4,
            "용적률":0,
            "건폐율":0,
            "Y":35.540568,
            "X":129.334669,
            "rank":64.0,
            "area_info":"26평(86.11), 30평(101.72)",
            "last_sales":"2021-11-25,43500.0,30평(101.72)"
        },
        {
            "index":554,
            "아파트명":"동광모닝스카이(도시형)",
            "투자타입":"일반",
            "전용면적(m2)":"40.89",
            "전용면적(평)":"12평",
            "법정동주소":"울산시 남구 야음동 832-3",
            "도로명주소":"울산시 남구",
            "세대수":0,
            "입주년차":80,
            "용적률점수":"--",
            "건폐율점수":"--",
            "세대당주차수":0,
            "난방방식":30,
            "공급면적":"--",
            "전용률":"--",
            "욕실수":50,
            "현관타입":10,
            "주거총점":25.0,
            "지역구공급총점":0.0,
            "역세권":"NA",
            "30분내 이동가능 거점":"NA",
            "1시간내 이동가능 거점":"NA",
            "교통총점":"NA",
            "백화점":100,
            "아울렛몰":0,
            "대형마트":100,
            "은행":20,
            "병원":30,
            "종합병원":100,
            "공원":100,
            "혐오시설":0,
            "인프라총점":73.0,
            "초등학군":100.0,
            "중학군":49.18,
            "학군총점":59.344,
            "인구수":38.02,
            "인구증감":-14.98,
            "인구총점":22.12,
            "일자리":22.4,
            "소득수준":68.51,
            "일자리총점":36.233,
            "가치 총점":52.786,
            "매매실거래년":20211223.0,
            "매매실거래가":13800.0,
            "전세실거래년":20200524.0,
            "전세실거래가":7500.0,
            "전세가율":75.76,
            "장기전세가율평균":72.53,
            "전세가율거품지수":-3.23,
            "검색코드":107724,
            "세대수":247.0,
            "준공년월":"2014-02-28",
            "준공년차":9.0,
            "가까운역이름":"NA",
            "가까운역거리":"NA",
            "역세권여부":"NA",
            "30분이내주요거점역":"NA",
            "1시간이내주요거점역":"NA",
            "3km이내백화점수":2,
            "5km이내아울렛몰수":0,
            "1km이내대형먀트수":2,
            "500m이내은행수":2,
            "500m이내병원수":8,
            "5km이내대형병원수":3,
            "500m이내공원수":2,
            "3km이내혐오시설수":0,
            "초등학교학업성취도":100.0,
            "중학교학업성취도":81.1,
            "용적률":859,
            "건폐율":63,
            "Y":35.525909,
            "X":129.329332,
            "rank":65.0,
            "area_info":"12평(40.89), 15평(52.58), 20평(67.17)",
            "last_sales":"2021-12-23,13800.0,20평(67.17)"
        },
        {
            "index":309,
            "아파트명":"공업탑하트랜드(도시형)",
            "투자타입":"일반",
            "전용면적(m2)":"32.68",
            "전용면적(평)":"9평",
            "법정동주소":"울산시 남구 신정동 726-3",
            "도로명주소":"울산시 남구 삼산로 26",
            "세대수":0,
            "입주년차":80,
            "용적률점수":"--",
            "건폐율점수":"--",
            "세대당주차수":0,
            "난방방식":30,
            "공급면적":"--",
            "전용률":"--",
            "욕실수":50,
            "현관타입":10,
            "주거총점":25.0,
            "지역구공급총점":0.0,
            "역세권":"NA",
            "30분내 이동가능 거점":"NA",
            "1시간내 이동가능 거점":"NA",
            "교통총점":"NA",
            "백화점":100,
            "아울렛몰":0,
            "대형마트":80,
            "은행":20,
            "병원":80,
            "종합병원":100,
            "공원":100,
            "혐오시설":0,
            "인프라총점":75.0,
            "초등학군":70.81,
            "중학군":51.68,
            "학군총점":55.506,
            "인구수":38.02,
            "인구증감":-14.98,
            "인구총점":22.12,
            "일자리":22.4,
            "소득수준":68.51,
            "일자리총점":36.233,
            "가치 총점":52.6265,
            "매매실거래년":20211204.0,
            "매매실거래가":13000.0,
            "전세실거래년":20200731.0,
            "전세실거래가":7000.0,
            "전세가율":82.35,
            "장기전세가율평균":72.53,
            "전세가율거품지수":-9.82,
            "검색코드":106714,
            "세대수":239.0,
            "준공년월":"2014-07-25",
            "준공년차":9.0,
            "가까운역이름":"NA",
            "가까운역거리":"NA",
            "역세권여부":"NA",
            "30분이내주요거점역":"NA",
            "1시간이내주요거점역":"NA",
            "3km이내백화점수":2,
            "5km이내아울렛몰수":0,
            "1km이내대형먀트수":1,
            "500m이내은행수":2,
            "500m이내병원수":37,
            "5km이내대형병원수":4,
            "500m이내공원수":2,
            "3km이내혐오시설수":0,
            "초등학교학업성취도":70.81,
            "중학교학업성취도":85.2,
            "용적률":950,
            "건폐율":68,
            "Y":35.532735,
            "X":129.310866,
            "rank":66.0,
            "area_info":"9평(32.68), 11평(37.5), 11평(38.25), 11평(39.54), 15평(51.29), 15평(51.32), 15평(51.51), 15평(51.81), 15평(52.58), 15평(52.83), 16평(53.79), 16평(54.68), 17평(56.64), 17평(57.33), 17평(57.38), 18평(60.58)",
            "last_sales":"2021-12-04,13000.0,18평(60.58)"
        },
        {
            "index":369,
            "아파트명":"두산위브더제니스",
            "투자타입":"일반",
            "전용면적(m2)":"147.24",
            "전용면적(평)":"44평",
            "법정동주소":"울산시 남구 신정동 1877",
            "도로명주소":"울산시 남구 신정로203번길 61",
            "세대수":0,
            "입주년차":60,
            "용적률점수":"--",
            "건폐율점수":"--",
            "세대당주차수":80,
            "난방방식":30,
            "공급면적":"--",
            "전용률":"--",
            "욕실수":100,
            "현관타입":100,
            "주거총점":47.0,
            "지역구공급총점":0.0,
            "역세권":"NA",
            "30분내 이동가능 거점":"NA",
            "1시간내 이동가능 거점":"NA",
            "교통총점":"NA",
            "백화점":100,
            "아울렛몰":0,
            "대형마트":0,
            "은행":0,
            "병원":30,
            "종합병원":100,
            "공원":100,
            "혐오시설":0,
            "인프라총점":56.0,
            "초등학군":89.89,
            "중학군":44.56,
            "학군총점":53.626,
            "인구수":38.02,
            "인구증감":-14.98,
            "인구총점":22.12,
            "일자리":22.4,
            "소득수준":68.51,
            "일자리총점":36.233,
            "가치 총점":52.2565,
            "매매실거래년":20210623.0,
            "매매실거래가":93000.0,
            "전세실거래년":20210918.0,
            "전세실거래가":46000.0,
            "전세가율":92.93,
            "장기전세가율평균":72.53,
            "전세가율거품지수":-20.4,
            "검색코드":103945,
            "세대수":278.0,
            "준공년월":"2010-02-26",
            "준공년차":13.0,
            "가까운역이름":"NA",
            "가까운역거리":"NA",
            "역세권여부":"NA",
            "30분이내주요거점역":"NA",
            "1시간이내주요거점역":"NA",
            "3km이내백화점수":2,
            "5km이내아울렛몰수":0,
            "1km이내대형먀트수":0,
            "500m이내은행수":0,
            "500m이내병원수":6,
            "5km이내대형병원수":5,
            "500m이내공원수":2,
            "3km이내혐오시설수":0,
            "초등학교학업성취도":89.89,
            "중학교학업성취도":73.4,
            "용적률":0,
            "건폐율":72,
            "Y":35.548651,
            "X":129.310132,
            "rank":67.0,
            "area_info":"44평(147.24), 46평(153.58), 46평(154.67), 55평(184.48), 70평(232.84), 94평(313.24)",
            "last_sales":"2021-06-23,93000.0,94평(313.24)"
        },
        {
            "index":569,
            "아파트명":"삼환나띠르빌",
            "투자타입":"일반",
            "전용면적(m2)":"87.15",
            "전용면적(평)":"26평",
            "법정동주소":"울산시 남구 야음동 489-18",
            "도로명주소":"울산시 남구 신화로15번길 4",
            "세대수":0,
            "입주년차":40,
            "용적률점수":"--",
            "건폐율점수":"--",
            "세대당주차수":0,
            "난방방식":30,
            "공급면적":"--",
            "전용률":"--",
            "욕실수":100,
            "현관타입":100,
            "주거총점":31.0,
            "지역구공급총점":0.0,
            "역세권":"NA",
            "30분내 이동가능 거점":"NA",
            "1시간내 이동가능 거점":"NA",
            "교통총점":"NA",
            "백화점":100,
            "아울렛몰":0,
            "대형마트":100,
            "은행":0,
            "병원":0,
            "종합병원":100,
            "공원":100,
            "혐오시설":0,
            "인프라총점":68.0,
            "초등학군":84.78,
            "중학군":48.64,
            "학군총점":55.868,
            "인구수":38.02,
            "인구증감":-14.98,
            "인구총점":22.12,
            "일자리":22.4,
            "소득수준":68.51,
            "일자리총점":36.233,
            "가치 총점":52.017,
            "매매실거래년":20211204.0,
            "매매실거래가":35800.0,
            "전세실거래년":20210629.0,
            "전세실거래가":27000.0,
            "전세가율":87.1,
            "장기전세가율평균":72.53,
            "전세가율거품지수":-14.57,
            "검색코드":19752,
            "세대수":214.0,
            "준공년월":"2005-08-19",
            "준공년차":18.0,
            "가까운역이름":"NA",
            "가까운역거리":"NA",
            "역세권여부":"NA",
            "30분이내주요거점역":"NA",
            "1시간이내주요거점역":"NA",
            "3km이내백화점수":2,
            "5km이내아울렛몰수":0,
            "1km이내대형먀트수":2,
            "500m이내은행수":1,
            "500m이내병원수":1,
            "5km이내대형병원수":4,
            "500m이내공원수":2,
            "3km이내혐오시설수":0,
            "초등학교학업성취도":84.78,
            "중학교학업성취도":80.2,
            "용적률":380,
            "건폐율":24,
            "Y":35.52902,
            "X":129.33304,
            "rank":68.0,
            "area_info":"26평(87.15), 34평(112.45)",
            "last_sales":"2021-12-04,35800.0,34평(112.45)"
        },
        {
            "index":343,
            "아파트명":"대공원월드메르디앙",
            "투자타입":"일반",
            "전용면적(m2)":"112.96",
            "전용면적(평)":"34평",
            "법정동주소":"울산시 남구 신정동 1868",
            "도로명주소":"울산시 남구 대공원로 207",
            "세대수":30,
            "입주년차":40,
            "용적률점수":"--",
            "건폐율점수":"--",
            "세대당주차수":80,
            "난방방식":30,
            "공급면적":"--",
            "전용률":"--",
            "욕실수":100,
            "현관타입":100,
            "주거총점":53.5,
            "지역구공급총점":0.0,
            "역세권":"NA",
            "30분내 이동가능 거점":"NA",
            "1시간내 이동가능 거점":"NA",
            "교통총점":"NA",
            "백화점":0,
            "아울렛몰":0,
            "대형마트":100,
            "은행":0,
            "병원":60,
            "종합병원":100,
            "공원":0,
            "혐오시설":0,
            "인프라총점":41.0,
            "초등학군":94.64,
            "중학군":59.02,
            "학군총점":66.144,
            "인구수":38.02,
            "인구증감":-14.98,
            "인구총점":22.12,
            "일자리":22.4,
            "소득수준":68.51,
            "일자리총점":36.233,
            "가치 총점":51.661,
            "매매실거래년":20210722.0,
            "매매실거래가":114500.0,
            "전세실거래년":20200912.0,
            "전세실거래가":37000.0,
            "전세가율":41.57,
            "장기전세가율평균":72.53,
            "전세가율거품지수":30.96,
            "검색코드":25104,
            "세대수":359.0,
            "준공년월":"2008-06-27",
            "준공년차":15.0,
            "가까운역이름":"NA",
            "가까운역거리":"NA",
            "역세권여부":"NA",
            "30분이내주요거점역":"NA",
            "1시간이내주요거점역":"NA",
            "3km이내백화점수":0,
            "5km이내아울렛몰수":0,
            "1km이내대형먀트수":2,
            "500m이내은행수":1,
            "500m이내병원수":12,
            "5km이내대형병원수":4,
            "500m이내공원수":0,
            "3km이내혐오시설수":0,
            "초등학교학업성취도":94.64,
            "중학교학업성취도":96.1,
            "용적률":246,
            "건폐율":30,
            "Y":35.530953,
            "X":129.304023,
            "rank":69.0,
            "area_info":"34평(112.96), 34평(114.24), 47평(157.58), 57평(189.9)",
            "last_sales":"2021-07-22,114500.0,47평(157.58)"
        },
        {
            "index":68,
            "아파트명":"이진",
            "투자타입":"재건축",
            "전용면적(m2)":"70.01",
            "전용면적(평)":"21평",
            "법정동주소":"울산시 남구 달동 819-6",
            "도로명주소":"울산시 남구 도산로 9",
            "세대수":0,
            "입주년차":"--",
            "용적률점수":0,
            "건폐율점수":60,
            "세대당주차수":"--",
            "난방방식":"--",
            "공급면적":50,
            "전용률":80,
            "욕실수":"--",
            "현관타입":"--",
            "주거총점":18.5,
            "지역구공급총점":0.0,
            "역세권":"NA",
            "30분내 이동가능 거점":"NA",
            "1시간내 이동가능 거점":"NA",
            "교통총점":"NA",
            "백화점":100,
            "아울렛몰":0,
            "대형마트":100,
            "은행":0,
            "병원":60,
            "종합병원":100,
            "공원":100,
            "혐오시설":0,
            "인프라총점":74.0,
            "초등학군":90.61,
            "중학군":54.7,
            "학군총점":61.882,
            "인구수":38.02,
            "인구증감":-14.98,
            "인구총점":22.12,
            "일자리":22.4,
            "소득수준":68.51,
            "일자리총점":36.233,
            "가치 총점":51.5455,
            "매매실거래년":20210701.0,
            "매매실거래가":27000.0,
            "전세실거래년":20201216.0,
            "전세실거래가":12500.0,
            "전세가율":68.68,
            "장기전세가율평균":72.53,
            "전세가율거품지수":3.85,
            "검색코드":5844,
            "세대수":136.0,
            "준공년월":"1988-06-08",
            "준공년차":35.0,
            "가까운역이름":"NA",
            "가까운역거리":"NA",
            "역세권여부":"NA",
            "30분이내주요거점역":"NA",
            "1시간이내주요거점역":"NA",
            "3km이내백화점수":2,
            "5km이내아울렛몰수":0,
            "1km이내대형먀트수":3,
            "500m이내은행수":0,
            "500m이내병원수":17,
            "5km이내대형병원수":4,
            "500m이내공원수":4,
            "3km이내혐오시설수":0,
            "초등학교학업성취도":90.61,
            "중학교학업성취도":89.9,
            "용적률":245,
            "건폐율":34,
            "Y":35.532779,
            "X":129.316765,
            "rank":70.0,
            "area_info":"21평(70.01), 23평(77.31), 25평(83.57), 29평(97.07), 30평(100.2)",
            "last_sales":"2021-07-01,27000.0,30평(100.2)"
        },
        {
            "index":29,
            "아파트명":"동서4차",
            "투자타입":"일반",
            "전용면적(m2)":"72.89",
            "전용면적(평)":"22평",
            "법정동주소":"울산시 남구 달동 1389-4",
            "도로명주소":"울산시 남구 삼산로94번길 19-18",
            "세대수":0,
            "입주년차":0,
            "용적률점수":"--",
            "건폐율점수":"--",
            "세대당주차수":0,
            "난방방식":30,
            "공급면적":"--",
            "전용률":"--",
            "욕실수":50,
            "현관타입":100,
            "주거총점":18.0,
            "지역구공급총점":0.0,
            "역세권":"NA",
            "30분내 이동가능 거점":"NA",
            "1시간내 이동가능 거점":"NA",
            "교통총점":"NA",
            "백화점":100,
            "아울렛몰":0,
            "대형마트":100,
            "은행":0,
            "병원":80,
            "종합병원":100,
            "공원":100,
            "혐오시설":0,
            "인프라총점":76.0,
            "초등학군":90.61,
            "중학군":51.44,
            "학군총점":59.274,
            "인구수":38.02,
            "인구증감":-14.98,
            "인구총점":22.12,
            "일자리":22.4,
            "소득수준":68.51,
            "일자리총점":36.233,
            "가치 총점":51.5185,
            "매매실거래년":20211122.0,
            "매매실거래가":24200.0,
            "전세실거래년":20210515.0,
            "전세실거래가":21000.0,
            "전세가율":86.78,
            "장기전세가율평균":72.53,
            "전세가율거품지수":-14.25,
            "검색코드":5831,
            "세대수":114.0,
            "준공년월":"1994-12-21",
            "준공년차":29.0,
            "가까운역이름":"NA",
            "가까운역거리":"NA",
            "역세권여부":"NA",
            "30분이내주요거점역":"NA",
            "1시간이내주요거점역":"NA",
            "3km이내백화점수":2,
            "5km이내아울렛몰수":0,
            "1km이내대형먀트수":3,
            "500m이내은행수":1,
            "500m이내병원수":31,
            "5km이내대형병원수":4,
            "500m이내공원수":10,
            "3km이내혐오시설수":0,
            "초등학교학업성취도":90.61,
            "중학교학업성취도":85.4,
            "용적률":336,
            "건폐율":45,
            "Y":35.533262,
            "X":129.319629,
            "rank":71.0,
            "area_info":"22평(72.89), 21평(72.45), 25평(82.79), 31평(103.37)",
            "last_sales":"2021-11-22,24200.0,22평(72.89)"
        },
        {
            "index":433,
            "아파트명":"신정지웰",
            "투자타입":"일반",
            "전용면적(m2)":"115.76",
            "전용면적(평)":"35평",
            "법정동주소":"울산시 남구 신정동 1911",
            "도로명주소":"울산시 남구 월평로171번길 26",
            "세대수":0,
            "입주년차":80,
            "용적률점수":"--",
            "건폐율점수":"--",
            "세대당주차수":60,
            "난방방식":30,
            "공급면적":"--",
            "전용률":"--",
            "욕실수":100,
            "현관타입":100,
            "주거총점":48.0,
            "지역구공급총점":0.0,
            "역세권":"NA",
            "30분내 이동가능 거점":"NA",
            "1시간내 이동가능 거점":"NA",
            "교통총점":"NA",
            "백화점":100,
            "아울렛몰":0,
            "대형마트":0,
            "은행":0,
            "병원":0,
            "종합병원":100,
            "공원":100,
            "혐오시설":0,
            "인프라총점":53.0,
            "초등학군":89.89,
            "중학군":44.56,
            "학군총점":53.626,
            "인구수":38.02,
            "인구증감":-14.98,
            "인구총점":22.12,
            "일자리":22.4,
            "소득수준":68.51,
            "일자리총점":36.233,
            "가치 총점":51.4065,
            "매매실거래년":20211127.0,
            "매매실거래가":48000.0,
            "전세실거래년":20180809.0,
            "전세실거래가":23000.0,
            "전세가율":67.65,
            "장기전세가율평균":72.53,
            "전세가율거품지수":4.88,
            "검색코드":109946,
            "세대수":200.0,
            "준공년월":"2018-07-01",
            "준공년차":5.0,
            "가까운역이름":"NA",
            "가까운역거리":"NA",
            "역세권여부":"NA",
            "30분이내주요거점역":"NA",
            "1시간이내주요거점역":"NA",
            "3km이내백화점수":2,
            "5km이내아울렛몰수":0,
            "1km이내대형먀트수":0,
            "500m이내은행수":0,
            "500m이내병원수":0,
            "5km이내대형병원수":5,
            "500m이내공원수":8,
            "3km이내혐오시설수":0,
            "초등학교학업성취도":89.89,
            "중학교학업성취도":73.4,
            "용적률":0,
            "건폐율":0,
            "Y":35.547219,
            "X":129.323221,
            "rank":72.0,
            "area_info":"35평(115.76), 35평(116.89), 35평(116.73), 35평(116.58)",
            "last_sales":"2021-11-27,48000.0,35평(116.89)"
        },
        {
            "index":9,
            "아파트명":"달동신한",
            "투자타입":"일반",
            "전용면적(m2)":"36.07",
            "전용면적(평)":"10평",
            "법정동주소":"울산시 남구 달동 1378-3",
            "도로명주소":"울산시 남구 도산로101번길 4-10",
            "세대수":0,
            "입주년차":0,
            "용적률점수":"--",
            "건폐율점수":"--",
            "세대당주차수":0,
            "난방방식":30,
            "공급면적":"--",
            "전용률":"--",
            "욕실수":50,
            "현관타입":100,
            "주거총점":18.0,
            "지역구공급총점":0.0,
            "역세권":"NA",
            "30분내 이동가능 거점":"NA",
            "1시간내 이동가능 거점":"NA",
            "교통총점":"NA",
            "백화점":100,
            "아울렛몰":0,
            "대형마트":100,
            "은행":20,
            "병원":60,
            "종합병원":100,
            "공원":100,
            "혐오시설":0,
            "인프라총점":76.0,
            "초등학군":85.45,
            "중학군":51.44,
            "학군총점":58.242,
            "인구수":38.02,
            "인구증감":-14.98,
            "인구총점":22.12,
            "일자리":22.4,
            "소득수준":68.51,
            "일자리총점":36.233,
            "가치 총점":51.2605,
            "매매실거래년":20211231.0,
            "매매실거래가":4950.0,
            "전세실거래년":20190122.0,
            "전세실거래가":2000.0,
            "전세가율":40.4,
            "장기전세가율평균":72.53,
            "전세가율거품지수":32.13,
            "검색코드":106315,
            "세대수":113.0,
            "준공년월":"1996-04-04",
            "준공년차":27.0,
            "가까운역이름":"NA",
            "가까운역거리":"NA",
            "역세권여부":"NA",
            "30분이내주요거점역":"NA",
            "1시간이내주요거점역":"NA",
            "3km이내백화점수":2,
            "5km이내아울렛몰수":0,
            "1km이내대형먀트수":3,
            "500m이내은행수":2,
            "500m이내병원수":11,
            "5km이내대형병원수":4,
            "500m이내공원수":12,
            "3km이내혐오시설수":0,
            "초등학교학업성취도":85.45,
            "중학교학업성취도":85.4,
            "용적률":307,
            "건폐율":31,
            "Y":35.531601,
            "X":129.326394,
            "rank":73.0,
            "area_info":"10평(36.07), 12평(42.57)",
            "last_sales":"2021-12-31,4950.0,10평(36.07)"
        },
        {
            "index":94,
            "아파트명":"굴화주공1단지",
            "투자타입":"일반",
            "전용면적(m2)":"77.17",
            "전용면적(평)":"23평",
            "법정동주소":"울산시 남구 무거동 275-1",
            "도로명주소":"울산시 남구 굴화4길 20",
            "세대수":90,
            "입주년차":0,
            "용적률점수":"--",
            "건폐율점수":"--",
            "세대당주차수":0,
            "난방방식":30,
            "공급면적":"--",
            "전용률":"--",
            "욕실수":50,
            "현관타입":100,
            "주거총점":49.5,
            "지역구공급총점":0.0,
            "역세권":"NA",
            "30분내 이동가능 거점":"NA",
            "1시간내 이동가능 거점":"NA",
            "교통총점":"NA",
            "백화점":0,
            "아울렛몰":0,
            "대형마트":80,
            "은행":70,
            "병원":60,
            "종합병원":100,
            "공원":100,
            "혐오시설":0,
            "인프라총점":48.0,
            "초등학군":86.84,
            "중학군":51.78,
            "학군총점":58.792,
            "인구수":38.02,
            "인구증감":-14.98,
            "인구총점":22.12,
            "일자리":22.4,
            "소득수준":68.51,
            "일자리총점":36.233,
            "가치 총점":51.223,
            "매매실거래년":20211214.0,
            "매매실거래가":23900.0,
            "전세실거래년":null,
            "전세실거래가":null,
            "전세가율":null,
            "장기전세가율평균":72.53,
            "전세가율거품지수":null,
            "검색코드":5895,
            "세대수":1046.0,
            "준공년월":"1997-04-10",
            "준공년차":26.0,
            "가까운역이름":"NA",
            "가까운역거리":"NA",
            "역세권여부":"NA",
            "30분이내주요거점역":"NA",
            "1시간이내주요거점역":"NA",
            "3km이내백화점수":0,
            "5km이내아울렛몰수":0,
            "1km이내대형먀트수":1,
            "500m이내은행수":3,
            "500m이내병원수":25,
            "5km이내대형병원수":3,
            "500m이내공원수":12,
            "3km이내혐오시설수":0,
            "초등학교학업성취도":86.84,
            "중학교학업성취도":85.3,
            "용적률":0,
            "건폐율":0,
            "Y":35.554061,
            "X":129.263544,
            "rank":74.0,
            "area_info":"23평(77.17), 24평(79.91), 24평(80.41)",
            "last_sales":"2021-12-14,23900.0,24평(79.91)"
        },
        {
            "index":481,
            "아파트명":"유씨티(도시형)",
            "투자타입":"일반",
            "전용면적(m2)":"34.53",
            "전용면적(평)":"10평",
            "법정동주소":"울산시 남구 신정동 770-15",
            "도로명주소":"울산시 남구 중앙로 139",
            "세대수":0,
            "입주년차":80,
            "용적률점수":"--",
            "건폐율점수":"--",
            "세대당주차수":0,
            "난방방식":30,
            "공급면적":"--",
            "전용률":"--",
            "욕실수":50,
            "현관타입":10,
            "주거총점":25.0,
            "지역구공급총점":0.0,
            "역세권":"NA",
            "30분내 이동가능 거점":"NA",
            "1시간내 이동가능 거점":"NA",
            "교통총점":"NA",
            "백화점":100,
            "아울렛몰":0,
            "대형마트":80,
            "은행":0,
            "병원":60,
            "종합병원":100,
            "공원":100,
            "혐오시설":0,
            "인프라총점":71.0,
            "초등학군":70.81,
            "중학군":51.68,
            "학군총점":55.506,
            "인구수":38.02,
            "인구증감":-14.98,
            "인구총점":22.12,
            "일자리":22.4,
            "소득수준":68.51,
            "일자리총점":36.233,
            "가치 총점":51.0265,
            "매매실거래년":20211203.0,
            "매매실거래가":7500.0,
            "전세실거래년":20200820.0,
            "전세실거래가":7000.0,
            "전세가율":93.33,
            "장기전세가율평균":72.53,
            "전세가율거품지수":-20.8,
            "검색코드":110442,
            "세대수":183.0,
            "준공년월":"2015-11-04",
            "준공년차":8.0,
            "가까운역이름":"NA",
            "가까운역거리":"NA",
            "역세권여부":"NA",
            "30분이내주요거점역":"NA",
            "1시간이내주요거점역":"NA",
            "3km이내백화점수":2,
            "5km이내아울렛몰수":0,
            "1km이내대형먀트수":1,
            "500m이내은행수":1,
            "500m이내병원수":28,
            "5km이내대형병원수":4,
            "500m이내공원수":2,
            "3km이내혐오시설수":0,
            "초등학교학업성취도":70.81,
            "중학교학업성취도":85.2,
            "용적률":825,
            "건폐율":69,
            "Y":35.533373,
            "X":129.314338,
            "rank":75.0,
            "area_info":"10평(34.53), 11평(36.52), 11평(37.18), 12평(41.14), 12평(42.0)",
            "last_sales":"2021-12-03,7500.0,10평(34.53)"
        },
        {
            "index":7,
            "아파트명":"달동삼정그린코아(도시형)",
            "투자타입":"일반",
            "전용면적(m2)":"53.07",
            "전용면적(평)":"16평",
            "법정동주소":"울산시 남구 달동 632-1",
            "도로명주소":"울산시 남구 신정로 75",
            "세대수":0,
            "입주년차":60,
            "용적률점수":"--",
            "건폐율점수":"--",
            "세대당주차수":0,
            "난방방식":30,
            "공급면적":"--",
            "전용률":"--",
            "욕실수":50,
            "현관타입":100,
            "주거총점":30.0,
            "지역구공급총점":0.0,
            "역세권":"NA",
            "30분내 이동가능 거점":"NA",
            "1시간내 이동가능 거점":"NA",
            "교통총점":"NA",
            "백화점":100,
            "아울렛몰":0,
            "대형마트":80,
            "은행":0,
            "병원":60,
            "종합병원":100,
            "공원":0,
            "혐오시설":0,
            "인프라총점":68.0,
            "초등학군":87.47,
            "중학군":44.56,
            "학군총점":53.142,
            "인구수":38.02,
            "인구증감":-14.98,
            "인구총점":22.12,
            "일자리":22.4,
            "소득수준":68.51,
            "일자리총점":36.233,
            "가치 총점":50.9855,
            "매매실거래년":20210926.0,
            "매매실거래가":10800.0,
            "전세실거래년":20211023.0,
            "전세실거래가":9975.0,
            "전세가율":101.79,
            "장기전세가율평균":72.53,
            "전세가율거품지수":-29.26,
            "검색코드":112970,
            "세대수":177.0,
            "준공년월":"2013-05-31",
            "준공년차":10.0,
            "가까운역이름":"NA",
            "가까운역거리":"NA",
            "역세권여부":"NA",
            "30분이내주요거점역":"NA",
            "1시간이내주요거점역":"NA",
            "3km이내백화점수":2,
            "5km이내아울렛몰수":0,
            "1km이내대형먀트수":1,
            "500m이내은행수":1,
            "500m이내병원수":28,
            "5km이내대형병원수":5,
            "500m이내공원수":0,
            "3km이내혐오시설수":0,
            "초등학교학업성취도":87.47,
            "중학교학업성취도":73.4,
            "용적률":349,
            "건폐율":51,
            "Y":35.538398,
            "X":129.320573,
            "rank":76.0,
            "area_info":"16평(53.07), 16평(55.47)",
            "last_sales":"2021-09-26,10800.0,16평(55.47)"
        },
        {
            "index":84,
            "아파트명":"현우골든맨션",
            "투자타입":"재건축",
            "전용면적(m2)":"103.1",
            "전용면적(평)":"31평",
            "법정동주소":"울산시 남구 달동 1351-1",
            "도로명주소":"울산시 남구 삼산로241번길 18",
            "세대수":0,
            "입주년차":"--",
            "용적률점수":0,
            "건폐율점수":40,
            "세대당주차수":"--",
            "난방방식":"--",
            "공급면적":90,
            "전용률":80,
            "욕실수":"--",
            "현관타입":"--",
            "주거총점":16.5,
            "지역구공급총점":0.0,
            "역세권":"NA",
            "30분내 이동가능 거점":"NA",
            "1시간내 이동가능 거점":"NA",
            "교통총점":"NA",
            "백화점":100,
            "아울렛몰":0,
            "대형마트":0,
            "은행":100,
            "병원":100,
            "종합병원":100,
            "공원":100,
            "혐오시설":0,
            "인프라총점":73.0,
            "초등학군":89.41,
            "중학군":56.96,
            "학군총점":63.45,
            "인구수":38.02,
            "인구증감":-14.98,
            "인구총점":22.12,
            "일자리":22.4,
            "소득수준":68.51,
            "일자리총점":36.233,
            "가치 총점":50.8375,
            "매매실거래년":20211231.0,
            "매매실거래가":22400.0,
            "전세실거래년":20210210.0,
            "전세실거래가":15000.0,
            "전세가율":66.96,
            "장기전세가율평균":72.53,
            "전세가율거품지수":5.57,
            "검색코드":5888,
            "세대수":140.0,
            "준공년월":"1990-08-30",
            "준공년차":33.0,
            "가까운역이름":"NA",
            "가까운역거리":"NA",
            "역세권여부":"NA",
            "30분이내주요거점역":"NA",
            "1시간이내주요거점역":"NA",
            "3km이내백화점수":2,
            "5km이내아울렛몰수":0,
            "1km이내대형먀트수":0,
            "500m이내은행수":13,
            "500m이내병원수":157,
            "5km이내대형병원수":4,
            "500m이내공원수":16,
            "3km이내혐오시설수":0,
            "초등학교학업성취도":89.41,
            "중학교학업성취도":93.4,
            "용적률":299,
            "건폐율":35,
            "Y":35.541069,
            "X":129.333321,
            "rank":77.0,
            "area_info":"31평(103.1)",
            "last_sales":"2021-12-31,22400.0,31평(103.1)"
        },
        {
            "index":80,
            "아파트명":"현대하이야트",
            "투자타입":"일반",
            "전용면적(m2)":"79.85",
            "전용면적(평)":"24평",
            "법정동주소":"울산시 남구 달동 1403-1",
            "도로명주소":"울산시 남구 신정로33번길 36",
            "세대수":0,
            "입주년차":0,
            "용적률점수":"--",
            "건폐율점수":"--",
            "세대당주차수":0,
            "난방방식":30,
            "공급면적":"--",
            "전용률":"--",
            "욕실수":50,
            "현관타입":100,
            "주거총점":18.0,
            "지역구공급총점":0.0,
            "역세권":"NA",
            "30분내 이동가능 거점":"NA",
            "1시간내 이동가능 거점":"NA",
            "교통총점":"NA",
            "백화점":100,
            "아울렛몰":0,
            "대형마트":100,
            "은행":0,
            "병원":60,
            "종합병원":100,
            "공원":100,
            "혐오시설":0,
            "인프라총점":74.0,
            "초등학군":90.61,
            "중학군":51.44,
            "학군총점":59.274,
            "인구수":38.02,
            "인구증감":-14.98,
            "인구총점":22.12,
            "일자리":22.4,
            "소득수준":68.51,
            "일자리총점":36.233,
            "가치 총점":50.7185,
            "매매실거래년":20210906.0,
            "매매실거래가":23700.0,
            "전세실거래년":20200729.0,
            "전세실거래가":17000.0,
            "전세가율":71.73,
            "장기전세가율평균":72.53,
            "전세가율거품지수":0.8,
            "검색코드":14598,
            "세대수":120.0,
            "준공년월":"1994-10-19",
            "준공년차":29.0,
            "가까운역이름":"NA",
            "가까운역거리":"NA",
            "역세권여부":"NA",
            "30분이내주요거점역":"NA",
            "1시간이내주요거점역":"NA",
            "3km이내백화점수":2,
            "5km이내아울렛몰수":0,
            "1km이내대형먀트수":3,
            "500m이내은행수":0,
            "500m이내병원수":25,
            "5km이내대형병원수":5,
            "500m이내공원수":4,
            "3km이내혐오시설수":0,
            "초등학교학업성취도":90.61,
            "중학교학업성취도":85.4,
            "용적률":398,
            "건폐율":32,
            "Y":35.533828,
            "X":129.317246,
            "rank":78.0,
            "area_info":"24평(79.85), 33평(111.43), 42평(138.94), 57평(189.42)",
            "last_sales":"2021-09-06,23700.0,24평(79.85)"
        },
        {
            "index":333,
            "아파트명":"남산포스코더샵",
            "투자타입":"일반",
            "전용면적(m2)":"110.29",
            "전용면적(평)":"33평",
            "법정동주소":"울산시 남구 신정동 1334-38",
            "도로명주소":"울산시 남구 봉월로 133",
            "세대수":0,
            "입주년차":40,
            "용적률점수":"--",
            "건폐율점수":"--",
            "세대당주차수":60,
            "난방방식":30,
            "공급면적":"--",
            "전용률":"--",
            "욕실수":100,
            "현관타입":100,
            "주거총점":40.0,
            "지역구공급총점":0.0,
            "역세권":"NA",
            "30분내 이동가능 거점":"NA",
            "1시간내 이동가능 거점":"NA",
            "교통총점":"NA",
            "백화점":100,
            "아울렛몰":0,
            "대형마트":0,
            "은행":0,
            "병원":60,
            "종합병원":100,
            "공원":100,
            "혐오시설":0,
            "인프라총점":59.0,
            "초등학군":83.53,
            "중학군":44.56,
            "학군총점":52.354,
            "인구수":38.02,
            "인구증감":-14.98,
            "인구총점":22.12,
            "일자리":22.4,
            "소득수준":68.51,
            "일자리총점":36.233,
            "가치 총점":50.6885,
            "매매실거래년":20211224.0,
            "매매실거래가":42000.0,
            "전세실거래년":20210430.0,
            "전세실거래가":28000.0,
            "전세가율":66.67,
            "장기전세가율평균":72.53,
            "전세가율거품지수":5.86,
            "검색코드":17351,
            "세대수":263.0,
            "준공년월":"2004-01-30",
            "준공년차":19.0,
            "가까운역이름":"NA",
            "가까운역거리":"NA",
            "역세권여부":"NA",
            "30분이내주요거점역":"NA",
            "1시간이내주요거점역":"NA",
            "3km이내백화점수":1,
            "5km이내아울렛몰수":0,
            "1km이내대형먀트수":0,
            "500m이내은행수":0,
            "500m이내병원수":12,
            "5km이내대형병원수":5,
            "500m이내공원수":2,
            "3km이내혐오시설수":0,
            "초등학교학업성취도":83.53,
            "중학교학업성취도":73.4,
            "용적률":0,
            "건폐율":0,
            "Y":35.544026,
            "X":129.30526,
            "rank":79.0,
            "area_info":"33평(110.29), 45평(149.61)",
            "last_sales":"2021-12-24,42000.0,33평(110.29)"
        },
        {
            "index":571,
            "아파트명":"선경그린",
            "투자타입":"일반",
            "전용면적(m2)":"75.04",
            "전용면적(평)":"22평",
            "법정동주소":"울산시 남구 야음동 725-13",
            "도로명주소":"울산시 남구 중앙로17번길 16",
            "세대수":0,
            "입주년차":0,
            "용적률점수":"--",
            "건폐율점수":"--",
            "세대당주차수":0,
            "난방방식":30,
            "공급면적":"--",
            "전용률":"--",
            "욕실수":50,
            "현관타입":100,
            "주거총점":18.0,
            "지역구공급총점":0.0,
            "역세권":"NA",
            "30분내 이동가능 거점":"NA",
            "1시간내 이동가능 거점":"NA",
            "교통총점":"NA",
            "백화점":100,
            "아울렛몰":0,
            "대형마트":100,
            "은행":0,
            "병원":30,
            "종합병원":100,
            "공원":100,
            "혐오시설":0,
            "인프라총점":71.0,
            "초등학군":100.0,
            "중학군":54.7,
            "학군총점":63.76,
            "인구수":38.02,
            "인구증감":-14.98,
            "인구총점":22.12,
            "일자리":22.4,
            "소득수준":68.51,
            "일자리총점":36.233,
            "가치 총점":50.64,
            "매매실거래년":20211125.0,
            "매매실거래가":20900.0,
            "전세실거래년":20211218.0,
            "전세실거래가":18000.0,
            "전세가율":86.12,
            "장기전세가율평균":72.53,
            "전세가율거품지수":-13.59,
            "검색코드":26060,
            "세대수":168.0,
            "준공년월":"1994-02-08",
            "준공년차":29.0,
            "가까운역이름":"NA",
            "가까운역거리":"NA",
            "역세권여부":"NA",
            "30분이내주요거점역":"NA",
            "1시간이내주요거점역":"NA",
            "3km이내백화점수":2,
            "5km이내아울렛몰수":0,
            "1km이내대형먀트수":2,
            "500m이내은행수":0,
            "500m이내병원수":5,
            "5km이내대형병원수":3,
            "500m이내공원수":2,
            "3km이내혐오시설수":0,
            "초등학교학업성취도":100.0,
            "중학교학업성취도":89.9,
            "용적률":0,
            "건폐율":0,
            "Y":35.523386,
            "X":129.316866,
            "rank":80.0,
            "area_info":"22평(75.04), 31평(102.56)",
            "last_sales":"2021-11-25,20900.0,22평(75.04)"
        },
        {
            "index":625,
            "아파트명":"지산오차드힐",
            "투자타입":"일반",
            "전용면적(m2)":"112.54",
            "전용면적(평)":"34평",
            "법정동주소":"울산시 남구 야음동 455-4",
            "도로명주소":"울산시 남구 수암로 255",
            "세대수":0,
            "입주년차":40,
            "용적률점수":"--",
            "건폐율점수":"--",
            "세대당주차수":30,
            "난방방식":30,
            "공급면적":"--",
            "전용률":"--",
            "욕실수":100,
            "현관타입":100,
            "주거총점":35.5,
            "지역구공급총점":0.0,
            "역세권":"NA",
            "30분내 이동가능 거점":"NA",
            "1시간내 이동가능 거점":"NA",
            "교통총점":"NA",
            "백화점":100,
            "아울렛몰":0,
            "대형마트":0,
            "은행":20,
            "병원":60,
            "종합병원":100,
            "공원":0,
            "혐오시설":0,
            "인프라총점":58.0,
            "초등학군":88.44,
            "중학군":49.18,
            "학군총점":57.032,
            "인구수":38.02,
            "인구증감":-14.98,
            "인구총점":22.12,
            "일자리":22.4,
            "소득수준":68.51,
            "일자리총점":36.233,
            "가치 총점":49.883,
            "매매실거래년":20211027.0,
            "매매실거래가":29500.0,
            "전세실거래년":20201120.0,
            "전세실거래가":15750.0,
            "전세가율":53.39,
            "장기전세가율평균":72.53,
            "전세가율거품지수":19.14,
            "검색코드":100841,
            "세대수":132.0,
            "준공년월":"2008-01-18",
            "준공년차":15.0,
            "가까운역이름":"NA",
            "가까운역거리":"NA",
            "역세권여부":"NA",
            "30분이내주요거점역":"NA",
            "1시간이내주요거점역":"NA",
            "3km이내백화점수":2,
            "5km이내아울렛몰수":0,
            "1km이내대형먀트수":0,
            "500m이내은행수":2,
            "500m이내병원수":10,
            "5km이내대형병원수":3,
            "500m이내공원수":0,
            "3km이내혐오시설수":0,
            "초등학교학업성취도":88.44,
            "중학교학업성취도":81.1,
            "용적률":728,
            "건폐율":79,
            "Y":35.523435,
            "X":129.333757,
            "rank":81.0,
            "area_info":"34평(112.54), 34평(112.57), 34평(112.58), 34평(112.46)",
            "last_sales":"2021-10-27,29500.0,34평(112.54)"
        },
        {
            "index":517,
            "아파트명":"남운진주맨션",
            "투자타입":"재건축",
            "전용면적(m2)":"78.67",
            "전용면적(평)":"23평",
            "법정동주소":"울산시 남구 야음동 763-2",
            "도로명주소":"울산시 남구 수암로116번길 59-21",
            "세대수":0,
            "입주년차":"--",
            "용적률점수":0,
            "건폐율점수":0,
            "세대당주차수":"--",
            "난방방식":"--",
            "공급면적":50,
            "전용률":80,
            "욕실수":"--",
            "현관타입":"--",
            "주거총점":6.5,
            "지역구공급총점":0.0,
            "역세권":"NA",
            "30분내 이동가능 거점":"NA",
            "1시간내 이동가능 거점":"NA",
            "교통총점":"NA",
            "백화점":100,
            "아울렛몰":0,
            "대형마트":100,
            "은행":70,
            "병원":80,
            "종합병원":100,
            "공원":100,
            "혐오시설":0,
            "인프라총점":83.0,
            "초등학군":91.05,
            "중학군":49.18,
            "학군총점":57.554,
            "인구수":38.02,
            "인구증감":-14.98,
            "인구총점":22.12,
            "일자리":22.4,
            "소득수준":68.51,
            "일자리총점":36.233,
            "가치 총점":49.8635,
            "매매실거래년":20210821.0,
            "매매실거래가":18000.0,
            "전세실거래년":20200912.0,
            "전세실거래가":10000.0,
            "전세가율":90.91,
            "장기전세가율평균":72.53,
            "전세가율거품지수":-18.38,
            "검색코드":106321,
            "세대수":158.0,
            "준공년월":"1988-08-18",
            "준공년차":35.0,
            "가까운역이름":"NA",
            "가까운역거리":"NA",
            "역세권여부":"NA",
            "30분이내주요거점역":"NA",
            "1시간이내주요거점역":"NA",
            "3km이내백화점수":2,
            "5km이내아울렛몰수":0,
            "1km이내대형먀트수":2,
            "500m이내은행수":3,
            "500m이내병원수":37,
            "5km이내대형병원수":3,
            "500m이내공원수":2,
            "3km이내혐오시설수":0,
            "초등학교학업성취도":91.05,
            "중학교학업성취도":81.1,
            "용적률":0,
            "건폐율":0,
            "Y":35.52383,
            "X":129.321647,
            "rank":82.0,
            "area_info":"23평(78.67), 23평(78.66), 25평(83.76), 25평(83.84), 25평(84.41), 28평(93.68), 28평(94.4), 28평(94.35), 29평(97.89), 29평(98.47), 30평(99.59), 31평(103.27)",
            "last_sales":"2021-08-21,18000.0,25평(84.41)"
        },
        {
            "index":649,
            "아파트명":"대공원롯데인벤스가",
            "투자타입":"일반",
            "전용면적(m2)":"107.7",
            "전용면적(평)":"32평",
            "법정동주소":"울산시 남구 옥동 130",
            "도로명주소":"울산시 남구 대공원로141번길 8",
            "세대수":0,
            "입주년차":40,
            "용적률점수":"--",
            "건폐율점수":"--",
            "세대당주차수":60,
            "난방방식":30,
            "공급면적":"--",
            "전용률":"--",
            "욕실수":100,
            "현관타입":100,
            "주거총점":40.0,
            "지역구공급총점":0.0,
            "역세권":"NA",
            "30분내 이동가능 거점":"NA",
            "1시간내 이동가능 거점":"NA",
            "교통총점":"NA",
            "백화점":0,
            "아울렛몰":0,
            "대형마트":100,
            "은행":70,
            "병원":30,
            "종합병원":100,
            "공원":100,
            "혐오시설":0,
            "인프라총점":48.0,
            "초등학군":94.64,
            "중학군":58.84,
            "학군총점":66.0,
            "인구수":38.02,
            "인구증감":-14.98,
            "인구총점":22.12,
            "일자리":22.4,
            "소득수준":68.51,
            "일자리총점":36.233,
            "가치 총점":49.7,
            "매매실거래년":20210621.0,
            "매매실거래가":89900.0,
            "전세실거래년":20211018.0,
            "전세실거래가":65000.0,
            "전세가율":72.3,
            "장기전세가율평균":72.53,
            "전세가율거품지수":0.23,
            "검색코드":19309,
            "세대수":298.0,
            "준공년월":"2006-01-31",
            "준공년차":17.0,
            "가까운역이름":"NA",
            "가까운역거리":"NA",
            "역세권여부":"NA",
            "30분이내주요거점역":"NA",
            "1시간이내주요거점역":"NA",
            "3km이내백화점수":0,
            "5km이내아울렛몰수":0,
            "1km이내대형먀트수":2,
            "500m이내은행수":3,
            "500m이내병원수":9,
            "5km이내대형병원수":4,
            "500m이내공원수":6,
            "3km이내혐오시설수":0,
            "초등학교학업성취도":94.64,
            "중학교학업성취도":96.0,
            "용적률":0,
            "건폐율":0,
            "Y":35.530741,
            "X":129.297712,
            "rank":83.0,
            "area_info":"32평(107.7), 47평(155.94), 47평(158.46), 55평(183.67), 56평(186.19), 89평(294.4)",
            "last_sales":"2021-06-21,89900.0,32평(107.7)"
        },
        {
            "index":88,
            "아파트명":"대공원호반베르디움2차",
            "투자타입":"일반",
            "전용면적(m2)":"108.98",
            "전용면적(평)":"32평",
            "법정동주소":"울산시 남구 두왕동 747-2",
            "도로명주소":"울산시 남구 테크노산업로82번길 52",
            "세대수":50,
            "입주년차":100,
            "용적률점수":"--",
            "건폐율점수":"--",
            "세대당주차수":60,
            "난방방식":30,
            "공급면적":"--",
            "전용률":"--",
            "욕실수":100,
            "현관타입":100,
            "주거총점":69.5,
            "지역구공급총점":0.0,
            "역세권":"NA",
            "30분내 이동가능 거점":"NA",
            "1시간내 이동가능 거점":"NA",
            "교통총점":"NA",
            "백화점":0,
            "아울렛몰":0,
            "대형마트":0,
            "은행":0,
            "병원":0,
            "종합병원":100,
            "공원":100,
            "혐오시설":0,
            "인프라총점":23.0,
            "초등학군":84.73,
            "중학군":58.84,
            "학군총점":64.018,
            "인구수":38.02,
            "인구증감":-14.98,
            "인구총점":22.12,
            "일자리":22.4,
            "소득수준":68.51,
            "일자리총점":36.233,
            "가치 총점":49.5295,
            "매매실거래년":20200222.0,
            "매매실거래가":35092.0,
            "전세실거래년":20200222.0,
            "전세실거래가":25000.0,
            "전세가율":69.41,
            "장기전세가율평균":72.53,
            "전세가율거품지수":3.12,
            "검색코드":120086,
            "세대수":561.0,
            "준공년월":"2020-02-04",
            "준공년차":3.0,
            "가까운역이름":"NA",
            "가까운역거리":"NA",
            "역세권여부":"NA",
            "30분이내주요거점역":"NA",
            "1시간이내주요거점역":"NA",
            "3km이내백화점수":0,
            "5km이내아울렛몰수":0,
            "1km이내대형먀트수":0,
            "500m이내은행수":0,
            "500m이내병원수":0,
            "5km이내대형병원수":4,
            "500m이내공원수":4,
            "3km이내혐오시설수":0,
            "초등학교학업성취도":84.73,
            "중학교학업성취도":96.0,
            "용적률":199,
            "건폐율":24,
            "Y":35.516178,
            "X":129.294873,
            "rank":84.0,
            "area_info":"32평(108.98), 32평(109.09), 32평(109.07)",
            "last_sales":"2020-02-22,35092.0,32평(109.07)"
        },
        {
            "index":212,
            "아파트명":"세림벽산강변타운",
            "투자타입":"일반",
            "전용면적(m2)":"74.7",
            "전용면적(평)":"22평",
            "법정동주소":"울산시 남구 삼산동 1529-1",
            "도로명주소":"울산시 남구 화합로 250",
            "세대수":50,
            "입주년차":0,
            "용적률점수":"--",
            "건폐율점수":"--",
            "세대당주차수":0,
            "난방방식":30,
            "공급면적":"--",
            "전용률":"--",
            "욕실수":50,
            "현관타입":100,
            "주거총점":35.5,
            "지역구공급총점":0.0,
            "역세권":"NA",
            "30분내 이동가능 거점":"NA",
            "1시간내 이동가능 거점":"NA",
            "교통총점":"NA",
            "백화점":100,
            "아울렛몰":0,
            "대형마트":0,
            "은행":0,
            "병원":10,
            "종합병원":100,
            "공원":100,
            "혐오시설":0,
            "인프라총점":54.0,
            "초등학군":89.83,
            "중학군":54.78,
            "학군총점":61.79,
            "인구수":38.02,
            "인구증감":-14.98,
            "인구총점":22.12,
            "일자리":22.4,
            "소득수준":68.51,
            "일자리총점":36.233,
            "가치 총점":49.4725,
            "매매실거래년":20211130.0,
            "매매실거래가":23500.0,
            "전세실거래년":20211212.0,
            "전세실거래가":20000.0,
            "전세가율":85.11,
            "장기전세가율평균":72.53,
            "전세가율거품지수":-12.58,
            "검색코드":5946,
            "세대수":608.0,
            "준공년월":"1998-11-20",
            "준공년차":25.0,
            "가까운역이름":"NA",
            "가까운역거리":"NA",
            "역세권여부":"NA",
            "30분이내주요거점역":"NA",
            "1시간이내주요거점역":"NA",
            "3km이내백화점수":2,
            "5km이내아울렛몰수":0,
            "1km이내대형먀트수":0,
            "500m이내은행수":1,
            "500m이내병원수":3,
            "5km이내대형병원수":5,
            "500m이내공원수":6,
            "3km이내혐오시설수":0,
            "초등학교학업성취도":89.83,
            "중학교학업성취도":89.9,
            "용적률":394,
            "건폐율":28,
            "Y":35.546746,
            "X":129.340804,
            "rank":85.0,
            "area_info":"22평(74.7), 27평(89.7), 30평(101.23)",
            "last_sales":"2021-11-30,23500.0,22평(74.7)"
        },
        {
            "index":562,
            "아파트명":"번영로롯데인벤스스위트",
            "투자타입":"일반",
            "전용면적(m2)":"107.55",
            "전용면적(평)":"32평",
            "법정동주소":"울산시 남구 야음동 570-1",
            "도로명주소":"울산시 남구 번영로 66",
            "세대수":0,
            "입주년차":40,
            "용적률점수":"--",
            "건폐율점수":"--",
            "세대당주차수":30,
            "난방방식":30,
            "공급면적":"--",
            "전용률":"--",
            "욕실수":100,
            "현관타입":100,
            "주거총점":35.5,
            "지역구공급총점":0.0,
            "역세권":"NA",
            "30분내 이동가능 거점":"NA",
            "1시간내 이동가능 거점":"NA",
            "교통총점":"NA",
            "백화점":100,
            "아울렛몰":0,
            "대형마트":0,
            "은행":0,
            "병원":30,
            "종합병원":100,
            "공원":100,
            "혐오시설":0,
            "인프라총점":56.0,
            "초등학군":84.78,
            "중학군":51.44,
            "학군총점":58.108,
            "인구수":38.02,
            "인구증감":-14.98,
            "인구총점":22.12,
            "일자리":22.4,
            "소득수준":68.51,
            "일자리총점":36.233,
            "가치 총점":49.352,
            "매매실거래년":20211216.0,
            "매매실거래가":41500.0,
            "전세실거래년":20201027.0,
            "전세실거래가":12500.0,
            "전세가율":30.12,
            "장기전세가율평균":72.53,
            "전세가율거품지수":42.41,
            "검색코드":19311,
            "세대수":164.0,
            "준공년월":"2006-11-29",
            "준공년차":17.0,
            "가까운역이름":"NA",
            "가까운역거리":"NA",
            "역세권여부":"NA",
            "30분이내주요거점역":"NA",
            "1시간이내주요거점역":"NA",
            "3km이내백화점수":2,
            "5km이내아울렛몰수":0,
            "1km이내대형먀트수":0,
            "500m이내은행수":1,
            "500m이내병원수":5,
            "5km이내대형병원수":4,
            "500m이내공원수":12,
            "3km이내혐오시설수":0,
            "초등학교학업성취도":84.78,
            "중학교학업성취도":85.4,
            "용적률":237,
            "건폐율":15,
            "Y":35.531994,
            "X":129.331616,
            "rank":86.0,
            "area_info":"32평(107.55)",
            "last_sales":"2021-12-16,41500.0,32평(107.55)"
        },
        {
            "index":49,
            "아파트명":"울산달동우방맨션",
            "투자타입":"일반",
            "전용면적(m2)":"63.04",
            "전용면적(평)":"19평",
            "법정동주소":"울산시 남구 달동 1395-13",
            "도로명주소":"울산시 남구 도산로 59",
            "세대수":0,
            "입주년차":0,
            "용적률점수":"--",
            "건폐율점수":"--",
            "세대당주차수":0,
            "난방방식":30,
            "공급면적":"--",
            "전용률":"--",
            "욕실수":50,
            "현관타입":10,
            "주거총점":9.0,
            "지역구공급총점":0.0,
            "역세권":"NA",
            "30분내 이동가능 거점":"NA",
            "1시간내 이동가능 거점":"NA",
            "교통총점":"NA",
            "백화점":100,
            "아울렛몰":0,
            "대형마트":100,
            "은행":20,
            "병원":80,
            "종합병원":100,
            "공원":100,
            "혐오시설":0,
            "인프라총점":78.0,
            "초등학군":92.16,
            "중학군":51.44,
            "학군총점":59.584,
            "인구수":38.02,
            "인구증감":-14.98,
            "인구총점":22.12,
            "일자리":22.4,
            "소득수준":68.51,
            "일자리총점":36.233,
            "가치 총점":49.246,
            "매매실거래년":20211204.0,
            "매매실거래가":16500.0,
            "전세실거래년":20211126.0,
            "전세실거래가":14000.0,
            "전세가율":84.85,
            "장기전세가율평균":72.53,
            "전세가율거품지수":-12.32,
            "검색코드":5850,
            "세대수":183.0,
            "준공년월":"1998-07-18",
            "준공년차":25.0,
            "가까운역이름":"NA",
            "가까운역거리":"NA",
            "역세권여부":"NA",
            "30분이내주요거점역":"NA",
            "1시간이내주요거점역":"NA",
            "3km이내백화점수":2,
            "5km이내아울렛몰수":0,
            "1km이내대형먀트수":3,
            "500m이내은행수":2,
            "500m이내병원수":37,
            "5km이내대형병원수":4,
            "500m이내공원수":10,
            "3km이내혐오시설수":0,
            "초등학교학업성취도":92.16,
            "중학교학업성취도":85.4,
            "용적률":387,
            "건폐율":26,
            "Y":35.53266,
            "X":129.32154,
            "rank":87.0,
            "area_info":"19평(63.04), 24평(81.03), 29평(97.47), 32평(108.01)",
            "last_sales":"2021-12-04,16500.0,19평(63.04)"
        },
        {
            "index":176,
            "아파트명":"울산옥현주공2단지",
            "투자타입":"일반",
            "전용면적(m2)":"74.93",
            "전용면적(평)":"22평",
            "법정동주소":"울산시 남구 무거동 478-1",
            "도로명주소":"울산시 남구 옥현로 92-12",
            "세대수":80,
            "입주년차":20,
            "용적률점수":"--",
            "건폐율점수":"--",
            "세대당주차수":30,
            "난방방식":30,
            "공급면적":"--",
            "전용률":"--",
            "욕실수":50,
            "현관타입":100,
            "주거총점":54.5,
            "지역구공급총점":0.0,
            "역세권":"NA",
            "30분내 이동가능 거점":"NA",
            "1시간내 이동가능 거점":"NA",
            "교통총점":"NA",
            "백화점":0,
            "아울렛몰":0,
            "대형마트":0,
            "은행":70,
            "병원":60,
            "종합병원":100,
            "공원":100,
            "혐오시설":0,
            "인프라총점":36.0,
            "초등학군":92.16,
            "중학군":55.36,
            "학군총점":62.72,
            "인구수":38.02,
            "인구증감":-14.98,
            "인구총점":22.12,
            "일자리":22.4,
            "소득수준":68.51,
            "일자리총점":36.233,
            "가치 총점":49.155,
            "매매실거래년":20211210.0,
            "매매실거래가":45000.0,
            "전세실거래년":null,
            "전세실거래가":null,
            "전세가율":null,
            "장기전세가율평균":72.53,
            "전세가율거품지수":null,
            "검색코드":5928,
            "세대수":834.0,
            "준공년월":"2000-04-03",
            "준공년차":23.0,
            "가까운역이름":"NA",
            "가까운역거리":"NA",
            "역세권여부":"NA",
            "30분이내주요거점역":"NA",
            "1시간이내주요거점역":"NA",
            "3km이내백화점수":0,
            "5km이내아울렛몰수":0,
            "1km이내대형먀트수":0,
            "500m이내은행수":4,
            "500m이내병원수":25,
            "5km이내대형병원수":3,
            "500m이내공원수":12,
            "3km이내혐오시설수":0,
            "초등학교학업성취도":92.16,
            "중학교학업성취도":90.8,
            "용적률":219,
            "건폐율":19,
            "Y":35.54354,
            "X":129.262927,
            "rank":88.0,
            "area_info":"22평(74.93), 24평(79.92), 30평(100.13), 33평(109.49)",
            "last_sales":"2021-12-10,45000.0,33평(109.49)"
        },
        {
            "index":222,
            "아파트명":"우성",
            "투자타입":"재건축",
            "전용면적(m2)":"89.37",
            "전용면적(평)":"27평",
            "법정동주소":"울산시 남구 삼산동 1461-1",
            "도로명주소":"울산시 남구 돋질로261번길 32",
            "세대수":50,
            "입주년차":"--",
            "용적률점수":0,
            "건폐율점수":0,
            "세대당주차수":"--",
            "난방방식":"--",
            "공급면적":70,
            "전용률":80,
            "욕실수":"--",
            "현관타입":"--",
            "주거총점":22.5,
            "지역구공급총점":0.0,
            "역세권":"NA",
            "30분내 이동가능 거점":"NA",
            "1시간내 이동가능 거점":"NA",
            "교통총점":"NA",
            "백화점":100,
            "아울렛몰":0,
            "대형마트":0,
            "은행":70,
            "병원":30,
            "종합병원":100,
            "공원":100,
            "혐오시설":0,
            "인프라총점":63.0,
            "초등학군":89.41,
            "중학군":56.96,
            "학군총점":63.45,
            "인구수":38.02,
            "인구증감":-14.98,
            "인구총점":22.12,
            "일자리":22.4,
            "소득수준":68.51,
            "일자리총점":36.233,
            "가치 총점":48.9375,
            "매매실거래년":20211109.0,
            "매매실거래가":27000.0,
            "전세실거래년":20210128.0,
            "전세실거래가":20000.0,
            "전세가율":74.07,
            "장기전세가율평균":72.53,
            "전세가율거품지수":-1.54,
            "검색코드":5961,
            "세대수":494.0,
            "준공년월":"1991-05-20",
            "준공년차":32.0,
            "가까운역이름":"NA",
            "가까운역거리":"NA",
            "역세권여부":"NA",
            "30분이내주요거점역":"NA",
            "1시간이내주요거점역":"NA",
            "3km이내백화점수":2,
            "5km이내아울렛몰수":0,
            "1km이내대형먀트수":0,
            "500m이내은행수":4,
            "500m이내병원수":9,
            "5km이내대형병원수":5,
            "500m이내공원수":14,
            "3km이내혐오시설수":0,
            "초등학교학업성취도":89.41,
            "중학교학업성취도":93.4,
            "용적률":0,
            "건폐율":0,
            "Y":35.545045,
            "X":129.333287,
            "rank":89.0,
            "area_info":"27평(89.37), 30평(102.22), 30평(102.16), 30평(102.21), 47평(157.54), 47평(158.14)",
            "last_sales":"2021-11-09,27000.0,27평(89.37)"
        },
        {
            "index":209,
            "아파트명":"삼신현대",
            "투자타입":"재건축",
            "전용면적(m2)":"85.26",
            "전용면적(평)":"25평",
            "법정동주소":"울산시 남구 삼산동 1461-3",
            "도로명주소":"울산시 남구 월평로 272",
            "세대수":50,
            "입주년차":"--",
            "용적률점수":0,
            "건폐율점수":0,
            "세대당주차수":"--",
            "난방방식":"--",
            "공급면적":70,
            "전용률":80,
            "욕실수":"--",
            "현관타입":"--",
            "주거총점":22.5,
            "지역구공급총점":0.0,
            "역세권":"NA",
            "30분내 이동가능 거점":"NA",
            "1시간내 이동가능 거점":"NA",
            "교통총점":"NA",
            "백화점":100,
            "아울렛몰":0,
            "대형마트":0,
            "은행":70,
            "병원":30,
            "종합병원":100,
            "공원":100,
            "혐오시설":0,
            "인프라총점":63.0,
            "초등학군":89.41,
            "중학군":56.96,
            "학군총점":63.45,
            "인구수":38.02,
            "인구증감":-14.98,
            "인구총점":22.12,
            "일자리":22.4,
            "소득수준":68.51,
            "일자리총점":36.233,
            "가치 총점":48.9375,
            "매매실거래년":20211027.0,
            "매매실거래가":51000.0,
            "전세실거래년":20210721.0,
            "전세실거래가":25000.0,
            "전세가율":79.37,
            "장기전세가율평균":72.53,
            "전세가율거품지수":-6.84,
            "검색코드":5949,
            "세대수":690.0,
            "준공년월":"1991-09-02",
            "준공년차":32.0,
            "가까운역이름":"NA",
            "가까운역거리":"NA",
            "역세권여부":"NA",
            "30분이내주요거점역":"NA",
            "1시간이내주요거점역":"NA",
            "3km이내백화점수":2,
            "5km이내아울렛몰수":0,
            "1km이내대형먀트수":0,
            "500m이내은행수":4,
            "500m이내병원수":8,
            "5km이내대형병원수":5,
            "500m이내공원수":16,
            "3km이내혐오시설수":0,
            "초등학교학업성취도":89.41,
            "중학교학업성취도":93.4,
            "용적률":0,
            "건폐율":0,
            "Y":35.545513,
            "X":129.334342,
            "rank":89.0,
            "area_info":"25평(85.26), 31평(103.2), 47평(155.63)",
            "last_sales":"2021-10-27,51000.0,47평(155.63)"
        },
        {
            "index":501,
            "아파트명":"한라백조",
            "투자타입":"일반",
            "전용면적(m2)":"77.59",
            "전용면적(평)":"23평",
            "법정동주소":"울산시 남구 신정동 872-55",
            "도로명주소":"울산시 남구 중앙로63번길 16",
            "세대수":0,
            "입주년차":0,
            "용적률점수":"--",
            "건폐율점수":"--",
            "세대당주차수":0,
            "난방방식":30,
            "공급면적":"--",
            "전용률":"--",
            "욕실수":50,
            "현관타입":10,
            "주거총점":9.0,
            "지역구공급총점":0.0,
            "역세권":"NA",
            "30분내 이동가능 거점":"NA",
            "1시간내 이동가능 거점":"NA",
            "교통총점":"NA",
            "백화점":100,
            "아울렛몰":0,
            "대형마트":100,
            "은행":0,
            "병원":80,
            "종합병원":100,
            "공원":0,
            "혐오시설":0,
            "인프라총점":73.0,
            "초등학군":100.0,
            "중학군":54.7,
            "학군총점":63.76,
            "인구수":38.02,
            "인구증감":-14.98,
            "인구총점":22.12,
            "일자리":22.4,
            "소득수준":68.51,
            "일자리총점":36.233,
            "가치 총점":48.29,
            "매매실거래년":20211002.0,
            "매매실거래가":22900.0,
            "전세실거래년":20211105.0,
            "전세실거래가":15000.0,
            "전세가율":98.04,
            "장기전세가율평균":72.53,
            "전세가율거품지수":-25.51,
            "검색코드":6047,
            "세대수":285.0,
            "준공년월":"1993-05-14",
            "준공년차":30.0,
            "가까운역이름":"NA",
            "가까운역거리":"NA",
            "역세권여부":"NA",
            "30분이내주요거점역":"NA",
            "1시간이내주요거점역":"NA",
            "3km이내백화점수":2,
            "5km이내아울렛몰수":0,
            "1km이내대형먀트수":3,
            "500m이내은행수":1,
            "500m이내병원수":38,
            "5km이내대형병원수":3,
            "500m이내공원수":0,
            "3km이내혐오시설수":0,
            "초등학교학업성취도":100.0,
            "중학교학업성취도":89.9,
            "용적률":0,
            "건폐율":0,
            "Y":35.527106,
            "X":129.316309,
            "rank":90.0,
            "area_info":"23평(77.59), 24평(81.23), 31평(103.21)",
            "last_sales":"2021-10-02,22900.0,31평(103.21)"
        },
        {
            "index":694,
            "아파트명":"옥동서광",
            "투자타입":"일반",
            "전용면적(m2)":"78.33",
            "전용면적(평)":"23평",
            "법정동주소":"울산시 남구 옥동 257",
            "도로명주소":"울산시 남구 문수로314번길 11",
            "세대수":50,
            "입주년차":0,
            "용적률점수":"--",
            "건폐율점수":"--",
            "세대당주차수":30,
            "난방방식":30,
            "공급면적":"--",
            "전용률":"--",
            "욕실수":50,
            "현관타입":100,
            "주거총점":40.0,
            "지역구공급총점":0.0,
            "역세권":"NA",
            "30분내 이동가능 거점":"NA",
            "1시간내 이동가능 거점":"NA",
            "교통총점":"NA",
            "백화점":0,
            "아울렛몰":0,
            "대형마트":100,
            "은행":0,
            "병원":60,
            "종합병원":100,
            "공원":100,
            "혐오시설":0,
            "인프라총점":44.0,
            "초등학군":95.26,
            "중학군":58.38,
            "학군총점":65.756,
            "인구수":38.02,
            "인구증감":-14.98,
            "인구총점":22.12,
            "일자리":22.4,
            "소득수준":68.51,
            "일자리총점":36.233,
            "가치 총점":48.039,
            "매매실거래년":20211122.0,
            "매매실거래가":41500.0,
            "전세실거래년":20211218.0,
            "전세실거래가":29000.0,
            "전세가율":69.88,
            "장기전세가율평균":72.53,
            "전세가율거품지수":2.65,
            "검색코드":6119,
            "세대수":413.0,
            "준공년월":"1998-12-29",
            "준공년차":25.0,
            "가까운역이름":"NA",
            "가까운역거리":"NA",
            "역세권여부":"NA",
            "30분이내주요거점역":"NA",
            "1시간이내주요거점역":"NA",
            "3km이내백화점수":0,
            "5km이내아울렛몰수":0,
            "1km이내대형먀트수":2,
            "500m이내은행수":1,
            "500m이내병원수":15,
            "5km이내대형병원수":4,
            "500m이내공원수":8,
            "3km이내혐오시설수":0,
            "초등학교학업성취도":95.26,
            "중학교학업성취도":95.5,
            "용적률":375,
            "건폐율":27,
            "Y":35.534375,
            "X":129.288376,
            "rank":91.0,
            "area_info":"23평(78.33), 32평(105.81), 47평(156.67), 51평(168.94)",
            "last_sales":"2021-11-22,41500.0,23평(78.33)"
        },
        {
            "index":498,
            "아파트명":"한라무지개",
            "투자타입":"일반",
            "전용면적(m2)":"79.26",
            "전용면적(평)":"23평",
            "법정동주소":"울산시 남구 신정동 899-1",
            "도로명주소":"울산시 남구 두왕로272번길 17-14",
            "세대수":0,
            "입주년차":0,
            "용적률점수":"--",
            "건폐율점수":"--",
            "세대당주차수":0,
            "난방방식":30,
            "공급면적":"--",
            "전용률":"--",
            "욕실수":100,
            "현관타입":100,
            "주거총점":23.0,
            "지역구공급총점":0.0,
            "역세권":"NA",
            "30분내 이동가능 거점":"NA",
            "1시간내 이동가능 거점":"NA",
            "교통총점":"NA",
            "백화점":100,
            "아울렛몰":0,
            "대형마트":100,
            "은행":0,
            "병원":0,
            "종합병원":100,
            "공원":0,
            "혐오시설":0,
            "인프라총점":65.0,
            "초등학군":70.81,
            "중학군":51.68,
            "학군총점":55.506,
            "인구수":38.02,
            "인구증감":-14.98,
            "인구총점":22.12,
            "일자리":22.4,
            "소득수준":68.51,
            "일자리총점":36.233,
            "가치 총점":47.9265,
            "매매실거래년":20220104.0,
            "매매실거래가":18000.0,
            "전세실거래년":null,
            "전세실거래가":null,
            "전세가율":null,
            "장기전세가율평균":72.53,
            "전세가율거품지수":null,
            "검색코드":6039,
            "세대수":229.0,
            "준공년월":"1993-12-29",
            "준공년차":30.0,
            "가까운역이름":"NA",
            "가까운역거리":"NA",
            "역세권여부":"NA",
            "30분이내주요거점역":"NA",
            "1시간이내주요거점역":"NA",
            "3km이내백화점수":2,
            "5km이내아울렛몰수":0,
            "1km이내대형먀트수":3,
            "500m이내은행수":0,
            "500m이내병원수":1,
            "5km이내대형병원수":4,
            "500m이내공원수":0,
            "3km이내혐오시설수":0,
            "초등학교학업성취도":70.81,
            "중학교학업성취도":85.2,
            "용적률":327,
            "건폐율":29,
            "Y":35.52795,
            "X":129.31234,
            "rank":92.0,
            "area_info":"23평(79.26), 23평(79.14), 34평(112.66)",
            "last_sales":"2022-01-04,18000.0,34평(112.66)"
        },
        {
            "index":250,
            "아파트명":"현대문화1차",
            "투자타입":"일반",
            "전용면적(m2)":"82.65",
            "전용면적(평)":"25평",
            "법정동주소":"울산시 남구 삼산동 1605-3",
            "도로명주소":"울산시 남구 화합로102번길 10",
            "세대수":30,
            "입주년차":0,
            "용적률점수":"--",
            "건폐율점수":"--",
            "세대당주차수":0,
            "난방방식":30,
            "공급면적":"--",
            "전용률":"--",
            "욕실수":50,
            "현관타입":10,
            "주거총점":19.5,
            "지역구공급총점":0.0,
            "역세권":"NA",
            "30분내 이동가능 거점":"NA",
            "1시간내 이동가능 거점":"NA",
            "교통총점":"NA",
            "백화점":100,
            "아울렛몰":0,
            "대형마트":80,
            "은행":0,
            "병원":10,
            "종합병원":100,
            "공원":100,
            "혐오시설":0,
            "인프라총점":66.0,
            "초등학군":89.83,
            "중학군":48.64,
            "학군총점":56.878,
            "인구수":38.02,
            "인구증감":-14.98,
            "인구총점":22.12,
            "일자리":22.4,
            "소득수준":68.51,
            "일자리총점":36.233,
            "가치 총점":47.4445,
            "매매실거래년":20220108.0,
            "매매실거래가":17500.0,
            "전세실거래년":20211214.0,
            "전세실거래가":13650.0,
            "전세가율":78.0,
            "장기전세가율평균":72.53,
            "전세가율거품지수":-5.47,
            "검색코드":5953,
            "세대수":387.0,
            "준공년월":"1996-02-22",
            "준공년차":27.0,
            "가까운역이름":"NA",
            "가까운역거리":"NA",
            "역세권여부":"NA",
            "30분이내주요거점역":"NA",
            "1시간이내주요거점역":"NA",
            "3km이내백화점수":2,
            "5km이내아울렛몰수":0,
            "1km이내대형먀트수":1,
            "500m이내은행수":1,
            "500m이내병원수":2,
            "5km이내대형병원수":4,
            "500m이내공원수":8,
            "3km이내혐오시설수":0,
            "초등학교학업성취도":89.83,
            "중학교학업성취도":80.2,
            "용적률":523,
            "건폐율":29,
            "Y":35.534109,
            "X":129.343296,
            "rank":93.0,
            "area_info":"25평(82.65)",
            "last_sales":"2022-01-08,17500.0,25평(82.65)"
        },
        {
            "index":251,
            "아파트명":"현대문화2차",
            "투자타입":"일반",
            "전용면적(m2)":"83.87",
            "전용면적(평)":"25평",
            "법정동주소":"울산시 남구 삼산동 1607-1",
            "도로명주소":"울산시 남구 정동로6번길 16",
            "세대수":30,
            "입주년차":0,
            "용적률점수":"--",
            "건폐율점수":"--",
            "세대당주차수":0,
            "난방방식":30,
            "공급면적":"--",
            "전용률":"--",
            "욕실수":50,
            "현관타입":10,
            "주거총점":19.5,
            "지역구공급총점":0.0,
            "역세권":"NA",
            "30분내 이동가능 거점":"NA",
            "1시간내 이동가능 거점":"NA",
            "교통총점":"NA",
            "백화점":100,
            "아울렛몰":0,
            "대형마트":80,
            "은행":0,
            "병원":10,
            "종합병원":100,
            "공원":100,
            "혐오시설":0,
            "인프라총점":66.0,
            "초등학군":89.83,
            "중학군":48.64,
            "학군총점":56.878,
            "인구수":38.02,
            "인구증감":-14.98,
            "인구총점":22.12,
            "일자리":22.4,
            "소득수준":68.51,
            "일자리총점":36.233,
            "가치 총점":47.4445,
            "매매실거래년":20211226.0,
            "매매실거래가":15800.0,
            "전세실거래년":20211216.0,
            "전세실거래가":13000.0,
            "전세가율":82.28,
            "장기전세가율평균":72.53,
            "전세가율거품지수":-9.75,
            "검색코드":5955,
            "세대수":350.0,
            "준공년월":"1998-10-23",
            "준공년차":25.0,
            "가까운역이름":"NA",
            "가까운역거리":"NA",
            "역세권여부":"NA",
            "30분이내주요거점역":"NA",
            "1시간이내주요거점역":"NA",
            "3km이내백화점수":2,
            "5km이내아울렛몰수":0,
            "1km이내대형먀트수":1,
            "500m이내은행수":1,
            "500m이내병원수":2,
            "5km이내대형병원수":4,
            "500m이내공원수":6,
            "3km이내혐오시설수":0,
            "초등학교학업성취도":89.83,
            "중학교학업성취도":80.2,
            "용적률":556,
            "건폐율":30,
            "Y":35.534348,
            "X":129.346099,
            "rank":93.0,
            "area_info":"25평(83.87)",
            "last_sales":"2021-12-26,15800.0,25평(83.87)"
        },
        {
            "index":688,
            "아파트명":"옥동롯데인벤스로얄",
            "투자타입":"일반",
            "전용면적(m2)":"111.37",
            "전용면적(평)":"33평",
            "법정동주소":"울산시 남구 옥동 191-69",
            "도로명주소":"울산시 남구 문수로335번길 27",
            "세대수":0,
            "입주년차":40,
            "용적률점수":"--",
            "건폐율점수":"--",
            "세대당주차수":60,
            "난방방식":30,
            "공급면적":"--",
            "전용률":"--",
            "욕실수":100,
            "현관타입":100,
            "주거총점":40.0,
            "지역구공급총점":0.0,
            "역세권":"NA",
            "30분내 이동가능 거점":"NA",
            "1시간내 이동가능 거점":"NA",
            "교통총점":"NA",
            "백화점":0,
            "아울렛몰":0,
            "대형마트":100,
            "은행":0,
            "병원":60,
            "종합병원":100,
            "공원":100,
            "혐오시설":0,
            "인프라총점":44.0,
            "초등학군":90.63,
            "중학군":54.62,
            "학군총점":61.822,
            "인구수":38.02,
            "인구증감":-14.98,
            "인구총점":22.12,
            "일자리":22.4,
            "소득수준":68.51,
            "일자리총점":36.233,
            "가치 총점":47.0555,
            "매매실거래년":20210825.0,
            "매매실거래가":80000.0,
            "전세실거래년":20211122.0,
            "전세실거래가":40000.0,
            "전세가율":50.0,
            "장기전세가율평균":72.53,
            "전세가율거품지수":22.53,
            "검색코드":19310,
            "세대수":299.0,
            "준공년월":"2006-11-27",
            "준공년차":17.0,
            "가까운역이름":"NA",
            "가까운역거리":"NA",
            "역세권여부":"NA",
            "30분이내주요거점역":"NA",
            "1시간이내주요거점역":"NA",
            "3km이내백화점수":0,
            "5km이내아울렛몰수":0,
            "1km이내대형먀트수":2,
            "500m이내은행수":1,
            "500m이내병원수":14,
            "5km이내대형병원수":4,
            "500m이내공원수":6,
            "3km이내혐오시설수":0,
            "초등학교학업성취도":90.63,
            "중학교학업성취도":88.7,
            "용적률":244,
            "건폐율":16,
            "Y":35.538384,
            "X":129.290227,
            "rank":94.0,
            "area_info":"33평(111.37), 43평(145.11), 50평(167.25)",
            "last_sales":"2021-08-25,80000.0,33평(111.37)"
        },
        {
            "index":22,
            "아파트명":"달동현대(100동)",
            "투자타입":"재건축",
            "전용면적(m2)":"73.6",
            "전용면적(평)":"22평",
            "법정동주소":"울산시 남구 달동 1352-4",
            "도로명주소":"울산시 남구 왕생로66번길 25",
            "세대수":0,
            "입주년차":"--",
            "용적률점수":0,
            "건폐율점수":0,
            "세대당주차수":"--",
            "난방방식":"--",
            "공급면적":50,
            "전용률":60,
            "욕실수":"--",
            "현관타입":"--",
            "주거총점":5.5,
            "지역구공급총점":0.0,
            "역세권":"NA",
            "30분내 이동가능 거점":"NA",
            "1시간내 이동가능 거점":"NA",
            "교통총점":"NA",
            "백화점":100,
            "아울렛몰":0,
            "대형마트":0,
            "은행":100,
            "병원":100,
            "종합병원":100,
            "공원":100,
            "혐오시설":0,
            "인프라총점":73.0,
            "초등학군":89.41,
            "중학군":56.96,
            "학군총점":63.45,
            "인구수":38.02,
            "인구증감":-14.98,
            "인구총점":22.12,
            "일자리":22.4,
            "소득수준":68.51,
            "일자리총점":36.233,
            "가치 총점":46.9875,
            "매매실거래년":20211220.0,
            "매매실거래가":19000.0,
            "전세실거래년":20210726.0,
            "전세실거래가":12000.0,
            "전세가율":63.16,
            "장기전세가율평균":72.53,
            "전세가율거품지수":9.37,
            "검색코드":101076,
            "세대수":140.0,
            "준공년월":"1991-07-05",
            "준공년차":32.0,
            "가까운역이름":"NA",
            "가까운역거리":"NA",
            "역세권여부":"NA",
            "30분이내주요거점역":"NA",
            "1시간이내주요거점역":"NA",
            "3km이내백화점수":2,
            "5km이내아울렛몰수":0,
            "1km이내대형먀트수":0,
            "500m이내은행수":10,
            "500m이내병원수":158,
            "5km이내대형병원수":4,
            "500m이내공원수":18,
            "3km이내혐오시설수":0,
            "초등학교학업성취도":89.41,
            "중학교학업성취도":93.4,
            "용적률":0,
            "건폐율":0,
            "Y":35.540109,
            "X":129.333801,
            "rank":95.0,
            "area_info":"22평(73.6), 31평(103.6)",
            "last_sales":"2021-12-20,19000.0,22평(73.6)"
        },
        {
            "index":173,
            "아파트명":"울산옥현주공1단지",
            "투자타입":"일반",
            "전용면적(m2)":"63.57",
            "전용면적(평)":"19평",
            "법정동주소":"울산시 남구 무거동 477-1",
            "도로명주소":"울산시 남구 옥현로 92-13",
            "세대수":80,
            "입주년차":20,
            "용적률점수":"--",
            "건폐율점수":"--",
            "세대당주차수":0,
            "난방방식":30,
            "공급면적":"--",
            "전용률":"--",
            "욕실수":50,
            "현관타입":100,
            "주거총점":50.0,
            "지역구공급총점":0.0,
            "역세권":"NA",
            "30분내 이동가능 거점":"NA",
            "1시간내 이동가능 거점":"NA",
            "교통총점":"NA",
            "백화점":0,
            "아울렛몰":0,
            "대형마트":0,
            "은행":70,
            "병원":60,
            "종합병원":100,
            "공원":100,
            "혐오시설":0,
            "인프라총점":36.0,
            "초등학군":92.16,
            "중학군":51.78,
            "학군총점":59.856,
            "인구수":38.02,
            "인구증감":-14.98,
            "인구총점":22.12,
            "일자리":22.4,
            "소득수준":68.51,
            "일자리총점":36.233,
            "가치 총점":46.864,
            "매매실거래년":20220107.0,
            "매매실거래가":28400.0,
            "전세실거래년":20210209.0,
            "전세실거래가":18000.0,
            "전세가율":100.0,
            "장기전세가율평균":72.53,
            "전세가율거품지수":-27.47,
            "검색코드":5925,
            "세대수":733.0,
            "준공년월":"2000-04-03",
            "준공년차":23.0,
            "가까운역이름":"NA",
            "가까운역거리":"NA",
            "역세권여부":"NA",
            "30분이내주요거점역":"NA",
            "1시간이내주요거점역":"NA",
            "3km이내백화점수":0,
            "5km이내아울렛몰수":0,
            "1km이내대형먀트수":0,
            "500m이내은행수":3,
            "500m이내병원수":27,
            "5km이내대형병원수":3,
            "500m이내공원수":12,
            "3km이내혐오시설수":0,
            "초등학교학업성취도":92.16,
            "중학교학업성취도":85.3,
            "용적률":209,
            "건폐율":19,
            "Y":35.545685,
            "X":129.262928,
            "rank":96.0,
            "area_info":"19평(63.57), 19평(65.07), 22평(74.93)",
            "last_sales":"2022-01-07,28400.0,22평(74.93)"
        },
        {
            "index":97,
            "아파트명":"굴화주공2단지",
            "투자타입":"일반",
            "전용면적(m2)":"55.11",
            "전용면적(평)":"16평",
            "법정동주소":"울산시 남구 무거동 276-1",
            "도로명주소":"울산시 남구 굴화4길 22",
            "세대수":80,
            "입주년차":0,
            "용적률점수":"--",
            "건폐율점수":"--",
            "세대당주차수":0,
            "난방방식":30,
            "공급면적":"--",
            "전용률":"--",
            "욕실수":50,
            "현관타입":10,
            "주거총점":37.0,
            "지역구공급총점":0.0,
            "역세권":"NA",
            "30분내 이동가능 거점":"NA",
            "1시간내 이동가능 거점":"NA",
            "교통총점":"NA",
            "백화점":0,
            "아울렛몰":0,
            "대형마트":80,
            "은행":70,
            "병원":60,
            "종합병원":100,
            "공원":100,
            "혐오시설":0,
            "인프라총점":48.0,
            "초등학군":86.84,
            "중학군":51.78,
            "학군총점":58.792,
            "인구수":38.02,
            "인구증감":-14.98,
            "인구총점":22.12,
            "일자리":22.4,
            "소득수준":68.51,
            "일자리총점":36.233,
            "가치 총점":46.848,
            "매매실거래년":20211230.0,
            "매매실거래가":24900.0,
            "전세실거래년":20210520.0,
            "전세실거래가":12000.0,
            "전세가율":74.53,
            "장기전세가율평균":72.53,
            "전세가율거품지수":-2.0,
            "검색코드":14602,
            "세대수":836.0,
            "준공년월":"1996-12-17",
            "준공년차":27.0,
            "가까운역이름":"NA",
            "가까운역거리":"NA",
            "역세권여부":"NA",
            "30분이내주요거점역":"NA",
            "1시간이내주요거점역":"NA",
            "3km이내백화점수":0,
            "5km이내아울렛몰수":0,
            "1km이내대형먀트수":1,
            "500m이내은행수":3,
            "500m이내병원수":28,
            "5km이내대형병원수":3,
            "500m이내공원수":14,
            "3km이내혐오시설수":0,
            "초등학교학업성취도":86.84,
            "중학교학업성취도":85.3,
            "용적률":0,
            "건폐율":0,
            "Y":35.552958,
            "X":129.263009,
            "rank":97.0,
            "area_info":"16평(55.11), 20평(68.32), 23평(77.17), 24평(80.41)",
            "last_sales":"2021-12-30,24900.0,24평(80.41)"
        },
        {
            "index":85,
            "아파트명":"대공원호반베르디움",
            "투자타입":"일반",
            "전용면적(m2)":"108.79",
            "전용면적(평)":"32평",
            "법정동주소":"울산시 남구 두왕동 748",
            "도로명주소":"울산시 남구 테크노산업로44번길 50",
            "세대수":50,
            "입주년차":100,
            "용적률점수":"--",
            "건폐율점수":"--",
            "세대당주차수":30,
            "난방방식":30,
            "공급면적":"--",
            "전용률":"--",
            "욕실수":100,
            "현관타입":100,
            "주거총점":65.0,
            "지역구공급총점":0.0,
            "역세권":"NA",
            "30분내 이동가능 거점":"NA",
            "1시간내 이동가능 거점":"NA",
            "교통총점":"NA",
            "백화점":0,
            "아울렛몰":0,
            "대형마트":0,
            "은행":0,
            "병원":0,
            "종합병원":100,
            "공원":0,
            "혐오시설":0,
            "인프라총점":20.0,
            "초등학군":84.73,
            "중학군":58.84,
            "학군총점":64.018,
            "인구수":38.02,
            "인구증감":-14.98,
            "인구총점":22.12,
            "일자리":22.4,
            "소득수준":68.51,
            "일자리총점":36.233,
            "가치 총점":46.7545,
            "매매실거래년":20201017.0,
            "매매실거래가":55000.0,
            "전세실거래년":20211218.0,
            "전세실거래가":40500.0,
            "전세가율":73.64,
            "장기전세가율평균":72.53,
            "전세가율거품지수":-1.11,
            "검색코드":120085,
            "세대수":401.0,
            "준공년월":"2019-12-02",
            "준공년차":4.0,
            "가까운역이름":"NA",
            "가까운역거리":"NA",
            "역세권여부":"NA",
            "30분이내주요거점역":"NA",
            "1시간이내주요거점역":"NA",
            "3km이내백화점수":0,
            "5km이내아울렛몰수":0,
            "1km이내대형먀트수":0,
            "500m이내은행수":0,
            "500m이내병원수":0,
            "5km이내대형병원수":4,
            "500m이내공원수":0,
            "3km이내혐오시설수":0,
            "초등학교학업성취도":84.73,
            "중학교학업성취도":96.0,
            "용적률":199,
            "건폐율":21,
            "Y":35.515233,
            "X":129.293126,
            "rank":98.0,
            "area_info":"32평(108.79), 32평(108.76), 32평(108.67)",
            "last_sales":"2020-10-17,55000.0,32평(108.79)"
        },
        {
            "index":231,
            "아파트명":"태화강더뷰(도시형)",
            "투자타입":"일반",
            "전용면적(m2)":"39.43",
            "전용면적(평)":"11평",
            "법정동주소":"울산시 남구 삼산동 1403-3",
            "도로명주소":"울산시 남구 번영로 268",
            "세대수":0,
            "입주년차":80,
            "용적률점수":"--",
            "건폐율점수":"--",
            "세대당주차수":0,
            "난방방식":30,
            "공급면적":"--",
            "전용률":"--",
            "욕실수":50,
            "현관타입":10,
            "주거총점":25.0,
            "지역구공급총점":0.0,
            "역세권":"NA",
            "30분내 이동가능 거점":"NA",
            "1시간내 이동가능 거점":"NA",
            "교통총점":"NA",
            "백화점":100,
            "아울렛몰":0,
            "대형마트":0,
            "은행":0,
            "병원":0,
            "종합병원":100,
            "공원":100,
            "혐오시설":0,
            "인프라총점":53.0,
            "초등학군":89.41,
            "중학군":56.96,
            "학군총점":63.45,
            "인구수":38.02,
            "인구증감":-14.98,
            "인구총점":22.12,
            "일자리":22.4,
            "소득수준":68.51,
            "일자리총점":36.233,
            "가치 총점":45.8125,
            "매매실거래년":20211120.0,
            "매매실거래가":9400.0,
            "전세실거래년":20211119.0,
            "전세실거래가":10000.0,
            "전세가율":106.38,
            "장기전세가율평균":72.53,
            "전세가율거품지수":-33.85,
            "검색코드":110239,
            "세대수":195.0,
            "준공년월":"2017-06-21",
            "준공년차":6.0,
            "가까운역이름":"NA",
            "가까운역거리":"NA",
            "역세권여부":"NA",
            "30분이내주요거점역":"NA",
            "1시간이내주요거점역":"NA",
            "3km이내백화점수":2,
            "5km이내아울렛몰수":0,
            "1km이내대형먀트수":0,
            "500m이내은행수":0,
            "500m이내병원수":0,
            "5km이내대형병원수":6,
            "500m이내공원수":8,
            "3km이내혐오시설수":0,
            "초등학교학업성취도":89.41,
            "중학교학업성취도":93.4,
            "용적률":908,
            "건폐율":63,
            "Y":35.54861,
            "X":129.323796,
            "rank":99.0,
            "area_info":"11평(39.43), 19평(64.82)",
            "last_sales":"2021-11-20,9400.0,11평(39.43)"
        },
        {
            "index":307,
            "아파트명":"공업탑올림푸스",
            "투자타입":"재건축",
            "전용면적(m2)":"105.39",
            "전용면적(평)":"31평",
            "법정동주소":"울산시 남구 신정동 1822-2",
            "도로명주소":"울산시 남구 수암로22번길 16",
            "세대수":0,
            "입주년차":"--",
            "용적률점수":0,
            "건폐율점수":0,
            "세대당주차수":"--",
            "난방방식":"--",
            "공급면적":90,
            "전용률":60,
            "욕실수":"--",
            "현관타입":"--",
            "주거총점":7.5,
            "지역구공급총점":0.0,
            "역세권":"NA",
            "30분내 이동가능 거점":"NA",
            "1시간내 이동가능 거점":"NA",
            "교통총점":"NA",
            "백화점":100,
            "아울렛몰":0,
            "대형마트":80,
            "은행":20,
            "병원":80,
            "종합병원":100,
            "공원":0,
            "혐오시설":0,
            "인프라총점":72.0,
            "초등학군":70.81,
            "중학군":51.68,
            "학군총점":55.506,
            "인구수":38.02,
            "인구증감":-14.98,
            "인구총점":22.12,
            "일자리":22.4,
            "소득수준":68.51,
            "일자리총점":36.233,
            "가치 총점":45.3015,
            "매매실거래년":20201229.0,
            "매매실거래가":38500.0,
            "전세실거래년":20201211.0,
            "전세실거래가":13000.0,
            "전세가율":33.77,
            "장기전세가율평균":72.53,
            "전세가율거품지수":38.76,
            "검색코드":6030,
            "세대수":104.0,
            "준공년월":"1986-11-26",
            "준공년차":37.0,
            "가까운역이름":"NA",
            "가까운역거리":"NA",
            "역세권여부":"NA",
            "30분이내주요거점역":"NA",
            "1시간이내주요거점역":"NA",
            "3km이내백화점수":2,
            "5km이내아울렛몰수":0,
            "1km이내대형먀트수":1,
            "500m이내은행수":2,
            "500m이내병원수":31,
            "5km이내대형병원수":4,
            "500m이내공원수":0,
            "3km이내혐오시설수":0,
            "초등학교학업성취도":70.81,
            "중학교학업성취도":85.2,
            "용적률":0,
            "건폐율":0,
            "Y":35.53044,
            "X":129.30989,
            "rank":100.0,
            "area_info":"31평(105.39), 32평(106.71)",
            "last_sales":"2020-12-29,38500.0,31평(105.39)"
        },
        {
            "index":450,
            "아파트명":"영보가든",
            "투자타입":"재건축",
            "전용면적(m2)":"77.41",
            "전용면적(평)":"23평",
            "법정동주소":"울산시 남구 신정동 942-10",
            "도로명주소":"울산시 남구 두왕로244번길 30",
            "세대수":0,
            "입주년차":"--",
            "용적률점수":0,
            "건폐율점수":0,
            "세대당주차수":"--",
            "난방방식":"--",
            "공급면적":50,
            "전용률":100,
            "욕실수":"--",
            "현관타입":"--",
            "주거총점":7.5,
            "지역구공급총점":0.0,
            "역세권":"NA",
            "30분내 이동가능 거점":"NA",
            "1시간내 이동가능 거점":"NA",
            "교통총점":"NA",
            "백화점":100,
            "아울렛몰":0,
            "대형마트":100,
            "은행":0,
            "병원":10,
            "종합병원":100,
            "공원":0,
            "혐오시설":0,
            "인프라총점":66.0,
            "초등학군":100.0,
            "중학군":54.7,
            "학군총점":63.76,
            "인구수":38.02,
            "인구증감":-14.98,
            "인구총점":22.12,
            "일자리":22.4,
            "소득수준":68.51,
            "일자리총점":36.233,
            "가치 총점":44.965,
            "매매실거래년":20210925.0,
            "매매실거래가":17000.0,
            "전세실거래년":null,
            "전세실거래가":null,
            "전세가율":null,
            "장기전세가율평균":72.53,
            "전세가율거품지수":null,
            "검색코드":106319,
            "세대수":134.0,
            "준공년월":"1990-01-18",
            "준공년차":33.0,
            "가까운역이름":"NA",
            "가까운역거리":"NA",
            "역세권여부":"NA",
            "30분이내주요거점역":"NA",
            "1시간이내주요거점역":"NA",
            "3km이내백화점수":2,
            "5km이내아울렛몰수":0,
            "1km이내대형먀트수":2,
            "500m이내은행수":0,
            "500m이내병원수":3,
            "5km이내대형병원수":3,
            "500m이내공원수":0,
            "3km이내혐오시설수":0,
            "초등학교학업성취도":100.0,
            "중학교학업성취도":89.9,
            "용적률":0,
            "건폐율":0,
            "Y":35.525058,
            "X":129.31482,
            "rank":101.0,
            "area_info":"23평(77.41), 25평(84.93)",
            "last_sales":"2021-09-25,17000.0,25평(84.93)"
        },
        {
            "index":287,
            "아파트명":"인블리스",
            "투자타입":"일반",
            "전용면적(m2)":"79.96",
            "전용면적(평)":"24평",
            "법정동주소":"울산시 남구 선암동 665-1",
            "도로명주소":"울산시 남구 두왕로190번길 47",
            "세대수":0,
            "입주년차":0,
            "용적률점수":"--",
            "건폐율점수":"--",
            "세대당주차수":0,
            "난방방식":30,
            "공급면적":"--",
            "전용률":"--",
            "욕실수":100,
            "현관타입":100,
            "주거총점":23.0,
            "지역구공급총점":0.0,
            "역세권":"NA",
            "30분내 이동가능 거점":"NA",
            "1시간내 이동가능 거점":"NA",
            "교통총점":"NA",
            "백화점":100,
            "아울렛몰":0,
            "대형마트":0,
            "은행":0,
            "병원":10,
            "종합병원":100,
            "공원":100,
            "혐오시설":0,
            "인프라총점":54.0,
            "초등학군":84.73,
            "중학군":54.7,
            "학군총점":60.706,
            "인구수":38.02,
            "인구증감":-14.98,
            "인구총점":22.12,
            "일자리":22.4,
            "소득수준":68.51,
            "일자리총점":36.233,
            "가치 총점":44.8265,
            "매매실거래년":20211113.0,
            "매매실거래가":39000.0,
            "전세실거래년":20211204.0,
            "전세실거래가":14000.0,
            "전세가율":35.9,
            "장기전세가율평균":72.53,
            "전세가율거품지수":36.63,
            "검색코드":122257,
            "세대수":128.0,
            "준공년월":"1994-11-24",
            "준공년차":29.0,
            "가까운역이름":"NA",
            "가까운역거리":"NA",
            "역세권여부":"NA",
            "30분이내주요거점역":"NA",
            "1시간이내주요거점역":"NA",
            "3km이내백화점수":2,
            "5km이내아울렛몰수":0,
            "1km이내대형먀트수":0,
            "500m이내은행수":0,
            "500m이내병원수":2,
            "5km이내대형병원수":3,
            "500m이내공원수":2,
            "3km이내혐오시설수":0,
            "초등학교학업성취도":84.73,
            "중학교학업성취도":89.9,
            "용적률":114,
            "건폐율":17,
            "Y":35.517785,
            "X":129.317597,
            "rank":102.0,
            "area_info":"24평(79.96), 29평(96.48), 32평(108.25)",
            "last_sales":"2021-11-13,39000.0,24평(79.96)"
        },
        {
            "index":707,
            "아파트명":"한라한솔타운",
            "투자타입":"일반",
            "전용면적(m2)":"79.19",
            "전용면적(평)":"23평",
            "법정동주소":"울산시 남구 옥동 268",
            "도로명주소":"울산시 남구 대공원입구로9번길 15",
            "세대수":0,
            "입주년차":0,
            "용적률점수":"--",
            "건폐율점수":"--",
            "세대당주차수":30,
            "난방방식":30,
            "공급면적":"--",
            "전용률":"--",
            "욕실수":50,
            "현관타입":100,
            "주거총점":22.5,
            "지역구공급총점":0.0,
            "역세권":"NA",
            "30분내 이동가능 거점":"NA",
            "1시간내 이동가능 거점":"NA",
            "교통총점":"NA",
            "백화점":0,
            "아울렛몰":0,
            "대형마트":100,
            "은행":70,
            "병원":60,
            "종합병원":100,
            "공원":100,
            "혐오시설":0,
            "인프라총점":51.0,
            "초등학군":95.26,
            "중학군":58.84,
            "학군총점":66.124,
            "인구수":38.02,
            "인구증감":-14.98,
            "인구총점":22.12,
            "일자리":22.4,
            "소득수준":68.51,
            "일자리총점":36.233,
            "가치 총점":44.806,
            "매매실거래년":20201204.0,
            "매매실거래가":101000.0,
            "전세실거래년":20210911.0,
            "전세실거래가":39500.0,
            "전세가율":80.12,
            "장기전세가율평균":72.53,
            "전세가율거품지수":-7.59,
            "검색코드":6129,
            "세대수":186.0,
            "준공년월":"1998-06-02",
            "준공년차":25.0,
            "가까운역이름":"NA",
            "가까운역거리":"NA",
            "역세권여부":"NA",
            "30분이내주요거점역":"NA",
            "1시간이내주요거점역":"NA",
            "3km이내백화점수":0,
            "5km이내아울렛몰수":0,
            "1km이내대형먀트수":2,
            "500m이내은행수":4,
            "500m이내병원수":26,
            "5km이내대형병원수":4,
            "500m이내공원수":11,
            "3km이내혐오시설수":0,
            "초등학교학업성취도":95.26,
            "중학교학업성취도":96.0,
            "용적률":390,
            "건폐율":31,
            "Y":35.532801,
            "X":129.292287,
            "rank":103.0,
            "area_info":"23평(79.19), 32평(106.35), 48평(161.49)",
            "last_sales":"2020-12-04,101000.0,48평(161.49)"
        },
        {
            "index":563,
            "아파트명":"삼익세라믹",
            "투자타입":"재건축",
            "전용면적(m2)":"77.39",
            "전용면적(평)":"23평",
            "법정동주소":"울산시 남구 야음동 762-8",
            "도로명주소":"울산시 남구 야음로5번길 7",
            "세대수":0,
            "입주년차":"--",
            "용적률점수":0,
            "건폐율점수":0,
            "세대당주차수":"--",
            "난방방식":"--",
            "공급면적":50,
            "전용률":60,
            "욕실수":"--",
            "현관타입":"--",
            "주거총점":5.5,
            "지역구공급총점":0.0,
            "역세권":"NA",
            "30분내 이동가능 거점":"NA",
            "1시간내 이동가능 거점":"NA",
            "교통총점":"NA",
            "백화점":100,
            "아울렛몰":0,
            "대형마트":100,
            "은행":0,
            "병원":30,
            "종합병원":100,
            "공원":100,
            "혐오시설":0,
            "인프라총점":71.0,
            "초등학군":91.05,
            "중학군":49.18,
            "학군총점":57.554,
            "인구수":38.02,
            "인구증감":-14.98,
            "인구총점":22.12,
            "일자리":22.4,
            "소득수준":68.51,
            "일자리총점":36.233,
            "가치 총점":44.7135,
            "매매실거래년":20210828.0,
            "매매실거래가":16500.0,
            "전세실거래년":20211117.0,
            "전세실거래가":13500.0,
            "전세가율":90.6,
            "장기전세가율평균":72.53,
            "전세가율거품지수":-18.07,
            "검색코드":13011,
            "세대수":109.0,
            "준공년월":"1991-08-08",
            "준공년차":32.0,
            "가까운역이름":"NA",
            "가까운역거리":"NA",
            "역세권여부":"NA",
            "30분이내주요거점역":"NA",
            "1시간이내주요거점역":"NA",
            "3km이내백화점수":2,
            "5km이내아울렛몰수":0,
            "1km이내대형먀트수":2,
            "500m이내은행수":1,
            "500m이내병원수":9,
            "5km이내대형병원수":3,
            "500m이내공원수":2,
            "3km이내혐오시설수":0,
            "초등학교학업성취도":91.05,
            "중학교학업성취도":81.1,
            "용적률":0,
            "건폐율":0,
            "Y":35.52238,
            "X":129.32341,
            "rank":104.0,
            "area_info":"23평(77.39), 24평(80.91)",
            "last_sales":"2021-08-28,16500.0,24평(80.91)"
        },
        {
            "index":565,
            "아파트명":"삼한힐파크",
            "투자타입":"일반",
            "전용면적(m2)":"69.99",
            "전용면적(평)":"21평",
            "법정동주소":"울산시 남구 야음동 383-1",
            "도로명주소":"울산시 남구 수암로274번길 15",
            "세대수":0,
            "입주년차":20,
            "용적률점수":"--",
            "건폐율점수":"--",
            "세대당주차수":30,
            "난방방식":30,
            "공급면적":"--",
            "전용률":"--",
            "욕실수":50,
            "현관타입":100,
            "주거총점":26.5,
            "지역구공급총점":0.0,
            "역세권":"NA",
            "30분내 이동가능 거점":"NA",
            "1시간내 이동가능 거점":"NA",
            "교통총점":"NA",
            "백화점":100,
            "아울렛몰":0,
            "대형마트":0,
            "은행":0,
            "병원":10,
            "종합병원":100,
            "공원":0,
            "혐오시설":0,
            "인프라총점":51.0,
            "초등학군":100.0,
            "중학군":49.18,
            "학군총점":59.344,
            "인구수":38.02,
            "인구증감":-14.98,
            "인구총점":22.12,
            "일자리":22.4,
            "소득수준":68.51,
            "일자리총점":36.233,
            "가치 총점":44.511,
            "매매실거래년":20210727.0,
            "매매실거래가":34000.0,
            "전세실거래년":20190925.0,
            "전세실거래가":12000.0,
            "전세가율":57.69,
            "장기전세가율평균":72.53,
            "전세가율거품지수":14.84,
            "검색코드":14634,
            "세대수":292.0,
            "준공년월":"2003-06-16",
            "준공년차":20.0,
            "가까운역이름":"NA",
            "가까운역거리":"NA",
            "역세권여부":"NA",
            "30분이내주요거점역":"NA",
            "1시간이내주요거점역":"NA",
            "3km이내백화점수":2,
            "5km이내아울렛몰수":0,
            "1km이내대형먀트수":0,
            "500m이내은행수":1,
            "500m이내병원수":4,
            "5km이내대형병원수":3,
            "500m이내공원수":0,
            "3km이내혐오시설수":0,
            "초등학교학업성취도":100.0,
            "중학교학업성취도":81.1,
            "용적률":248,
            "건폐율":20,
            "Y":35.52071,
            "X":129.33421,
            "rank":105.0,
            "area_info":"21평(69.99), 21평(71.46), 26평(88.55), 30평(101.11)",
            "last_sales":"2021-07-27,34000.0,30평(101.11)"
        },
        {
            "index":673,
            "아파트명":"동성파크",
            "투자타입":"일반",
            "전용면적(m2)":"79.32",
            "전용면적(평)":"23평",
            "법정동주소":"울산시 남구 옥동 142-1",
            "도로명주소":"울산시 남구 대공원입구로 14",
            "세대수":0,
            "입주년차":0,
            "용적률점수":"--",
            "건폐율점수":"--",
            "세대당주차수":0,
            "난방방식":30,
            "공급면적":"--",
            "전용률":"--",
            "욕실수":50,
            "현관타입":100,
            "주거총점":18.0,
            "지역구공급총점":0.0,
            "역세권":"NA",
            "30분내 이동가능 거점":"NA",
            "1시간내 이동가능 거점":"NA",
            "교통총점":"NA",
            "백화점":0,
            "아울렛몰":0,
            "대형마트":100,
            "은행":100,
            "병원":60,
            "종합병원":100,
            "공원":100,
            "혐오시설":0,
            "인프라총점":54.0,
            "초등학군":95.26,
            "중학군":58.84,
            "학군총점":66.124,
            "인구수":38.02,
            "인구증감":-14.98,
            "인구총점":22.12,
            "일자리":22.4,
            "소득수준":68.51,
            "일자리총점":36.233,
            "가치 총점":44.431,
            "매매실거래년":20211205.0,
            "매매실거래가":38000.0,
            "전세실거래년":20201201.0,
            "전세실거래가":19500.0,
            "전세가율":72.22,
            "장기전세가율평균":72.53,
            "전세가율거품지수":0.31,
            "검색코드":24952,
            "세대수":130.0,
            "준공년월":"1993-01-04",
            "준공년차":30.0,
            "가까운역이름":"NA",
            "가까운역거리":"NA",
            "역세권여부":"NA",
            "30분이내주요거점역":"NA",
            "1시간이내주요거점역":"NA",
            "3km이내백화점수":0,
            "5km이내아울렛몰수":0,
            "1km이내대형먀트수":2,
            "500m이내은행수":5,
            "500m이내병원수":23,
            "5km이내대형병원수":4,
            "500m이내공원수":10,
            "3km이내혐오시설수":0,
            "초등학교학업성취도":95.26,
            "중학교학업성취도":96.0,
            "용적률":0,
            "건폐율":0,
            "Y":35.53285,
            "X":129.29456,
            "rank":106.0,
            "area_info":"23평(79.32), 27평(89.93), 30평(99.99)",
            "last_sales":"2021-12-05,38000.0,27평(89.93)"
        },
        {
            "index":338,
            "아파트명":"대공원아이파크",
            "투자타입":"일반",
            "전용면적(m2)":"76.07",
            "전용면적(평)":"23평",
            "법정동주소":"울산시 남구 신정동 1634",
            "도로명주소":"울산시 남구 문수로410번길 10",
            "세대수":0,
            "입주년차":0,
            "용적률점수":"--",
            "건폐율점수":"--",
            "세대당주차수":0,
            "난방방식":30,
            "공급면적":"--",
            "전용률":"--",
            "욕실수":50,
            "현관타입":100,
            "주거총점":18.0,
            "지역구공급총점":0.0,
            "역세권":"NA",
            "30분내 이동가능 거점":"NA",
            "1시간내 이동가능 거점":"NA",
            "교통총점":"NA",
            "백화점":0,
            "아울렛몰":0,
            "대형마트":100,
            "은행":100,
            "병원":60,
            "종합병원":100,
            "공원":100,
            "혐오시설":0,
            "인프라총점":54.0,
            "초등학군":94.64,
            "중학군":58.84,
            "학군총점":66.0,
            "인구수":38.02,
            "인구증감":-14.98,
            "인구총점":22.12,
            "일자리":22.4,
            "소득수준":68.51,
            "일자리총점":36.233,
            "가치 총점":44.4,
            "매매실거래년":20211205.0,
            "매매실거래가":55000.0,
            "전세실거래년":20211127.0,
            "전세실거래가":31000.0,
            "전세가율":87.57,
            "장기전세가율평균":72.53,
            "전세가율거품지수":-15.04,
            "검색코드":101079,
            "세대수":252.0,
            "준공년월":"1994-12-28",
            "준공년차":29.0,
            "가까운역이름":"NA",
            "가까운역거리":"NA",
            "역세권여부":"NA",
            "30분이내주요거점역":"NA",
            "1시간이내주요거점역":"NA",
            "3km이내백화점수":0,
            "5km이내아울렛몰수":0,
            "1km이내대형먀트수":2,
            "500m이내은행수":5,
            "500m이내병원수":16,
            "5km이내대형병원수":4,
            "500m이내공원수":8,
            "3km이내혐오시설수":0,
            "초등학교학업성취도":94.64,
            "중학교학업성취도":96.0,
            "용적률":0,
            "건폐율":0,
            "Y":35.532944,
            "X":129.297342,
            "rank":107.0,
            "area_info":"23평(76.07), 27평(90.27), 32평(107.82)",
            "last_sales":"2021-12-05,55000.0,27평(90.27)"
        },
        {
            "index":180,
            "아파트명":"웰츠타워",
            "투자타입":"일반",
            "전용면적(m2)":"109.12",
            "전용면적(평)":"33평",
            "법정동주소":"울산시 남구 무거동 461",
            "도로명주소":"울산시 남구 대학로 164",
            "세대수":0,
            "입주년차":40,
            "용적률점수":"--",
            "건폐율점수":"--",
            "세대당주차수":60,
            "난방방식":30,
            "공급면적":"--",
            "전용률":"--",
            "욕실수":100,
            "현관타입":100,
            "주거총점":40.0,
            "지역구공급총점":0.0,
            "역세권":"NA",
            "30분내 이동가능 거점":"NA",
            "1시간내 이동가능 거점":"NA",
            "교통총점":"NA",
            "백화점":0,
            "아울렛몰":0,
            "대형마트":0,
            "은행":70,
            "병원":80,
            "종합병원":100,
            "공원":100,
            "혐오시설":0,
            "인프라총점":38.0,
            "초등학군":92.16,
            "중학군":51.78,
            "학군총점":59.856,
            "인구수":38.02,
            "인구증감":-14.98,
            "인구총점":22.12,
            "일자리":22.4,
            "소득수준":68.51,
            "일자리총점":36.233,
            "가치 총점":44.164,
            "매매실거래년":20211115.0,
            "매매실거래가":34000.0,
            "전세실거래년":20190525.0,
            "전세실거래가":18000.0,
            "전세가율":52.94,
            "장기전세가율평균":72.53,
            "전세가율거품지수":19.59,
            "검색코드":22425,
            "세대수":253.0,
            "준공년월":"2007-11-28",
            "준공년차":16.0,
            "가까운역이름":"NA",
            "가까운역거리":"NA",
            "역세권여부":"NA",
            "30분이내주요거점역":"NA",
            "1시간이내주요거점역":"NA",
            "3km이내백화점수":0,
            "5km이내아울렛몰수":0,
            "1km이내대형먀트수":0,
            "500m이내은행수":4,
            "500m이내병원수":42,
            "5km이내대형병원수":3,
            "500m이내공원수":18,
            "3km이내혐오시설수":0,
            "초등학교학업성취도":92.16,
            "중학교학업성취도":85.3,
            "용적률":967,
            "건폐율":70,
            "Y":35.548501,
            "X":129.263358,
            "rank":108.0,
            "area_info":"33평(109.12), 48평(161.77), 48평(161.64), 49평(163.58)",
            "last_sales":"2021-11-15,34000.0,33평(109.12)"
        },
        {
            "index":161,
            "아파트명":"옥현으뜸마을주공3단지",
            "투자타입":"일반",
            "전용면적(m2)":"81.72",
            "전용면적(평)":"24평",
            "법정동주소":"울산시 남구 무거동 488-13",
            "도로명주소":"울산시 남구 옥현로 34",
            "세대수":90,
            "입주년차":20,
            "용적률점수":"--",
            "건폐율점수":"--",
            "세대당주차수":0,
            "난방방식":30,
            "공급면적":"--",
            "전용률":"--",
            "욕실수":50,
            "현관타입":100,
            "주거총점":53.5,
            "지역구공급총점":0.0,
            "역세권":"NA",
            "30분내 이동가능 거점":"NA",
            "1시간내 이동가능 거점":"NA",
            "교통총점":"NA",
            "백화점":0,
            "아울렛몰":0,
            "대형마트":0,
            "은행":0,
            "병원":10,
            "종합병원":100,
            "공원":100,
            "혐오시설":0,
            "인프라총점":24.0,
            "초등학군":88.95,
            "중학군":55.36,
            "학군총점":62.078,
            "인구수":38.02,
            "인구증감":-14.98,
            "인구총점":22.12,
            "일자리":22.4,
            "소득수준":68.51,
            "일자리총점":36.233,
            "가치 총점":43.8445,
            "매매실거래년":20220112.0,
            "매매실거래가":37000.0,
            "전세실거래년":20211208.0,
            "전세실거래가":17800.0,
            "전세가율":53.13,
            "장기전세가율평균":72.53,
            "전세가율거품지수":19.4,
            "검색코드":10657,
            "세대수":1412.0,
            "준공년월":"2001-11-05",
            "준공년차":22.0,
            "가까운역이름":"NA",
            "가까운역거리":"NA",
            "역세권여부":"NA",
            "30분이내주요거점역":"NA",
            "1시간이내주요거점역":"NA",
            "3km이내백화점수":0,
            "5km이내아울렛몰수":0,
            "1km이내대형먀트수":0,
            "500m이내은행수":1,
            "500m이내병원수":2,
            "5km이내대형병원수":3,
            "500m이내공원수":16,
            "3km이내혐오시설수":0,
            "초등학교학업성취도":88.95,
            "중학교학업성취도":90.8,
            "용적률":214,
            "건폐율":18,
            "Y":35.538916,
            "X":129.260352,
            "rank":109.0,
            "area_info":"24평(81.72), 24평(82.13), 24평(82.03), 29평(96.85), 29평(99.15), 30평(100.9), 33평(109.38), 33평(110.1), 33평(110.13), 33평(111.62)",
            "last_sales":"2022-01-12,37000.0,33평(111.62)"
        },
        {
            "index":512,
            "아파트명":"그랜드타운",
            "투자타입":"일반",
            "전용면적(m2)":"51.39",
            "전용면적(평)":"15평",
            "법정동주소":"울산시 남구 야음동 868-3",
            "도로명주소":"울산시 남구 신남로 8-8",
            "세대수":0,
            "입주년차":20,
            "용적률점수":"--",
            "건폐율점수":"--",
            "세대당주차수":0,
            "난방방식":30,
            "공급면적":"--",
            "전용률":"--",
            "욕실수":50,
            "현관타입":100,
            "주거총점":22.0,
            "지역구공급총점":0.0,
            "역세권":"NA",
            "30분내 이동가능 거점":"NA",
            "1시간내 이동가능 거점":"NA",
            "교통총점":"NA",
            "백화점":100,
            "아울렛몰":0,
            "대형마트":0,
            "은행":0,
            "병원":0,
            "종합병원":100,
            "공원":0,
            "혐오시설":0,
            "인프라총점":50.0,
            "초등학군":100.0,
            "중학군":54.7,
            "학군총점":63.76,
            "인구수":38.02,
            "인구증감":-14.98,
            "인구총점":22.12,
            "일자리":22.4,
            "소득수준":68.51,
            "일자리총점":36.233,
            "가치 총점":43.64,
            "매매실거래년":20210907.0,
            "매매실거래가":14300.0,
            "전세실거래년":20210917.0,
            "전세실거래가":9000.0,
            "전세가율":105.88,
            "장기전세가율평균":72.53,
            "전세가율거품지수":-33.35,
            "검색코드":106327,
            "세대수":182.0,
            "준공년월":"1999-11-03",
            "준공년차":24.0,
            "가까운역이름":"NA",
            "가까운역거리":"NA",
            "역세권여부":"NA",
            "30분이내주요거점역":"NA",
            "1시간이내주요거점역":"NA",
            "3km이내백화점수":2,
            "5km이내아울렛몰수":0,
            "1km이내대형먀트수":0,
            "500m이내은행수":0,
            "500m이내병원수":0,
            "5km이내대형병원수":3,
            "500m이내공원수":0,
            "3km이내혐오시설수":0,
            "초등학교학업성취도":100.0,
            "중학교학업성취도":89.9,
            "용적률":0,
            "건폐율":0,
            "Y":35.521978,
            "X":129.312984,
            "rank":110.0,
            "area_info":"15평(51.39), 16평(55.44), 16평(55.88), 17평(58.55), 22평(74.75)",
            "last_sales":"2021-09-07,14300.0,22평(74.75)"
        },
        {
            "index":691,
            "아파트명":"옥동삼익",
            "투자타입":"일반",
            "전용면적(m2)":"74.93",
            "전용면적(평)":"22평",
            "법정동주소":"울산시 남구 옥동 255-2",
            "도로명주소":"울산시 남구 문수로302번길 8",
            "세대수":0,
            "입주년차":20,
            "용적률점수":"--",
            "건폐율점수":"--",
            "세대당주차수":30,
            "난방방식":30,
            "공급면적":"--",
            "전용률":"--",
            "욕실수":50,
            "현관타입":100,
            "주거총점":26.5,
            "지역구공급총점":0.0,
            "역세권":"NA",
            "30분내 이동가능 거점":"NA",
            "1시간내 이동가능 거점":"NA",
            "교통총점":"NA",
            "백화점":0,
            "아울렛몰":0,
            "대형마트":100,
            "은행":0,
            "병원":60,
            "종합병원":100,
            "공원":100,
            "혐오시설":0,
            "인프라총점":44.0,
            "초등학군":95.26,
            "중학군":58.38,
            "학군총점":65.756,
            "인구수":38.02,
            "인구증감":-14.98,
            "인구총점":22.12,
            "일자리":22.4,
            "소득수준":68.51,
            "일자리총점":36.233,
            "가치 총점":43.314,
            "매매실거래년":20211207.0,
            "매매실거래가":45500.0,
            "전세실거래년":20220110.0,
            "전세실거래가":30000.0,
            "전세가율":65.93,
            "장기전세가율평균":72.53,
            "전세가율거품지수":6.6,
            "검색코드":6112,
            "세대수":299.0,
            "준공년월":"1999-05-13",
            "준공년차":24.0,
            "가까운역이름":"NA",
            "가까운역거리":"NA",
            "역세권여부":"NA",
            "30분이내주요거점역":"NA",
            "1시간이내주요거점역":"NA",
            "3km이내백화점수":0,
            "5km이내아울렛몰수":0,
            "1km이내대형먀트수":2,
            "500m이내은행수":1,
            "500m이내병원수":13,
            "5km이내대형병원수":4,
            "500m이내공원수":6,
            "3km이내혐오시설수":0,
            "초등학교학업성취도":95.26,
            "중학교학업성취도":95.5,
            "용적률":313,
            "건폐율":22,
            "Y":35.534868,
            "X":129.286895,
            "rank":111.0,
            "area_info":"22평(74.93), 32평(106.63), 53평(177.41)",
            "last_sales":"2021-12-07,45500.0,22평(74.93)"
        },
        {
            "index":655,
            "아파트명":"대공원현대",
            "투자타입":"재건축",
            "전용면적(m2)":"88.99",
            "전용면적(평)":"26평",
            "법정동주소":"울산시 남구 옥동 129-6",
            "도로명주소":"울산시 남구 대공원로115번길 10",
            "세대수":50,
            "입주년차":"--",
            "용적률점수":0,
            "건폐율점수":0,
            "세대당주차수":"--",
            "난방방식":"--",
            "공급면적":70,
            "전용률":60,
            "욕실수":"--",
            "현관타입":"--",
            "주거총점":21.5,
            "지역구공급총점":0.0,
            "역세권":"NA",
            "30분내 이동가능 거점":"NA",
            "1시간내 이동가능 거점":"NA",
            "교통총점":"NA",
            "백화점":0,
            "아울렛몰":0,
            "대형마트":100,
            "은행":70,
            "병원":30,
            "종합병원":100,
            "공원":100,
            "혐오시설":0,
            "인프라총점":48.0,
            "초등학군":95.26,
            "중학군":58.84,
            "학군총점":66.124,
            "인구수":38.02,
            "인구증감":-14.98,
            "인구총점":22.12,
            "일자리":22.4,
            "소득수준":68.51,
            "일자리총점":36.233,
            "가치 총점":43.256,
            "매매실거래년":20211220.0,
            "매매실거래가":35900.0,
            "전세실거래년":20211106.0,
            "전세실거래가":29000.0,
            "전세가율":80.78,
            "장기전세가율평균":72.53,
            "전세가율거품지수":-8.25,
            "검색코드":6111,
            "세대수":499.0,
            "준공년월":"1992-02-27",
            "준공년차":31.0,
            "가까운역이름":"NA",
            "가까운역거리":"NA",
            "역세권여부":"NA",
            "30분이내주요거점역":"NA",
            "1시간이내주요거점역":"NA",
            "3km이내백화점수":0,
            "5km이내아울렛몰수":0,
            "1km이내대형먀트수":2,
            "500m이내은행수":3,
            "500m이내병원수":9,
            "5km이내대형병원수":4,
            "500m이내공원수":9,
            "3km이내혐오시설수":0,
            "초등학교학업성취도":95.26,
            "중학교학업성취도":96.0,
            "용적률":0,
            "건폐율":0,
            "Y":35.530039,
            "X":129.295981,
            "rank":112.0,
            "area_info":"26평(88.99), 27평(92.36), 30평(102.06), 32평(107.68)",
            "last_sales":"2021-12-20,35900.0,26평(88.99)"
        },
        {
            "index":593,
            "아파트명":"우방유화",
            "투자타입":"재건축",
            "전용면적(m2)":"97.46",
            "전용면적(평)":"29평",
            "법정동주소":"울산시 남구 야음동 564-4",
            "도로명주소":"울산시 남구 꽃대나리로46번길 24",
            "세대수":50,
            "입주년차":"--",
            "용적률점수":0,
            "건폐율점수":0,
            "세대당주차수":"--",
            "난방방식":"--",
            "공급면적":70,
            "전용률":60,
            "욕실수":"--",
            "현관타입":"--",
            "주거총점":21.5,
            "지역구공급총점":0.0,
            "역세권":"NA",
            "30분내 이동가능 거점":"NA",
            "1시간내 이동가능 거점":"NA",
            "교통총점":"NA",
            "백화점":100,
            "아울렛몰":0,
            "대형마트":0,
            "은행":0,
            "병원":10,
            "종합병원":100,
            "공원":100,
            "혐오시설":0,
            "인프라총점":54.0,
            "초등학군":84.78,
            "중학군":48.64,
            "학군총점":55.868,
            "인구수":38.02,
            "인구증감":-14.98,
            "인구총점":22.12,
            "일자리":22.4,
            "소득수준":68.51,
            "일자리총점":36.233,
            "가치 총점":43.092,
            "매매실거래년":20210817.0,
            "매매실거래가":34500.0,
            "전세실거래년":20210306.0,
            "전세실거래가":18000.0,
            "전세가율":86.96,
            "장기전세가율평균":72.53,
            "전세가율거품지수":-14.43,
            "검색코드":6073,
            "세대수":407.0,
            "준공년월":"1989-12-08",
            "준공년차":34.0,
            "가까운역이름":"NA",
            "가까운역거리":"NA",
            "역세권여부":"NA",
            "30분이내주요거점역":"NA",
            "1시간이내주요거점역":"NA",
            "3km이내백화점수":2,
            "5km이내아울렛몰수":0,
            "1km이내대형먀트수":0,
            "500m이내은행수":0,
            "500m이내병원수":4,
            "5km이내대형병원수":4,
            "500m이내공원수":12,
            "3km이내혐오시설수":0,
            "초등학교학업성취도":84.78,
            "중학교학업성취도":80.2,
            "용적률":0,
            "건폐율":0,
            "Y":35.532627,
            "X":129.333115,
            "rank":113.0,
            "area_info":"29평(97.46), 31평(104.62), 35평(118.59), 41평(138.02)",
            "last_sales":"2021-08-17,34500.0,41평(138.02)"
        },
        {
            "index":698,
            "아파트명":"옥동현대",
            "투자타입":"일반",
            "전용면적(m2)":"91.93",
            "전용면적(평)":"27평",
            "법정동주소":"울산시 남구 옥동 182-9",
            "도로명주소":"울산시 남구 문수로335번길 54",
            "세대수":50,
            "입주년차":0,
            "용적률점수":"--",
            "건폐율점수":"--",
            "세대당주차수":0,
            "난방방식":30,
            "공급면적":"--",
            "전용률":"--",
            "욕실수":50,
            "현관타입":100,
            "주거총점":35.5,
            "지역구공급총점":0.0,
            "역세권":"NA",
            "30분내 이동가능 거점":"NA",
            "1시간내 이동가능 거점":"NA",
            "교통총점":"NA",
            "백화점":0,
            "아울렛몰":0,
            "대형마트":100,
            "은행":0,
            "병원":0,
            "종합병원":100,
            "공원":100,
            "혐오시설":0,
            "인프라총점":38.0,
            "초등학군":90.63,
            "중학군":54.62,
            "학군총점":61.822,
            "인구수":38.02,
            "인구증감":-14.98,
            "인구총점":22.12,
            "일자리":22.4,
            "소득수준":68.51,
            "일자리총점":36.233,
            "가치 총점":43.0805,
            "매매실거래년":20211109.0,
            "매매실거래가":29000.0,
            "전세실거래년":20210803.0,
            "전세실거래가":23000.0,
            "전세가율":100.0,
            "장기전세가율평균":72.53,
            "전세가율거품지수":-27.47,
            "검색코드":6125,
            "세대수":544.0,
            "준공년월":"1997-02-24",
            "준공년차":26.0,
            "가까운역이름":"NA",
            "가까운역거리":"NA",
            "역세권여부":"NA",
            "30분이내주요거점역":"NA",
            "1시간이내주요거점역":"NA",
            "3km이내백화점수":0,
            "5km이내아울렛몰수":0,
            "1km이내대형먀트수":2,
            "500m이내은행수":1,
            "500m이내병원수":1,
            "5km이내대형병원수":4,
            "500m이내공원수":4,
            "3km이내혐오시설수":0,
            "초등학교학업성취도":90.63,
            "중학교학업성취도":88.7,
            "용적률":0,
            "건폐율":0,
            "Y":35.54054,
            "X":129.290879,
            "rank":114.0,
            "area_info":"27평(91.93), 29평(96.41), 32평(106.2), 46평(152.08)",
            "last_sales":"2021-11-09,29000.0,32평(106.2)"
        },
        {
            "index":683,
            "아파트명":"성도",
            "투자타입":"일반",
            "전용면적(m2)":"79.1",
            "전용면적(평)":"23평",
            "법정동주소":"울산시 남구 옥동 191-58",
            "도로명주소":"울산시 남구 문수로335번길 51",
            "세대수":30,
            "입주년차":0,
            "용적률점수":"--",
            "건폐율점수":"--",
            "세대당주차수":0,
            "난방방식":30,
            "공급면적":"--",
            "전용률":"--",
            "욕실수":50,
            "현관타입":100,
            "주거총점":28.5,
            "지역구공급총점":0.0,
            "역세권":"NA",
            "30분내 이동가능 거점":"NA",
            "1시간내 이동가능 거점":"NA",
            "교통총점":"NA",
            "백화점":0,
            "아울렛몰":0,
            "대형마트":100,
            "은행":0,
            "병원":60,
            "종합병원":100,
            "공원":100,
            "혐오시설":0,
            "인프라총점":44.0,
            "초등학군":90.63,
            "중학군":54.62,
            "학군총점":61.822,
            "인구수":38.02,
            "인구증감":-14.98,
            "인구총점":22.12,
            "일자리":22.4,
            "소득수준":68.51,
            "일자리총점":36.233,
            "가치 총점":43.0305,
            "매매실거래년":20211116.0,
            "매매실거래가":42000.0,
            "전세실거래년":20211117.0,
            "전세실거래가":22000.0,
            "전세가율":74.58,
            "장기전세가율평균":72.53,
            "전세가율거품지수":-2.05,
            "검색코드":6123,
            "세대수":332.0,
            "준공년월":"1997-12-29",
            "준공년차":26.0,
            "가까운역이름":"NA",
            "가까운역거리":"NA",
            "역세권여부":"NA",
            "30분이내주요거점역":"NA",
            "1시간이내주요거점역":"NA",
            "3km이내백화점수":0,
            "5km이내아울렛몰수":0,
            "1km이내대형먀트수":2,
            "500m이내은행수":1,
            "500m이내병원수":12,
            "5km이내대형병원수":4,
            "500m이내공원수":6,
            "3km이내혐오시설수":0,
            "초등학교학업성취도":90.63,
            "중학교학업성취도":88.7,
            "용적률":335,
            "건폐율":26,
            "Y":35.539241,
            "X":129.29021,
            "rank":115.0,
            "area_info":"23평(79.1), 32평(105.9)",
            "last_sales":"2021-11-16,42000.0,32평(105.9)"
        },
        {
            "index":633,
            "아파트명":"한라하이타운",
            "투자타입":"일반",
            "전용면적(m2)":"83.85",
            "전용면적(평)":"25평",
            "법정동주소":"울산시 남구 야음동 538-1",
            "도로명주소":"울산시 남구 꽃대나리로46번길 7",
            "세대수":30,
            "입주년차":0,
            "용적률점수":"--",
            "건폐율점수":"--",
            "세대당주차수":0,
            "난방방식":30,
            "공급면적":"--",
            "전용률":"--",
            "욕실수":50,
            "현관타입":10,
            "주거총점":19.5,
            "지역구공급총점":0.0,
            "역세권":"NA",
            "30분내 이동가능 거점":"NA",
            "1시간내 이동가능 거점":"NA",
            "교통총점":"NA",
            "백화점":100,
            "아울렛몰":0,
            "대형마트":0,
            "은행":0,
            "병원":10,
            "종합병원":100,
            "공원":100,
            "혐오시설":0,
            "인프라총점":54.0,
            "초등학군":84.78,
            "중학군":48.64,
            "학군총점":55.868,
            "인구수":38.02,
            "인구증감":-14.98,
            "인구총점":22.12,
            "일자리":22.4,
            "소득수준":68.51,
            "일자리총점":36.233,
            "가치 총점":42.392,
            "매매실거래년":20220104.0,
            "매매실거래가":16450.0,
            "전세실거래년":20220113.0,
            "전세실거래가":16000.0,
            "전세가율":97.26,
            "장기전세가율평균":72.53,
            "전세가율거품지수":-24.73,
            "검색코드":6085,
            "세대수":359.0,
            "준공년월":"1994-04-08",
            "준공년차":29.0,
            "가까운역이름":"NA",
            "가까운역거리":"NA",
            "역세권여부":"NA",
            "30분이내주요거점역":"NA",
            "1시간이내주요거점역":"NA",
            "3km이내백화점수":2,
            "5km이내아울렛몰수":0,
            "1km이내대형먀트수":0,
            "500m이내은행수":0,
            "500m이내병원수":2,
            "5km이내대형병원수":4,
            "500m이내공원수":8,
            "3km이내혐오시설수":0,
            "초등학교학업성취도":84.78,
            "중학교학업성취도":80.2,
            "용적률":301,
            "건폐율":24,
            "Y":35.532395,
            "X":129.334489,
            "rank":116.0,
            "area_info":"25평(83.85), 31평(104.87)",
            "last_sales":"2022-01-04,16450.0,25평(83.85)"
        },
        {
            "index":146,
            "아파트명":"삼호시영",
            "투자타입":"재건축",
            "전용면적(m2)":"52.09",
            "전용면적(평)":"15평",
            "법정동주소":"울산시 남구 무거동 1448-1",
            "도로명주소":"울산시 남구 삼호로48번길 1",
            "세대수":0,
            "입주년차":"--",
            "용적률점수":60,
            "건폐율점수":80,
            "세대당주차수":"--",
            "난방방식":"--",
            "공급면적":50,
            "전용률":60,
            "욕실수":"--",
            "현관타입":"--",
            "주거총점":45.5,
            "지역구공급총점":0.0,
            "역세권":"NA",
            "30분내 이동가능 거점":"NA",
            "1시간내 이동가능 거점":"NA",
            "교통총점":"NA",
            "백화점":0,
            "아울렛몰":0,
            "대형마트":0,
            "은행":0,
            "병원":60,
            "종합병원":100,
            "공원":100,
            "혐오시설":0,
            "인프라총점":29.0,
            "초등학군":81.07,
            "중학군":51.78,
            "학군총점":57.638,
            "인구수":38.02,
            "인구증감":-14.98,
            "인구총점":22.12,
            "일자리":22.4,
            "소득수준":68.51,
            "일자리총점":36.233,
            "가치 총점":41.9345,
            "매매실거래년":20211115.0,
            "매매실거래가":9400.0,
            "전세실거래년":20211021.0,
            "전세실거래가":6000.0,
            "전세가율":63.83,
            "장기전세가율평균":72.53,
            "전세가율거품지수":8.7,
            "검색코드":5917,
            "세대수":200.0,
            "준공년월":"1992-07-30",
            "준공년차":31.0,
            "가까운역이름":"NA",
            "가까운역거리":"NA",
            "역세권여부":"NA",
            "30분이내주요거점역":"NA",
            "1시간이내주요거점역":"NA",
            "3km이내백화점수":0,
            "5km이내아울렛몰수":0,
            "1km이내대형먀트수":0,
            "500m이내은행수":1,
            "500m이내병원수":13,
            "5km이내대형병원수":4,
            "500m이내공원수":8,
            "3km이내혐오시설수":0,
            "초등학교학업성취도":81.07,
            "중학교학업성취도":85.3,
            "용적률":186,
            "건폐율":23,
            "Y":35.54877,
            "X":129.26979,
            "rank":117.0,
            "area_info":"15평(52.09)",
            "last_sales":"2021-11-15,9400.0,15평(52.09)"
        },
        {
            "index":702,
            "아파트명":"옥서홈타운",
            "투자타입":"일반",
            "전용면적(m2)":"72.43",
            "전용면적(평)":"21평",
            "법정동주소":"울산시 남구 옥동 191-1",
            "도로명주소":"울산시 남구 법대로87번길 23",
            "세대수":0,
            "입주년차":0,
            "용적률점수":"--",
            "건폐율점수":"--",
            "세대당주차수":30,
            "난방방식":30,
            "공급면적":"--",
            "전용률":"--",
            "욕실수":50,
            "현관타입":100,
            "주거총점":22.5,
            "지역구공급총점":0.0,
            "역세권":"NA",
            "30분내 이동가능 거점":"NA",
            "1시간내 이동가능 거점":"NA",
            "교통총점":"NA",
            "백화점":0,
            "아울렛몰":0,
            "대형마트":100,
            "은행":20,
            "병원":60,
            "종합병원":100,
            "공원":100,
            "혐오시설":0,
            "인프라총점":46.0,
            "초등학군":90.63,
            "중학군":54.62,
            "학군총점":61.822,
            "인구수":38.02,
            "인구증감":-14.98,
            "인구총점":22.12,
            "일자리":22.4,
            "소득수준":68.51,
            "일자리총점":36.233,
            "가치 총점":41.7305,
            "매매실거래년":20210927.0,
            "매매실거래가":26500.0,
            "전세실거래년":20211222.0,
            "전세실거래가":24000.0,
            "전세가율":90.57,
            "장기전세가율평균":72.53,
            "전세가율거품지수":-18.04,
            "검색코드":23866,
            "세대수":150.0,
            "준공년월":"1995-01-12",
            "준공년차":28.0,
            "가까운역이름":"NA",
            "가까운역거리":"NA",
            "역세권여부":"NA",
            "30분이내주요거점역":"NA",
            "1시간이내주요거점역":"NA",
            "3km이내백화점수":0,
            "5km이내아울렛몰수":0,
            "1km이내대형먀트수":2,
            "500m이내은행수":2,
            "500m이내병원수":18,
            "5km이내대형병원수":4,
            "500m이내공원수":10,
            "3km이내혐오시설수":0,
            "초등학교학업성취도":90.63,
            "중학교학업성취도":88.7,
            "용적률":199,
            "건폐율":17,
            "Y":35.537179,
            "X":129.289943,
            "rank":118.0,
            "area_info":"21평(72.43)",
            "last_sales":"2021-09-27,26500.0,21평(72.43)"
        },
        {
            "index":133,
            "아파트명":"무거현대",
            "투자타입":"일반",
            "전용면적(m2)":"79.49",
            "전용면적(평)":"24평",
            "법정동주소":"울산시 남구 무거동 832-2",
            "도로명주소":"울산시 남구 신복로71번길 12",
            "세대수":50,
            "입주년차":0,
            "용적률점수":"--",
            "건폐율점수":"--",
            "세대당주차수":0,
            "난방방식":30,
            "공급면적":"--",
            "전용률":"--",
            "욕실수":50,
            "현관타입":100,
            "주거총점":35.5,
            "지역구공급총점":0.0,
            "역세권":"NA",
            "30분내 이동가능 거점":"NA",
            "1시간내 이동가능 거점":"NA",
            "교통총점":"NA",
            "백화점":0,
            "아울렛몰":0,
            "대형마트":80,
            "은행":0,
            "병원":10,
            "종합병원":100,
            "공원":100,
            "혐오시설":0,
            "인프라총점":36.0,
            "초등학군":88.57,
            "중학군":51.78,
            "학군총점":59.138,
            "인구수":38.02,
            "인구증감":-14.98,
            "인구총점":22.12,
            "일자리":22.4,
            "소득수준":68.51,
            "일자리총점":36.233,
            "가치 총점":41.6095,
            "매매실거래년":20211123.0,
            "매매실거래가":26300.0,
            "전세실거래년":20220113.0,
            "전세실거래가":15000.0,
            "전세가율":88.24,
            "장기전세가율평균":72.53,
            "전세가율거품지수":-15.71,
            "검색코드":5901,
            "세대수":677.0,
            "준공년월":"1995-02-11",
            "준공년차":28.0,
            "가까운역이름":"NA",
            "가까운역거리":"NA",
            "역세권여부":"NA",
            "30분이내주요거점역":"NA",
            "1시간이내주요거점역":"NA",
            "3km이내백화점수":0,
            "5km이내아울렛몰수":0,
            "1km이내대형먀트수":1,
            "500m이내은행수":0,
            "500m이내병원수":4,
            "5km이내대형병원수":3,
            "500m이내공원수":8,
            "3km이내혐오시설수":0,
            "초등학교학업성취도":88.57,
            "중학교학업성취도":85.3,
            "용적률":111,
            "건폐율":27,
            "Y":35.548795,
            "X":129.255146,
            "rank":119.0,
            "area_info":"24평(79.49), 24평(80.67), 25평(83.29), 31평(103.39), 32평(107.69)",
            "last_sales":"2021-11-23,26300.0,32평(107.69)"
        },
        {
            "index":110,
            "아파트명":"무거롯데캐슬",
            "투자타입":"일반",
            "전용면적(m2)":"112.14",
            "전용면적(평)":"33평",
            "법정동주소":"울산시 남구 무거동 1584",
            "도로명주소":"울산시 남구 신복로79번길 14",
            "세대수":0,
            "입주년차":60,
            "용적률점수":"--",
            "건폐율점수":"--",
            "세대당주차수":60,
            "난방방식":30,
            "공급면적":"--",
            "전용률":"--",
            "욕실수":100,
            "현관타입":100,
            "주거총점":44.0,
            "지역구공급총점":0.0,
            "역세권":"NA",
            "30분내 이동가능 거점":"NA",
            "1시간내 이동가능 거점":"NA",
            "교통총점":"NA",
            "백화점":0,
            "아울렛몰":0,
            "대형마트":0,
            "은행":0,
            "병원":10,
            "종합병원":100,
            "공원":100,
            "혐오시설":0,
            "인프라총점":24.0,
            "초등학군":88.57,
            "중학군":58.1,
            "학군총점":64.194,
            "인구수":38.02,
            "인구증감":-14.98,
            "인구총점":22.12,
            "일자리":22.4,
            "소득수준":68.51,
            "일자리총점":36.233,
            "가치 총점":41.0485,
            "매매실거래년":20211125.0,
            "매매실거래가":64500.0,
            "전세실거래년":20210301.0,
            "전세실거래가":30000.0,
            "전세가율":56.07,
            "장기전세가율평균":72.53,
            "전세가율거품지수":16.46,
            "검색코드":104762,
            "세대수":272.0,
            "준공년월":"2009-10-29",
            "준공년차":14.0,
            "가까운역이름":"NA",
            "가까운역거리":"NA",
            "역세권여부":"NA",
            "30분이내주요거점역":"NA",
            "1시간이내주요거점역":"NA",
            "3km이내백화점수":0,
            "5km이내아울렛몰수":0,
            "1km이내대형먀트수":0,
            "500m이내은행수":0,
            "500m이내병원수":2,
            "5km이내대형병원수":2,
            "500m이내공원수":2,
            "3km이내혐오시설수":0,
            "초등학교학업성취도":88.57,
            "중학교학업성취도":95.7,
            "용적률":196,
            "건폐율":21,
            "Y":35.54809,
            "X":129.252709,
            "rank":120.0,
            "area_info":"33평(112.14), 47평(158.17), 54평(181.53)",
            "last_sales":"2021-11-25,64500.0,47평(158.17)"
        },
        {
            "index":452,
            "아파트명":"올림푸스골든",
            "투자타입":"재건축",
            "전용면적(m2)":"110.75",
            "전용면적(평)":"33평",
            "법정동주소":"울산시 남구 신정동 1656-1",
            "도로명주소":"울산시 남구 대공원로 198",
            "세대수":50,
            "입주년차":"--",
            "용적률점수":0,
            "건폐율점수":0,
            "세대당주차수":"--",
            "난방방식":"--",
            "공급면적":90,
            "전용률":60,
            "욕실수":"--",
            "현관타입":"--",
            "주거총점":22.5,
            "지역구공급총점":0.0,
            "역세권":"NA",
            "30분내 이동가능 거점":"NA",
            "1시간내 이동가능 거점":"NA",
            "교통총점":"NA",
            "백화점":0,
            "아울렛몰":0,
            "대형마트":100,
            "은행":20,
            "병원":10,
            "종합병원":100,
            "공원":100,
            "혐오시설":0,
            "인프라총점":41.0,
            "초등학군":94.64,
            "중학군":59.02,
            "학군총점":66.144,
            "인구수":38.02,
            "인구증감":-14.98,
            "인구총점":22.12,
            "일자리":22.4,
            "소득수준":68.51,
            "일자리총점":36.233,
            "가치 총점":40.811,
            "매매실거래년":20211208.0,
            "매매실거래가":51000.0,
            "전세실거래년":20211220.0,
            "전세실거래가":29000.0,
            "전세가율":56.86,
            "장기전세가율평균":72.53,
            "전세가율거품지수":15.67,
            "검색코드":6028,
            "세대수":556.0,
            "준공년월":"1988-02-02",
            "준공년차":35.0,
            "가까운역이름":"NA",
            "가까운역거리":"NA",
            "역세권여부":"NA",
            "30분이내주요거점역":"NA",
            "1시간이내주요거점역":"NA",
            "3km이내백화점수":0,
            "5km이내아울렛몰수":0,
            "1km이내대형먀트수":2,
            "500m이내은행수":2,
            "500m이내병원수":2,
            "5km이내대형병원수":4,
            "500m이내공원수":2,
            "3km이내혐오시설수":0,
            "초등학교학업성취도":94.64,
            "중학교학업성취도":96.1,
            "용적률":0,
            "건폐율":0,
            "Y":35.52936,
            "X":129.299609,
            "rank":121.0,
            "area_info":"33평(110.75), 33평(110.78), 33평(110.3), 33평(110.45), 33평(111.05), 33평(111.15), 33평(111.0), 61평(204.52)",
            "last_sales":"2021-12-08,51000.0,33평(110.75)"
        },
        {
            "index":685,
            "아파트명":"영남빌리지",
            "투자타입":"재건축",
            "전용면적(m2)":"83.89",
            "전용면적(평)":"25평",
            "법정동주소":"울산시 남구 옥동 144-1",
            "도로명주소":"울산시 남구 대공원입구로10번길 14",
            "세대수":0,
            "입주년차":"--",
            "용적률점수":0,
            "건폐율점수":0,
            "세대당주차수":"--",
            "난방방식":"--",
            "공급면적":70,
            "전용률":80,
            "욕실수":"--",
            "현관타입":"--",
            "주거총점":7.5,
            "지역구공급총점":0.0,
            "역세권":"NA",
            "30분내 이동가능 거점":"NA",
            "1시간내 이동가능 거점":"NA",
            "교통총점":"NA",
            "백화점":0,
            "아울렛몰":0,
            "대형마트":100,
            "은행":100,
            "병원":60,
            "종합병원":100,
            "공원":100,
            "혐오시설":0,
            "인프라총점":54.0,
            "초등학군":95.26,
            "중학군":58.84,
            "학군총점":66.124,
            "인구수":38.02,
            "인구증감":-14.98,
            "인구총점":22.12,
            "일자리":22.4,
            "소득수준":68.51,
            "일자리총점":36.233,
            "가치 총점":40.756,
            "매매실거래년":20210725.0,
            "매매실거래가":31500.0,
            "전세실거래년":20201129.0,
            "전세실거래가":17000.0,
            "전세가율":88.08,
            "장기전세가율평균":72.53,
            "전세가율거품지수":-15.55,
            "검색코드":14640,
            "세대수":110.0,
            "준공년월":"1991-02-08",
            "준공년차":32.0,
            "가까운역이름":"NA",
            "가까운역거리":"NA",
            "역세권여부":"NA",
            "30분이내주요거점역":"NA",
            "1시간이내주요거점역":"NA",
            "3km이내백화점수":0,
            "5km이내아울렛몰수":0,
            "1km이내대형먀트수":2,
            "500m이내은행수":5,
            "500m이내병원수":18,
            "5km이내대형병원수":4,
            "500m이내공원수":9,
            "3km이내혐오시설수":0,
            "초등학교학업성취도":95.26,
            "중학교학업성취도":96.0,
            "용적률":0,
            "건폐율":0,
            "Y":35.53233,
            "X":129.295,
            "rank":122.0,
            "area_info":"25평(83.89), 27평(90.51), 29평(98.4)",
            "last_sales":"2021-07-25,31500.0,29평(98.4)"
        },
        {
            "index":659,
            "아파트명":"대륙현대1차",
            "투자타입":"재건축",
            "전용면적(m2)":"96.44",
            "전용면적(평)":"29평",
            "법정동주소":"울산시 남구 옥동 157-5",
            "도로명주소":"울산시 남구 거마로 22",
            "세대수":0,
            "입주년차":"--",
            "용적률점수":0,
            "건폐율점수":0,
            "세대당주차수":"--",
            "난방방식":"--",
            "공급면적":70,
            "전용률":80,
            "욕실수":"--",
            "현관타입":"--",
            "주거총점":7.5,
            "지역구공급총점":0.0,
            "역세권":"NA",
            "30분내 이동가능 거점":"NA",
            "1시간내 이동가능 거점":"NA",
            "교통총점":"NA",
            "백화점":0,
            "아울렛몰":0,
            "대형마트":100,
            "은행":100,
            "병원":60,
            "종합병원":100,
            "공원":100,
            "혐오시설":0,
            "인프라총점":54.0,
            "초등학군":94.64,
            "중학군":58.84,
            "학군총점":66.0,
            "인구수":38.02,
            "인구증감":-14.98,
            "인구총점":22.12,
            "일자리":22.4,
            "소득수준":68.51,
            "일자리총점":36.233,
            "가치 총점":40.725,
            "매매실거래년":20211016.0,
            "매매실거래가":54000.0,
            "전세실거래년":20220106.0,
            "전세실거래가":35000.0,
            "전세가율":64.81,
            "장기전세가율평균":72.53,
            "전세가율거품지수":7.72,
            "검색코드":6101,
            "세대수":225.0,
            "준공년월":"1989-12-13",
            "준공년차":34.0,
            "가까운역이름":"NA",
            "가까운역거리":"NA",
            "역세권여부":"NA",
            "30분이내주요거점역":"NA",
            "1시간이내주요거점역":"NA",
            "3km이내백화점수":0,
            "5km이내아울렛몰수":0,
            "1km이내대형먀트수":2,
            "500m이내은행수":5,
            "500m이내병원수":17,
            "5km이내대형병원수":4,
            "500m이내공원수":8,
            "3km이내혐오시설수":0,
            "초등학교학업성취도":94.64,
            "중학교학업성취도":96.0,
            "용적률":0,
            "건폐율":0,
            "Y":35.535933,
            "X":129.296826,
            "rank":123.0,
            "area_info":"29평(96.44)",
            "last_sales":"2021-10-16,54000.0,29평(96.44)"
        },
        {
            "index":508,
            "아파트명":"해원",
            "투자타입":"재건축",
            "전용면적(m2)":"52.81",
            "전용면적(평)":"15평",
            "법정동주소":"울산시 남구 신정동 1418-1",
            "도로명주소":"울산시 남구 남산로332번길 17",
            "세대수":0,
            "입주년차":"--",
            "용적률점수":0,
            "건폐율점수":0,
            "세대당주차수":"--",
            "난방방식":"--",
            "공급면적":50,
            "전용률":80,
            "욕실수":"--",
            "현관타입":"--",
            "주거총점":6.5,
            "지역구공급총점":0.0,
            "역세권":"NA",
            "30분내 이동가능 거점":"NA",
            "1시간내 이동가능 거점":"NA",
            "교통총점":"NA",
            "백화점":100,
            "아울렛몰":0,
            "대형마트":80,
            "은행":0,
            "병원":10,
            "종합병원":100,
            "공원":0,
            "혐오시설":0,
            "인프라총점":63.0,
            "초등학군":83.53,
            "중학군":44.56,
            "학군총점":52.354,
            "인구수":38.02,
            "인구증감":-14.98,
            "인구총점":22.12,
            "일자리":22.4,
            "소득수준":68.51,
            "일자리총점":36.233,
            "가치 총점":40.5635,
            "매매실거래년":20210917.0,
            "매매실거래가":32000.0,
            "전세실거래년":20210401.0,
            "전세실거래가":10000.0,
            "전세가율":37.31,
            "장기전세가율평균":72.53,
            "전세가율거품지수":35.22,
            "검색코드":119790,
            "세대수":100.0,
            "준공년월":"1983-09-20",
            "준공년차":40.0,
            "가까운역이름":"NA",
            "가까운역거리":"NA",
            "역세권여부":"NA",
            "30분이내주요거점역":"NA",
            "1시간이내주요거점역":"NA",
            "3km이내백화점수":1,
            "5km이내아울렛몰수":0,
            "1km이내대형먀트수":1,
            "500m이내은행수":0,
            "500m이내병원수":4,
            "5km이내대형병원수":5,
            "500m이내공원수":0,
            "3km이내혐오시설수":0,
            "초등학교학업성취도":83.53,
            "중학교학업성취도":73.4,
            "용적률":0,
            "건폐율":0,
            "Y":35.546911,
            "X":129.305505,
            "rank":124.0,
            "area_info":"15평(52.81), 20평(66.61), 23평(77.73), 27평(92.14)",
            "last_sales":"2021-09-17,32000.0,23평(77.73)"
        },
        {
            "index":130,
            "아파트명":"무거한신휴플러스",
            "투자타입":"일반",
            "전용면적(m2)":"112.67",
            "전용면적(평)":"34평",
            "법정동주소":"울산시 남구 무거동 1603",
            "도로명주소":"울산시 남구 남부순환도로 86",
            "세대수":0,
            "입주년차":80,
            "용적률점수":"--",
            "건폐율점수":"--",
            "세대당주차수":30,
            "난방방식":30,
            "공급면적":"--",
            "전용률":"--",
            "욕실수":100,
            "현관타입":100,
            "주거총점":43.5,
            "지역구공급총점":0.0,
            "역세권":"NA",
            "30분내 이동가능 거점":"NA",
            "1시간내 이동가능 거점":"NA",
            "교통총점":"NA",
            "백화점":0,
            "아울렛몰":0,
            "대형마트":0,
            "은행":0,
            "병원":10,
            "종합병원":100,
            "공원":100,
            "혐오시설":0,
            "인프라총점":24.0,
            "초등학군":92.16,
            "중학군":55.36,
            "학군총점":62.72,
            "인구수":38.02,
            "인구증감":-14.98,
            "인구총점":22.12,
            "일자리":22.4,
            "소득수준":68.51,
            "일자리총점":36.233,
            "가치 총점":40.505,
            "매매실거래년":20211017.0,
            "매매실거래가":70600.0,
            "전세실거래년":20211127.0,
            "전세실거래가":35700.0,
            "전세가율":50.57,
            "장기전세가율평균":72.53,
            "전세가율거품지수":21.96,
            "검색코드":104871,
            "세대수":260.0,
            "준공년월":"2014-02-20",
            "준공년차":9.0,
            "가까운역이름":"NA",
            "가까운역거리":"NA",
            "역세권여부":"NA",
            "30분이내주요거점역":"NA",
            "1시간이내주요거점역":"NA",
            "3km이내백화점수":0,
            "5km이내아울렛몰수":0,
            "1km이내대형먀트수":0,
            "500m이내은행수":0,
            "500m이내병원수":2,
            "5km이내대형병원수":3,
            "500m이내공원수":12,
            "3km이내혐오시설수":0,
            "초등학교학업성취도":92.16,
            "중학교학업성취도":90.8,
            "용적률":240,
            "건폐율":19,
            "Y":35.541145,
            "X":129.264422,
            "rank":125.0,
            "area_info":"34평(112.67), 34평(113.67), 34평(114.36)",
            "last_sales":"2021-10-17,70600.0,34평(112.67)"
        },
        {
            "index":640,
            "아파트명":"그랜드파크",
            "투자타입":"재건축",
            "전용면적(m2)":"96.22",
            "전용면적(평)":"29평",
            "법정동주소":"울산시 남구 옥동 127-1",
            "도로명주소":"울산시 남구 대공원로99번길 12",
            "세대수":0,
            "입주년차":"--",
            "용적률점수":0,
            "건폐율점수":0,
            "세대당주차수":"--",
            "난방방식":"--",
            "공급면적":70,
            "전용률":60,
            "욕실수":"--",
            "현관타입":"--",
            "주거총점":6.5,
            "지역구공급총점":0.0,
            "역세권":"NA",
            "30분내 이동가능 거점":"NA",
            "1시간내 이동가능 거점":"NA",
            "교통총점":"NA",
            "백화점":0,
            "아울렛몰":0,
            "대형마트":100,
            "은행":100,
            "병원":60,
            "종합병원":100,
            "공원":100,
            "혐오시설":0,
            "인프라총점":54.0,
            "초등학군":95.26,
            "중학군":58.84,
            "학군총점":66.124,
            "인구수":38.02,
            "인구증감":-14.98,
            "인구총점":22.12,
            "일자리":22.4,
            "소득수준":68.51,
            "일자리총점":36.233,
            "가치 총점":40.406,
            "매매실거래년":20211218.0,
            "매매실거래가":28500.0,
            "전세실거래년":20190616.0,
            "전세실거래가":13000.0,
            "전세가율":77.38,
            "장기전세가율평균":72.53,
            "전세가율거품지수":-4.85,
            "검색코드":14642,
            "세대수":126.0,
            "준공년월":"1990-07-27",
            "준공년차":33.0,
            "가까운역이름":"NA",
            "가까운역거리":"NA",
            "역세권여부":"NA",
            "30분이내주요거점역":"NA",
            "1시간이내주요거점역":"NA",
            "3km이내백화점수":0,
            "5km이내아울렛몰수":0,
            "1km이내대형먀트수":2,
            "500m이내은행수":5,
            "500m이내병원수":16,
            "5km이내대형병원수":4,
            "500m이내공원수":9,
            "3km이내혐오시설수":0,
            "초등학교학업성취도":95.26,
            "중학교학업성취도":96.0,
            "용적률":0,
            "건폐율":0,
            "Y":35.531137,
            "X":129.295249,
            "rank":126.0,
            "area_info":"29평(96.22), 33평(112.29), 34평(113.01)",
            "last_sales":"2021-12-18,28500.0,33평(112.29)"
        },
        {
            "index":185,
            "아파트명":"태화강서희스타힐스",
            "투자타입":"일반",
            "전용면적(m2)":"96.97",
            "전용면적(평)":"29평",
            "법정동주소":"울산시 남구 무거동 1593",
            "도로명주소":"울산시 남구 남산로12번길 7-7",
            "세대수":0,
            "입주년차":80,
            "용적률점수":"--",
            "건폐율점수":"--",
            "세대당주차수":30,
            "난방방식":30,
            "공급면적":"--",
            "전용률":"--",
            "욕실수":100,
            "현관타입":100,
            "주거총점":43.5,
            "지역구공급총점":0.0,
            "역세권":"NA",
            "30분내 이동가능 거점":"NA",
            "1시간내 이동가능 거점":"NA",
            "교통총점":"NA",
            "백화점":0,
            "아울렛몰":0,
            "대형마트":0,
            "은행":0,
            "병원":30,
            "종합병원":100,
            "공원":100,
            "혐오시설":0,
            "인프라총점":26.0,
            "초등학군":87.53,
            "중학군":51.78,
            "학군총점":58.93,
            "인구수":38.02,
            "인구증감":-14.98,
            "인구총점":22.12,
            "일자리":22.4,
            "소득수준":68.51,
            "일자리총점":36.233,
            "가치 총점":40.3575,
            "매매실거래년":20211205.0,
            "매매실거래가":33800.0,
            "전세실거래년":20210719.0,
            "전세실거래가":14000.0,
            "전세가율":41.42,
            "장기전세가율평균":72.53,
            "전세가율거품지수":31.11,
            "검색코드":103751,
            "세대수":164.0,
            "준공년월":"2014-03-18",
            "준공년차":9.0,
            "가까운역이름":"NA",
            "가까운역거리":"NA",
            "역세권여부":"NA",
            "30분이내주요거점역":"NA",
            "1시간이내주요거점역":"NA",
            "3km이내백화점수":0,
            "5km이내아울렛몰수":0,
            "1km이내대형먀트수":0,
            "500m이내은행수":1,
            "500m이내병원수":5,
            "5km이내대형병원수":4,
            "500m이내공원수":4,
            "3km이내혐오시설수":0,
            "초등학교학업성취도":87.53,
            "중학교학업성취도":85.3,
            "용적률":348,
            "건폐율":26,
            "Y":35.552206,
            "X":129.272813,
            "rank":127.0,
            "area_info":"29평(96.97), 29평(96.97), 33평(110.85), 33평(111.73), 33평(111.73)",
            "last_sales":"2021-12-05,33800.0,29평(96.97)"
        },
        {
            "index":341,
            "아파트명":"대공원아이파크2단지",
            "투자타입":"일반",
            "전용면적(m2)":"76.51",
            "전용면적(평)":"23평",
            "법정동주소":"울산시 남구 신정동 1676",
            "도로명주소":"울산시 남구 대공원로99번길 38",
            "세대수":0,
            "입주년차":0,
            "용적률점수":"--",
            "건폐율점수":"--",
            "세대당주차수":0,
            "난방방식":30,
            "공급면적":"--",
            "전용률":"--",
            "욕실수":50,
            "현관타입":100,
            "주거총점":18.0,
            "지역구공급총점":0.0,
            "역세권":"NA",
            "30분내 이동가능 거점":"NA",
            "1시간내 이동가능 거점":"NA",
            "교통총점":"NA",
            "백화점":0,
            "아울렛몰":0,
            "대형마트":100,
            "은행":20,
            "병원":30,
            "종합병원":100,
            "공원":100,
            "혐오시설":0,
            "인프라총점":43.0,
            "초등학군":94.64,
            "중학군":58.84,
            "학군총점":66.0,
            "인구수":38.02,
            "인구증감":-14.98,
            "인구총점":22.12,
            "일자리":22.4,
            "소득수준":68.51,
            "일자리총점":36.233,
            "가치 총점":40.0,
            "매매실거래년":20211023.0,
            "매매실거래가":56000.0,
            "전세실거래년":20211112.0,
            "전세실거래가":15700.0,
            "전세가율":47.15,
            "장기전세가율평균":72.53,
            "전세가율거품지수":25.38,
            "검색코드":6015,
            "세대수":240.0,
            "준공년월":"1994-12-28",
            "준공년차":29.0,
            "가까운역이름":"NA",
            "가까운역거리":"NA",
            "역세권여부":"NA",
            "30분이내주요거점역":"NA",
            "1시간이내주요거점역":"NA",
            "3km이내백화점수":0,
            "5km이내아울렛몰수":0,
            "1km이내대형먀트수":2,
            "500m이내은행수":2,
            "500m이내병원수":6,
            "5km이내대형병원수":4,
            "500m이내공원수":6,
            "3km이내혐오시설수":0,
            "초등학교학업성취도":94.64,
            "중학교학업성취도":96.0,
            "용적률":0,
            "건폐율":0,
            "Y":35.530731,
            "X":129.298671,
            "rank":128.0,
            "area_info":"23평(76.51), 32평(108.45)",
            "last_sales":"2021-10-23,56000.0,32평(108.45)"
        },
        {
            "index":282,
            "아파트명":"신선산휴먼빌",
            "투자타입":"일반",
            "전용면적(m2)":"101.91",
            "전용면적(평)":"30평",
            "법정동주소":"울산시 남구 선암동 선암1지구29블럭1로트",
            "도로명주소":"울산시 남구 두왕로34번길 42",
            "세대수":30,
            "입주년차":40,
            "용적률점수":"--",
            "건폐율점수":"--",
            "세대당주차수":30,
            "난방방식":30,
            "공급면적":"--",
            "전용률":"--",
            "욕실수":100,
            "현관타입":100,
            "주거총점":46.0,
            "지역구공급총점":0.0,
            "역세권":"NA",
            "30분내 이동가능 거점":"NA",
            "1시간내 이동가능 거점":"NA",
            "교통총점":"NA",
            "백화점":0,
            "아울렛몰":0,
            "대형마트":0,
            "은행":0,
            "병원":10,
            "종합병원":100,
            "공원":0,
            "혐오시설":0,
            "인프라총점":21.0,
            "초등학군":84.73,
            "중학군":54.7,
            "학군총점":60.706,
            "인구수":38.02,
            "인구증감":-14.98,
            "인구총점":22.12,
            "일자리":22.4,
            "소득수준":68.51,
            "일자리총점":36.233,
            "가치 총점":39.6765,
            "매매실거래년":20211228.0,
            "매매실거래가":31500.0,
            "전세실거래년":20200505.0,
            "전세실거래가":17000.0,
            "전세가율":59.65,
            "장기전세가율평균":72.53,
            "전세가율거품지수":12.88,
            "검색코드":101078,
            "세대수":397.0,
            "준공년월":"2008-05-01",
            "준공년차":15.0,
            "가까운역이름":"NA",
            "가까운역거리":"NA",
            "역세권여부":"NA",
            "30분이내주요거점역":"NA",
            "1시간이내주요거점역":"NA",
            "3km이내백화점수":0,
            "5km이내아울렛몰수":0,
            "1km이내대형먀트수":0,
            "500m이내은행수":0,
            "500m이내병원수":2,
            "5km이내대형병원수":2,
            "500m이내공원수":0,
            "3km이내혐오시설수":0,
            "초등학교학업성취도":84.73,
            "중학교학업성취도":89.9,
            "용적률":249,
            "건폐율":0,
            "Y":35.507986,
            "X":129.31248,
            "rank":129.0,
            "area_info":"30평(101.91), 34평(112.49), 34평(112.43), 34평(114.43), 35평(116.82)",
            "last_sales":"2021-12-28,31500.0,34평(112.43)"
        },
        {
            "index":678,
            "아파트명":"상아파크",
            "투자타입":"일반",
            "전용면적(m2)":"90.66",
            "전용면적(평)":"27평",
            "법정동주소":"울산시 남구 옥동 200",
            "도로명주소":"울산시 남구 은월로12번길 7",
            "세대수":0,
            "입주년차":0,
            "용적률점수":"--",
            "건폐율점수":"--",
            "세대당주차수":0,
            "난방방식":30,
            "공급면적":"--",
            "전용률":"--",
            "욕실수":50,
            "현관타입":100,
            "주거총점":18.0,
            "지역구공급총점":0.0,
            "역세권":"NA",
            "30분내 이동가능 거점":"NA",
            "1시간내 이동가능 거점":"NA",
            "교통총점":"NA",
            "백화점":0,
            "아울렛몰":0,
            "대형마트":100,
            "은행":0,
            "병원":60,
            "종합병원":100,
            "공원":100,
            "혐오시설":0,
            "인프라총점":44.0,
            "초등학군":90.63,
            "중학군":54.62,
            "학군총점":61.822,
            "인구수":38.02,
            "인구증감":-14.98,
            "인구총점":22.12,
            "일자리":22.4,
            "소득수준":68.51,
            "일자리총점":36.233,
            "가치 총점":39.3555,
            "매매실거래년":20210915.0,
            "매매실거래가":38500.0,
            "전세실거래년":20201109.0,
            "전세실거래가":13000.0,
            "전세가율":83.87,
            "장기전세가율평균":72.53,
            "전세가율거품지수":-11.34,
            "검색코드":14638,
            "세대수":108.0,
            "준공년월":"1994-09-23",
            "준공년차":29.0,
            "가까운역이름":"NA",
            "가까운역거리":"NA",
            "역세권여부":"NA",
            "30분이내주요거점역":"NA",
            "1시간이내주요거점역":"NA",
            "3km이내백화점수":0,
            "5km이내아울렛몰수":0,
            "1km이내대형먀트수":2,
            "500m이내은행수":1,
            "500m이내병원수":10,
            "5km이내대형병원수":4,
            "500m이내공원수":4,
            "3km이내혐오시설수":0,
            "초등학교학업성취도":90.63,
            "중학교학업성취도":88.7,
            "용적률":202,
            "건폐율":24,
            "Y":35.53953,
            "X":129.29184,
            "rank":130.0,
            "area_info":"27평(90.66), 28평(92.96), 31평(103.54), 38평(126.15)",
            "last_sales":"2021-09-15,38500.0,31평(103.54)"
        },
        {
            "index":273,
            "아파트명":"선암서광",
            "투자타입":"일반",
            "전용면적(m2)":"78.76",
            "전용면적(평)":"23평",
            "법정동주소":"울산시 남구 선암동 559-12",
            "도로명주소":"울산시 남구 두왕로106번길 28-23",
            "세대수":80,
            "입주년차":0,
            "용적률점수":"--",
            "건폐율점수":"--",
            "세대당주차수":0,
            "난방방식":30,
            "공급면적":"--",
            "전용률":"--",
            "욕실수":50,
            "현관타입":100,
            "주거총점":46.0,
            "지역구공급총점":0.0,
            "역세권":"NA",
            "30분내 이동가능 거점":"NA",
            "1시간내 이동가능 거점":"NA",
            "교통총점":"NA",
            "백화점":0,
            "아울렛몰":0,
            "대형마트":0,
            "은행":0,
            "병원":0,
            "종합병원":100,
            "공원":0,
            "혐오시설":0,
            "인프라총점":20.0,
            "초등학군":84.73,
            "중학군":54.7,
            "학군총점":60.706,
            "인구수":38.02,
            "인구증감":-14.98,
            "인구총점":22.12,
            "일자리":22.4,
            "소득수준":68.51,
            "일자리총점":36.233,
            "가치 총점":39.2765,
            "매매실거래년":20211202.0,
            "매매실거래가":16000.0,
            "전세실거래년":20211110.0,
            "전세실거래가":16500.0,
            "전세가율":103.12,
            "장기전세가율평균":72.53,
            "전세가율거품지수":-30.59,
            "검색코드":5993,
            "세대수":700.0,
            "준공년월":"1997-05-21",
            "준공년차":26.0,
            "가까운역이름":"NA",
            "가까운역거리":"NA",
            "역세권여부":"NA",
            "30분이내주요거점역":"NA",
            "1시간이내주요거점역":"NA",
            "3km이내백화점수":0,
            "5km이내아울렛몰수":0,
            "1km이내대형먀트수":0,
            "500m이내은행수":1,
            "500m이내병원수":1,
            "5km이내대형병원수":3,
            "500m이내공원수":0,
            "3km이내혐오시설수":0,
            "초등학교학업성취도":84.73,
            "중학교학업성취도":89.9,
            "용적률":0,
            "건폐율":0,
            "Y":35.512688,
            "X":129.313582,
            "rank":131.0,
            "area_info":"23평(78.76), 28평(94.66), 31평(105.46)",
            "last_sales":"2021-12-02,16000.0,23평(78.76)"
        },
        {
            "index":145,
            "아파트명":"삼호",
            "투자타입":"재건축",
            "전용면적(m2)":"80.72",
            "전용면적(평)":"24평",
            "법정동주소":"울산시 남구 무거동 1183-1",
            "도로명주소":"울산시 남구 삼호로 64",
            "세대수":50,
            "입주년차":"--",
            "용적률점수":0,
            "건폐율점수":80,
            "세대당주차수":"--",
            "난방방식":"--",
            "공급면적":50,
            "전용률":60,
            "욕실수":"--",
            "현관타입":"--",
            "주거총점":36.5,
            "지역구공급총점":0.0,
            "역세권":"NA",
            "30분내 이동가능 거점":"NA",
            "1시간내 이동가능 거점":"NA",
            "교통총점":"NA",
            "백화점":0,
            "아울렛몰":0,
            "대형마트":0,
            "은행":0,
            "병원":60,
            "종합병원":100,
            "공원":100,
            "혐오시설":0,
            "인프라총점":29.0,
            "초등학군":81.07,
            "중학군":51.78,
            "학군총점":57.638,
            "인구수":38.02,
            "인구증감":-14.98,
            "인구총점":22.12,
            "일자리":22.4,
            "소득수준":68.51,
            "일자리총점":36.233,
            "가치 총점":38.7845,
            "매매실거래년":20211217.0,
            "매매실거래가":15500.0,
            "전세실거래년":20211115.0,
            "전세실거래가":10000.0,
            "전세가율":64.52,
            "장기전세가율평균":72.53,
            "전세가율거품지수":8.01,
            "검색코드":5915,
            "세대수":400.0,
            "준공년월":"1992-07-14",
            "준공년차":31.0,
            "가까운역이름":"NA",
            "가까운역거리":"NA",
            "역세권여부":"NA",
            "30분이내주요거점역":"NA",
            "1시간이내주요거점역":"NA",
            "3km이내백화점수":0,
            "5km이내아울렛몰수":0,
            "1km이내대형먀트수":0,
            "500m이내은행수":1,
            "500m이내병원수":13,
            "5km이내대형병원수":4,
            "500m이내공원수":8,
            "3km이내혐오시설수":0,
            "초등학교학업성취도":81.07,
            "중학교학업성취도":85.3,
            "용적률":237,
            "건폐율":21,
            "Y":35.549322,
            "X":129.270231,
            "rank":132.0,
            "area_info":"24평(80.72)",
            "last_sales":"2021-12-17,15500.0,24평(80.72)"
        },
        {
            "index":91,
            "아파트명":"한양아이클래스",
            "투자타입":"일반",
            "전용면적(m2)":"88.68",
            "전용면적(평)":"26평",
            "법정동주소":"울산시 남구 매암동 1421",
            "도로명주소":"울산시 남구",
            "세대수":0,
            "입주년차":80,
            "용적률점수":"--",
            "건폐율점수":"--",
            "세대당주차수":30,
            "난방방식":30,
            "공급면적":"--",
            "전용률":"--",
            "욕실수":100,
            "현관타입":100,
            "주거총점":43.5,
            "지역구공급총점":0.0,
            "역세권":"NA",
            "30분내 이동가능 거점":"NA",
            "1시간내 이동가능 거점":"NA",
            "교통총점":"NA",
            "백화점":0,
            "아울렛몰":0,
            "대형마트":0,
            "은행":0,
            "병원":0,
            "종합병원":80,
            "공원":80,
            "혐오시설":0,
            "인프라총점":18.4,
            "초등학군":99.38,
            "중학군":54.78,
            "학군총점":63.7,
            "인구수":38.02,
            "인구증감":-14.98,
            "인구총점":22.12,
            "일자리":22.4,
            "소득수준":68.51,
            "일자리총점":36.233,
            "가치 총점":38.51,
            "매매실거래년":20211017.0,
            "매매실거래가":17500.0,
            "전세실거래년":20201231.0,
            "전세실거래가":14000.0,
            "전세가율":80.0,
            "장기전세가율평균":72.53,
            "전세가율거품지수":-7.47,
            "검색코드":105369,
            "세대수":112.0,
            "준공년월":"2014-11-12",
            "준공년차":9.0,
            "가까운역이름":"NA",
            "가까운역거리":"NA",
            "역세권여부":"NA",
            "30분이내주요거점역":"NA",
            "1시간이내주요거점역":"NA",
            "3km이내백화점수":0,
            "5km이내아울렛몰수":0,
            "1km이내대형먀트수":0,
            "500m이내은행수":1,
            "500m이내병원수":0,
            "5km이내대형병원수":1,
            "500m이내공원수":1,
            "3km이내혐오시설수":0,
            "초등학교학업성취도":99.38,
            "중학교학업성취도":90.3,
            "용적률":623,
            "건폐율":69,
            "Y":35.50396,
            "X":129.380808,
            "rank":133.0,
            "area_info":"26평(88.68), 29평(95.95), 33평(112.36)",
            "last_sales":"2021-10-17,17500.0,26평(88.68)"
        },
        {
            "index":149,
            "아파트명":"신복현대",
            "투자타입":"일반",
            "전용면적(m2)":"84.28",
            "전용면적(평)":"25평",
            "법정동주소":"울산시 남구 무거동 1553",
            "도로명주소":"울산시 남구 신복로72번길 29",
            "세대수":50,
            "입주년차":0,
            "용적률점수":"--",
            "건폐율점수":"--",
            "세대당주차수":0,
            "난방방식":30,
            "공급면적":"--",
            "전용률":"--",
            "욕실수":50,
            "현관타입":10,
            "주거총점":26.5,
            "지역구공급총점":0.0,
            "역세권":"NA",
            "30분내 이동가능 거점":"NA",
            "1시간내 이동가능 거점":"NA",
            "교통총점":"NA",
            "백화점":0,
            "아울렛몰":0,
            "대형마트":80,
            "은행":0,
            "병원":10,
            "종합병원":100,
            "공원":100,
            "혐오시설":0,
            "인프라총점":36.0,
            "초등학군":89.5,
            "중학군":51.78,
            "학군총점":59.324,
            "인구수":38.02,
            "인구증감":-14.98,
            "인구총점":22.12,
            "일자리":22.4,
            "소득수준":68.51,
            "일자리총점":36.233,
            "가치 총점":38.506,
            "매매실거래년":20211230.0,
            "매매실거래가":16400.0,
            "전세실거래년":20211222.0,
            "전세실거래가":14000.0,
            "전세가율":85.37,
            "장기전세가율평균":72.53,
            "전세가율거품지수":-12.84,
            "검색코드":8699,
            "세대수":651.0,
            "준공년월":"1996-04-22",
            "준공년차":27.0,
            "가까운역이름":"NA",
            "가까운역거리":"NA",
            "역세권여부":"NA",
            "30분이내주요거점역":"NA",
            "1시간이내주요거점역":"NA",
            "3km이내백화점수":0,
            "5km이내아울렛몰수":0,
            "1km이내대형먀트수":1,
            "500m이내은행수":0,
            "500m이내병원수":4,
            "5km이내대형병원수":2,
            "500m이내공원수":6,
            "3km이내혐오시설수":0,
            "초등학교학업성취도":89.5,
            "중학교학업성취도":85.3,
            "용적률":330,
            "건폐율":24,
            "Y":35.551467,
            "X":129.253875,
            "rank":134.0,
            "area_info":"25평(84.28)",
            "last_sales":"2021-12-30,16400.0,25평(84.28)"
        },
        {
            "index":629,
            "아파트명":"태양한신",
            "투자타입":"재건축",
            "전용면적(m2)":"105.44",
            "전용면적(평)":"31평",
            "법정동주소":"울산시 남구 야음동 564-1",
            "도로명주소":"울산시 남구 꽃대나리로46번길 38",
            "세대수":0,
            "입주년차":"--",
            "용적률점수":0,
            "건폐율점수":0,
            "세대당주차수":"--",
            "난방방식":"--",
            "공급면적":90,
            "전용률":60,
            "욕실수":"--",
            "현관타입":"--",
            "주거총점":7.5,
            "지역구공급총점":0.0,
            "역세권":"NA",
            "30분내 이동가능 거점":"NA",
            "1시간내 이동가능 거점":"NA",
            "교통총점":"NA",
            "백화점":100,
            "아울렛몰":0,
            "대형마트":0,
            "은행":0,
            "병원":10,
            "종합병원":100,
            "공원":100,
            "혐오시설":0,
            "인프라총점":54.0,
            "초등학군":84.78,
            "중학군":48.64,
            "학군총점":55.868,
            "인구수":38.02,
            "인구증감":-14.98,
            "인구총점":22.12,
            "일자리":22.4,
            "소득수준":68.51,
            "일자리총점":36.233,
            "가치 총점":38.192,
            "매매실거래년":20220107.0,
            "매매실거래가":35000.0,
            "전세실거래년":null,
            "전세실거래가":null,
            "전세가율":null,
            "장기전세가율평균":72.53,
            "전세가율거품지수":null,
            "검색코드":6078,
            "세대수":236.0,
            "준공년월":"1989-12-04",
            "준공년차":34.0,
            "가까운역이름":"NA",
            "가까운역거리":"NA",
            "역세권여부":"NA",
            "30분이내주요거점역":"NA",
            "1시간이내주요거점역":"NA",
            "3km이내백화점수":2,
            "5km이내아울렛몰수":0,
            "1km이내대형먀트수":0,
            "500m이내은행수":0,
            "500m이내병원수":2,
            "5km이내대형병원수":4,
            "500m이내공원수":8,
            "3km이내혐오시설수":0,
            "초등학교학업성취도":84.78,
            "중학교학업성취도":80.2,
            "용적률":0,
            "건폐율":0,
            "Y":35.532018,
            "X":129.333502,
            "rank":135.0,
            "area_info":"31평(105.44), 33평(109.28), 33평(111.33), 54평(181.51)",
            "last_sales":"2022-01-07,35000.0,54평(181.51)"
        },
        {
            "index":710,
            "아파트명":"한양코아",
            "투자타입":"재건축",
            "전용면적(m2)":"77.44",
            "전용면적(평)":"23평",
            "법정동주소":"울산시 남구 옥동 196",
            "도로명주소":"울산시 남구 문수로335번길 20",
            "세대수":0,
            "입주년차":"--",
            "용적률점수":0,
            "건폐율점수":0,
            "세대당주차수":"--",
            "난방방식":"--",
            "공급면적":50,
            "전용률":80,
            "욕실수":"--",
            "현관타입":"--",
            "주거총점":6.5,
            "지역구공급총점":0.0,
            "역세권":"NA",
            "30분내 이동가능 거점":"NA",
            "1시간내 이동가능 거점":"NA",
            "교통총점":"NA",
            "백화점":0,
            "아울렛몰":0,
            "대형마트":100,
            "은행":70,
            "병원":60,
            "종합병원":100,
            "공원":100,
            "혐오시설":0,
            "인프라총점":51.0,
            "초등학군":90.63,
            "중학군":54.62,
            "학군총점":61.822,
            "인구수":38.02,
            "인구증감":-14.98,
            "인구총점":22.12,
            "일자리":22.4,
            "소득수준":68.51,
            "일자리총점":36.233,
            "가치 총점":38.1305,
            "매매실거래년":20211119.0,
            "매매실거래가":35000.0,
            "전세실거래년":20210605.0,
            "전세실거래가":18000.0,
            "전세가율":51.43,
            "장기전세가율평균":72.53,
            "전세가율거품지수":21.1,
            "검색코드":6152,
            "세대수":225.0,
            "준공년월":"1989-11-01",
            "준공년차":34.0,
            "가까운역이름":"NA",
            "가까운역거리":"NA",
            "역세권여부":"NA",
            "30분이내주요거점역":"NA",
            "1시간이내주요거점역":"NA",
            "3km이내백화점수":0,
            "5km이내아울렛몰수":0,
            "1km이내대형먀트수":2,
            "500m이내은행수":4,
            "500m이내병원수":24,
            "5km이내대형병원수":4,
            "500m이내공원수":10,
            "3km이내혐오시설수":0,
            "초등학교학업성취도":90.63,
            "중학교학업성취도":88.7,
            "용적률":0,
            "건폐율":0,
            "Y":35.53713,
            "X":129.29099,
            "rank":136.0,
            "area_info":"23평(77.44), 27평(92.31), 30평(101.92), 43평(144.5), 48평(159.78), 59평(196.27), 66평(218.6)",
            "last_sales":"2021-11-19,35000.0,23평(77.44)"
        },
        {
            "index":486,
            "아파트명":"크로바",
            "투자타입":"재건축",
            "전용면적(m2)":"96.07",
            "전용면적(평)":"29평",
            "법정동주소":"울산시 남구 신정동 1401-15",
            "도로명주소":"울산시 남구 남산로314번길 18",
            "세대수":0,
            "입주년차":"--",
            "용적률점수":0,
            "건폐율점수":0,
            "세대당주차수":"--",
            "난방방식":"--",
            "공급면적":70,
            "전용률":100,
            "욕실수":"--",
            "현관타입":"--",
            "주거총점":8.5,
            "지역구공급총점":0.0,
            "역세권":"NA",
            "30분내 이동가능 거점":"NA",
            "1시간내 이동가능 거점":"NA",
            "교통총점":"NA",
            "백화점":100,
            "아울렛몰":0,
            "대형마트":0,
            "은행":0,
            "병원":10,
            "종합병원":100,
            "공원":100,
            "혐오시설":0,
            "인프라총점":54.0,
            "초등학군":83.53,
            "중학군":44.56,
            "학군총점":52.354,
            "인구수":38.02,
            "인구증감":-14.98,
            "인구총점":22.12,
            "일자리":22.4,
            "소득수준":68.51,
            "일자리총점":36.233,
            "가치 총점":37.6635,
            "매매실거래년":20211018.0,
            "매매실거래가":20000.0,
            "전세실거래년":20200407.0,
            "전세실거래가":13000.0,
            "전세가율":65.0,
            "장기전세가율평균":72.53,
            "전세가율거품지수":7.53,
            "검색코드":6036,
            "세대수":233.0,
            "준공년월":"1989-04-13",
            "준공년차":34.0,
            "가까운역이름":"NA",
            "가까운역거리":"NA",
            "역세권여부":"NA",
            "30분이내주요거점역":"NA",
            "1시간이내주요거점역":"NA",
            "3km이내백화점수":1,
            "5km이내아울렛몰수":0,
            "1km이내대형먀트수":0,
            "500m이내은행수":0,
            "500m이내병원수":4,
            "5km이내대형병원수":5,
            "500m이내공원수":2,
            "3km이내혐오시설수":0,
            "초등학교학업성취도":83.53,
            "중학교학업성취도":73.4,
            "용적률":0,
            "건폐율":0,
            "Y":35.545474,
            "X":129.304776,
            "rank":137.0,
            "area_info":"29평(96.07), 30평(101.32), 31평(103.49), 53평(178.51)",
            "last_sales":"2021-10-18,20000.0,29평(96.07)"
        },
        {
            "index":427,
            "아파트명":"신정수필",
            "투자타입":"재건축",
            "전용면적(m2)":"79.34",
            "전용면적(평)":"24평",
            "법정동주소":"울산시 남구 신정동 1626",
            "도로명주소":"울산시 남구 동산로29번길 15",
            "세대수":0,
            "입주년차":"--",
            "용적률점수":0,
            "건폐율점수":0,
            "세대당주차수":"--",
            "난방방식":"--",
            "공급면적":50,
            "전용률":100,
            "욕실수":"--",
            "현관타입":"--",
            "주거총점":7.5,
            "지역구공급총점":0.0,
            "역세권":"NA",
            "30분내 이동가능 거점":"NA",
            "1시간내 이동가능 거점":"NA",
            "교통총점":"NA",
            "백화점":0,
            "아울렛몰":0,
            "대형마트":100,
            "은행":20,
            "병원":60,
            "종합병원":100,
            "공원":100,
            "혐오시설":0,
            "인프라총점":46.0,
            "초등학군":94.64,
            "중학군":58.84,
            "학군총점":66.0,
            "인구수":38.02,
            "인구증감":-14.98,
            "인구총점":22.12,
            "일자리":22.4,
            "소득수준":68.51,
            "일자리총점":36.233,
            "가치 총점":37.525,
            "매매실거래년":20201028.0,
            "매매실거래가":72000.0,
            "전세실거래년":20220107.0,
            "전세실거래가":20000.0,
            "전세가율":27.78,
            "장기전세가율평균":72.53,
            "전세가율거품지수":44.75,
            "검색코드":105135,
            "세대수":120.0,
            "준공년월":"1980-02-06",
            "준공년차":43.0,
            "가까운역이름":"NA",
            "가까운역거리":"NA",
            "역세권여부":"NA",
            "30분이내주요거점역":"NA",
            "1시간이내주요거점역":"NA",
            "3km이내백화점수":0,
            "5km이내아울렛몰수":0,
            "1km이내대형먀트수":2,
            "500m이내은행수":2,
            "500m이내병원수":12,
            "5km이내대형병원수":4,
            "500m이내공원수":12,
            "3km이내혐오시설수":0,
            "초등학교학업성취도":94.64,
            "중학교학업성취도":96.0,
            "용적률":0,
            "건폐율":0,
            "Y":35.537203,
            "X":129.299448,
            "rank":138.0,
            "area_info":"24평(79.34)",
            "last_sales":"2020-10-28,72000.0,24평(79.34)"
        },
        {
            "index":668,
            "아파트명":"도성타운",
            "투자타입":"재건축",
            "전용면적(m2)":"78.59",
            "전용면적(평)":"23평",
            "법정동주소":"울산시 남구 옥동 1385-4",
            "도로명주소":"울산시 남구 문수로369번길 59",
            "세대수":50,
            "입주년차":"--",
            "용적률점수":0,
            "건폐율점수":0,
            "세대당주차수":"--",
            "난방방식":"--",
            "공급면적":50,
            "전용률":60,
            "욕실수":"--",
            "현관타입":"--",
            "주거총점":20.5,
            "지역구공급총점":0.0,
            "역세권":"NA",
            "30분내 이동가능 거점":"NA",
            "1시간내 이동가능 거점":"NA",
            "교통총점":"NA",
            "백화점":0,
            "아울렛몰":0,
            "대형마트":100,
            "은행":0,
            "병원":0,
            "종합병원":100,
            "공원":100,
            "혐오시설":0,
            "인프라총점":38.0,
            "초등학군":83.43,
            "중학군":54.62,
            "학군총점":60.382,
            "인구수":38.02,
            "인구증감":-14.98,
            "인구총점":22.12,
            "일자리":22.4,
            "소득수준":68.51,
            "일자리총점":36.233,
            "가치 총점":37.4705,
            "매매실거래년":20210830.0,
            "매매실거래가":29500.0,
            "전세실거래년":20210501.0,
            "전세실거래가":9000.0,
            "전세가율":45.0,
            "장기전세가율평균":72.53,
            "전세가율거품지수":27.53,
            "검색코드":6108,
            "세대수":516.0,
            "준공년월":"1991-04-06",
            "준공년차":32.0,
            "가까운역이름":"NA",
            "가까운역거리":"NA",
            "역세권여부":"NA",
            "30분이내주요거점역":"NA",
            "1시간이내주요거점역":"NA",
            "3km이내백화점수":0,
            "5km이내아울렛몰수":0,
            "1km이내대형먀트수":2,
            "500m이내은행수":0,
            "500m이내병원수":1,
            "5km이내대형병원수":4,
            "500m이내공원수":8,
            "3km이내혐오시설수":0,
            "초등학교학업성취도":83.43,
            "중학교학업성취도":88.7,
            "용적률":0,
            "건폐율":0,
            "Y":35.539288,
            "X":129.296659,
            "rank":139.0,
            "area_info":"23평(78.59), 25평(82.87), 30평(101.96), 32평(106.66), 32평(106.02)",
            "last_sales":"2021-08-30,29500.0,32평(106.02)"
        },
        {
            "index":297,
            "아파트명":"한신청실맨션",
            "투자타입":"재건축",
            "전용면적(m2)":"72.62",
            "전용면적(평)":"21평",
            "법정동주소":"울산시 남구 선암동 677-6",
            "도로명주소":"울산시 남구 두왕로190번길 23",
            "세대수":0,
            "입주년차":"--",
            "용적률점수":0,
            "건폐율점수":0,
            "세대당주차수":"--",
            "난방방식":"--",
            "공급면적":50,
            "전용률":80,
            "욕실수":"--",
            "현관타입":"--",
            "주거총점":6.5,
            "지역구공급총점":0.0,
            "역세권":"NA",
            "30분내 이동가능 거점":"NA",
            "1시간내 이동가능 거점":"NA",
            "교통총점":"NA",
            "백화점":100,
            "아울렛몰":0,
            "대형마트":0,
            "은행":0,
            "병원":0,
            "종합병원":100,
            "공원":0,
            "혐오시설":0,
            "인프라총점":50.0,
            "초등학군":84.73,
            "중학군":54.7,
            "학군총점":60.706,
            "인구수":38.02,
            "인구증감":-14.98,
            "인구총점":22.12,
            "일자리":22.4,
            "소득수준":68.51,
            "일자리총점":36.233,
            "가치 총점":37.4515,
            "매매실거래년":20220101.0,
            "매매실거래가":12500.0,
            "전세실거래년":20211023.0,
            "전세실거래가":10000.0,
            "전세가율":80.0,
            "장기전세가율평균":72.53,
            "전세가율거품지수":-7.47,
            "검색코드":14623,
            "세대수":120.0,
            "준공년월":"1989-11-06",
            "준공년차":34.0,
            "가까운역이름":"NA",
            "가까운역거리":"NA",
            "역세권여부":"NA",
            "30분이내주요거점역":"NA",
            "1시간이내주요거점역":"NA",
            "3km이내백화점수":1,
            "5km이내아울렛몰수":0,
            "1km이내대형먀트수":0,
            "500m이내은행수":0,
            "500m이내병원수":1,
            "5km이내대형병원수":3,
            "500m이내공원수":0,
            "3km이내혐오시설수":0,
            "초등학교학업성취도":84.73,
            "중학교학업성취도":89.9,
            "용적률":0,
            "건폐율":0,
            "Y":35.51936,
            "X":129.31446,
            "rank":140.0,
            "area_info":"21평(72.62), 28평(93.12)",
            "last_sales":"2022-01-01,12500.0,21평(72.62)"
        },
        {
            "index":293,
            "아파트명":"한라전원",
            "투자타입":"재건축",
            "전용면적(m2)":"64.27",
            "전용면적(평)":"19평",
            "법정동주소":"울산시 남구 선암동 679-3",
            "도로명주소":"울산시 남구 두왕로 194",
            "세대수":0,
            "입주년차":"--",
            "용적률점수":0,
            "건폐율점수":0,
            "세대당주차수":"--",
            "난방방식":"--",
            "공급면적":50,
            "전용률":80,
            "욕실수":"--",
            "현관타입":"--",
            "주거총점":6.5,
            "지역구공급총점":0.0,
            "역세권":"NA",
            "30분내 이동가능 거점":"NA",
            "1시간내 이동가능 거점":"NA",
            "교통총점":"NA",
            "백화점":100,
            "아울렛몰":0,
            "대형마트":0,
            "은행":0,
            "병원":0,
            "종합병원":100,
            "공원":0,
            "혐오시설":0,
            "인프라총점":50.0,
            "초등학군":84.73,
            "중학군":54.7,
            "학군총점":60.706,
            "인구수":38.02,
            "인구증감":-14.98,
            "인구총점":22.12,
            "일자리":22.4,
            "소득수준":68.51,
            "일자리총점":36.233,
            "가치 총점":37.4515,
            "매매실거래년":20211011.0,
            "매매실거래가":16300.0,
            "전세실거래년":20210513.0,
            "전세실거래가":8000.0,
            "전세가율":60.15,
            "장기전세가율평균":72.53,
            "전세가율거품지수":12.38,
            "검색코드":14621,
            "세대수":180.0,
            "준공년월":"1988-02-10",
            "준공년차":35.0,
            "가까운역이름":"NA",
            "가까운역거리":"NA",
            "역세권여부":"NA",
            "30분이내주요거점역":"NA",
            "1시간이내주요거점역":"NA",
            "3km이내백화점수":1,
            "5km이내아울렛몰수":0,
            "1km이내대형먀트수":0,
            "500m이내은행수":0,
            "500m이내병원수":1,
            "5km이내대형병원수":3,
            "500m이내공원수":0,
            "3km이내혐오시설수":0,
            "초등학교학업성취도":84.73,
            "중학교학업성취도":89.9,
            "용적률":0,
            "건폐율":0,
            "Y":35.519717,
            "X":129.313697,
            "rank":140.0,
            "area_info":"19평(64.27), 19평(65.72), 22평(73.75), 22평(75.11)",
            "last_sales":"2021-10-11,16300.0,22평(75.11)"
        },
        {
            "index":299,
            "아파트명":"한양",
            "투자타입":"재건축",
            "전용면적(m2)":"50.28",
            "전용면적(평)":"15평",
            "법정동주소":"울산시 남구 선암동 167",
            "도로명주소":"울산시 남구 산업로339번길 36",
            "세대수":0,
            "입주년차":"--",
            "용적률점수":0,
            "건폐율점수":0,
            "세대당주차수":"--",
            "난방방식":"--",
            "공급면적":50,
            "전용률":80,
            "욕실수":"--",
            "현관타입":"--",
            "주거총점":6.5,
            "지역구공급총점":0.0,
            "역세권":"NA",
            "30분내 이동가능 거점":"NA",
            "1시간내 이동가능 거점":"NA",
            "교통총점":"NA",
            "백화점":100,
            "아울렛몰":0,
            "대형마트":0,
            "은행":0,
            "병원":10,
            "종합병원":100,
            "공원":0,
            "혐오시설":0,
            "인프라총점":51.0,
            "초등학군":84.23,
            "중학군":49.18,
            "학군총점":56.19,
            "인구수":38.02,
            "인구증감":-14.98,
            "인구총점":22.12,
            "일자리":22.4,
            "소득수준":68.51,
            "일자리총점":36.233,
            "가치 총점":36.7225,
            "매매실거래년":20211222.0,
            "매매실거래가":17300.0,
            "전세실거래년":20210316.0,
            "전세실거래가":9500.0,
            "전세가율":54.91,
            "장기전세가율평균":72.53,
            "전세가율거품지수":17.62,
            "검색코드":108098,
            "세대수":195.0,
            "준공년월":"1985-05-31",
            "준공년차":38.0,
            "가까운역이름":"NA",
            "가까운역거리":"NA",
            "역세권여부":"NA",
            "30분이내주요거점역":"NA",
            "1시간이내주요거점역":"NA",
            "3km이내백화점수":2,
            "5km이내아울렛몰수":0,
            "1km이내대형먀트수":0,
            "500m이내은행수":0,
            "500m이내병원수":2,
            "5km이내대형병원수":2,
            "500m이내공원수":0,
            "3km이내혐오시설수":0,
            "초등학교학업성취도":84.23,
            "중학교학업성취도":81.1,
            "용적률":0,
            "건폐율":0,
            "Y":35.516843,
            "X":129.337319,
            "rank":141.0,
            "area_info":"15평(50.28), 17평(56.22)",
            "last_sales":"2021-12-22,17300.0,15평(50.28)"
        },
        {
            "index":190,
            "아파트명":"현대프리빌",
            "투자타입":"일반",
            "전용면적(m2)":"44.27",
            "전용면적(평)":"13평",
            "법정동주소":"울산시 남구 무거동 1532-1",
            "도로명주소":"울산시 남구 신복로22번길 28",
            "세대수":0,
            "입주년차":20,
            "용적률점수":"--",
            "건폐율점수":"--",
            "세대당주차수":0,
            "난방방식":30,
            "공급면적":"--",
            "전용률":"--",
            "욕실수":50,
            "현관타입":10,
            "주거총점":13.0,
            "지역구공급총점":0.0,
            "역세권":"NA",
            "30분내 이동가능 거점":"NA",
            "1시간내 이동가능 거점":"NA",
            "교통총점":"NA",
            "백화점":0,
            "아울렛몰":0,
            "대형마트":80,
            "은행":20,
            "병원":60,
            "종합병원":100,
            "공원":100,
            "혐오시설":0,
            "인프라총점":43.0,
            "초등학군":88.57,
            "중학군":51.78,
            "학군총점":59.138,
            "인구수":38.02,
            "인구증감":-14.98,
            "인구총점":22.12,
            "일자리":22.4,
            "소득수준":68.51,
            "일자리총점":36.233,
            "가치 총점":36.5345,
            "매매실거래년":20211016.0,
            "매매실거래가":8900.0,
            "전세실거래년":20211007.0,
            "전세실거래가":6000.0,
            "전세가율":67.42,
            "장기전세가율평균":72.53,
            "전세가율거품지수":5.11,
            "검색코드":101568,
            "세대수":135.0,
            "준공년월":"2003-10-29",
            "준공년차":20.0,
            "가까운역이름":"NA",
            "가까운역거리":"NA",
            "역세권여부":"NA",
            "30분이내주요거점역":"NA",
            "1시간이내주요거점역":"NA",
            "3km이내백화점수":0,
            "5km이내아울렛몰수":0,
            "1km이내대형먀트수":1,
            "500m이내은행수":2,
            "500m이내병원수":13,
            "5km이내대형병원수":3,
            "500m이내공원수":16,
            "3km이내혐오시설수":0,
            "초등학교학업성취도":88.57,
            "중학교학업성취도":85.3,
            "용적률":410,
            "건폐율":56,
            "Y":35.550905,
            "X":129.259315,
            "rank":142.0,
            "area_info":"13평(44.27)",
            "last_sales":"2021-10-16,8900.0,13평(44.27)"
        },
        {
            "index":122,
            "아파트명":"무거한라1차",
            "투자타입":"일반",
            "전용면적(m2)":"78.68",
            "전용면적(평)":"23평",
            "법정동주소":"울산시 남구 무거동 1535-1",
            "도로명주소":"울산시 남구 신복로46번길 26",
            "세대수":0,
            "입주년차":0,
            "용적률점수":"--",
            "건폐율점수":"--",
            "세대당주차수":0,
            "난방방식":30,
            "공급면적":"--",
            "전용률":"--",
            "욕실수":50,
            "현관타입":100,
            "주거총점":18.0,
            "지역구공급총점":0.0,
            "역세권":"NA",
            "30분내 이동가능 거점":"NA",
            "1시간내 이동가능 거점":"NA",
            "교통총점":"NA",
            "백화점":0,
            "아울렛몰":0,
            "대형마트":80,
            "은행":0,
            "병원":30,
            "종합병원":100,
            "공원":100,
            "혐오시설":0,
            "인프라총점":38.0,
            "초등학군":89.5,
            "중학군":51.78,
            "학군총점":59.324,
            "인구수":38.02,
            "인구증감":-14.98,
            "인구총점":22.12,
            "일자리":22.4,
            "소득수준":68.51,
            "일자리총점":36.233,
            "가치 총점":36.331,
            "매매실거래년":20211029.0,
            "매매실거래가":18000.0,
            "전세실거래년":20211208.0,
            "전세실거래가":18000.0,
            "전세가율":100.0,
            "장기전세가율평균":72.53,
            "전세가율거품지수":-27.47,
            "검색코드":5933,
            "세대수":194.0,
            "준공년월":"1996-01-04",
            "준공년차":27.0,
            "가까운역이름":"NA",
            "가까운역거리":"NA",
            "역세권여부":"NA",
            "30분이내주요거점역":"NA",
            "1시간이내주요거점역":"NA",
            "3km이내백화점수":0,
            "5km이내아울렛몰수":0,
            "1km이내대형먀트수":1,
            "500m이내은행수":0,
            "500m이내병원수":7,
            "5km이내대형병원수":3,
            "500m이내공원수":14,
            "3km이내혐오시설수":0,
            "초등학교학업성취도":89.5,
            "중학교학업성취도":85.3,
            "용적률":389,
            "건폐율":30,
            "Y":35.55139,
            "X":129.25869,
            "rank":143.0,
            "area_info":"23평(78.68), 32평(106.21)",
            "last_sales":"2021-10-29,18000.0,23평(78.68)"
        },
        {
            "index":682,
            "아파트명":"서강파크2차",
            "투자타입":"재건축",
            "전용면적(m2)":"122.31",
            "전용면적(평)":"36평",
            "법정동주소":"울산시 남구 옥동 185",
            "도로명주소":"울산시 남구 은월로2번길 39",
            "세대수":0,
            "입주년차":"--",
            "용적률점수":0,
            "건폐율점수":0,
            "세대당주차수":"--",
            "난방방식":"--",
            "공급면적":100,
            "전용률":40,
            "욕실수":"--",
            "현관타입":"--",
            "주거총점":7.0,
            "지역구공급총점":0.0,
            "역세권":"NA",
            "30분내 이동가능 거점":"NA",
            "1시간내 이동가능 거점":"NA",
            "교통총점":"NA",
            "백화점":0,
            "아울렛몰":0,
            "대형마트":100,
            "은행":20,
            "병원":60,
            "종합병원":100,
            "공원":100,
            "혐오시설":0,
            "인프라총점":46.0,
            "초등학군":90.63,
            "중학군":54.62,
            "학군총점":61.822,
            "인구수":38.02,
            "인구증감":-14.98,
            "인구총점":22.12,
            "일자리":22.4,
            "소득수준":68.51,
            "일자리총점":36.233,
            "가치 총점":36.3055,
            "매매실거래년":20220104.0,
            "매매실거래가":36000.0,
            "전세실거래년":20211216.0,
            "전세실거래가":25000.0,
            "전세가율":69.44,
            "장기전세가율평균":72.53,
            "전세가율거품지수":3.09,
            "검색코드":6118,
            "세대수":299.0,
            "준공년월":"1989-05-19",
            "준공년차":34.0,
            "가까운역이름":"NA",
            "가까운역거리":"NA",
            "역세권여부":"NA",
            "30분이내주요거점역":"NA",
            "1시간이내주요거점역":"NA",
            "3km이내백화점수":0,
            "5km이내아울렛몰수":0,
            "1km이내대형먀트수":2,
            "500m이내은행수":2,
            "500m이내병원수":14,
            "5km이내대형병원수":4,
            "500m이내공원수":6,
            "3km이내혐오시설수":0,
            "초등학교학업성취도":90.63,
            "중학교학업성취도":88.7,
            "용적률":0,
            "건폐율":0,
            "Y":35.538801,
            "X":129.289235,
            "rank":144.0,
            "area_info":"36평(122.31)",
            "last_sales":"2022-01-04,36000.0,36평(122.31)"
        },
        {
            "index":150,
            "아파트명":"신세대2차",
            "투자타입":"일반",
            "전용면적(m2)":"70.12",
            "전용면적(평)":"21평",
            "법정동주소":"울산시 남구 무거동 1520-13",
            "도로명주소":"울산시 남구 대학로147번길 56",
            "세대수":0,
            "입주년차":0,
            "용적률점수":"--",
            "건폐율점수":"--",
            "세대당주차수":0,
            "난방방식":30,
            "공급면적":"--",
            "전용률":"--",
            "욕실수":50,
            "현관타입":100,
            "주거총점":18.0,
            "지역구공급총점":0.0,
            "역세권":"NA",
            "30분내 이동가능 거점":"NA",
            "1시간내 이동가능 거점":"NA",
            "교통총점":"NA",
            "백화점":0,
            "아울렛몰":0,
            "대형마트":80,
            "은행":0,
            "병원":30,
            "종합병원":100,
            "공원":100,
            "혐오시설":0,
            "인프라총점":38.0,
            "초등학군":88.57,
            "중학군":51.78,
            "학군총점":59.138,
            "인구수":38.02,
            "인구증감":-14.98,
            "인구총점":22.12,
            "일자리":22.4,
            "소득수준":68.51,
            "일자리총점":36.233,
            "가치 총점":36.2845,
            "매매실거래년":20211212.0,
            "매매실거래가":15800.0,
            "전세실거래년":20201211.0,
            "전세실거래가":12500.0,
            "전세가율":79.11,
            "장기전세가율평균":72.53,
            "전세가율거품지수":-6.58,
            "검색코드":8701,
            "세대수":104.0,
            "준공년월":"1996-05-16",
            "준공년차":27.0,
            "가까운역이름":"NA",
            "가까운역거리":"NA",
            "역세권여부":"NA",
            "30분이내주요거점역":"NA",
            "1시간이내주요거점역":"NA",
            "3km이내백화점수":0,
            "5km이내아울렛몰수":0,
            "1km이내대형먀트수":1,
            "500m이내은행수":0,
            "500m이내병원수":9,
            "5km이내대형병원수":3,
            "500m이내공원수":12,
            "3km이내혐오시설수":0,
            "초등학교학업성취도":88.57,
            "중학교학업성취도":85.3,
            "용적률":431,
            "건폐율":47,
            "Y":35.55224,
            "X":129.25938,
            "rank":145.0,
            "area_info":"21평(70.12), 29평(96.72)",
            "last_sales":"2021-12-12,15800.0,21평(70.12)"
        },
        {
            "index":101,
            "아파트명":"남운그린힐",
            "투자타입":"재건축",
            "전용면적(m2)":"55.99",
            "전용면적(평)":"16평",
            "법정동주소":"울산시 남구 무거동 927-6",
            "도로명주소":"울산시 남구 신복로79번길 8",
            "세대수":30,
            "입주년차":"--",
            "용적률점수":0,
            "건폐율점수":0,
            "세대당주차수":"--",
            "난방방식":"--",
            "공급면적":50,
            "전용률":80,
            "욕실수":"--",
            "현관타입":"--",
            "주거총점":15.5,
            "지역구공급총점":0.0,
            "역세권":"NA",
            "30분내 이동가능 거점":"NA",
            "1시간내 이동가능 거점":"NA",
            "교통총점":"NA",
            "백화점":0,
            "아울렛몰":0,
            "대형마트":80,
            "은행":0,
            "병원":10,
            "종합병원":100,
            "공원":100,
            "혐오시설":0,
            "인프라총점":36.0,
            "초등학군":88.57,
            "중학군":58.1,
            "학군총점":64.194,
            "인구수":38.02,
            "인구증감":-14.98,
            "인구총점":22.12,
            "일자리":22.4,
            "소득수준":68.51,
            "일자리총점":36.233,
            "가치 총점":35.8735,
            "매매실거래년":20211218.0,
            "매매실거래가":11200.0,
            "전세실거래년":20210304.0,
            "전세실거래가":9000.0,
            "전세가율":120.0,
            "장기전세가율평균":72.53,
            "전세가율거품지수":-47.47,
            "검색코드":5897,
            "세대수":315.0,
            "준공년월":"1988-05-10",
            "준공년차":35.0,
            "가까운역이름":"NA",
            "가까운역거리":"NA",
            "역세권여부":"NA",
            "30분이내주요거점역":"NA",
            "1시간이내주요거점역":"NA",
            "3km이내백화점수":0,
            "5km이내아울렛몰수":0,
            "1km이내대형먀트수":1,
            "500m이내은행수":0,
            "500m이내병원수":3,
            "5km이내대형병원수":2,
            "500m이내공원수":4,
            "3km이내혐오시설수":0,
            "초등학교학업성취도":88.57,
            "중학교학업성취도":95.7,
            "용적률":0,
            "건폐율":0,
            "Y":35.549129,
            "X":129.25331,
            "rank":146.0,
            "area_info":"16평(55.99), 18평(61.84), 19평(64.93), 20평(68.02)",
            "last_sales":"2021-12-18,11200.0,20평(68.02)"
        },
        {
            "index":152,
            "아파트명":"쌍용스윗닷홈",
            "투자타입":"일반",
            "전용면적(m2)":"109.12",
            "전용면적(평)":"33평",
            "법정동주소":"울산시 남구 무거동 835",
            "도로명주소":"울산시 남구 신복로35번길 6",
            "세대수":0,
            "입주년차":20,
            "용적률점수":"--",
            "건폐율점수":"--",
            "세대당주차수":0,
            "난방방식":30,
            "공급면적":"--",
            "전용률":"--",
            "욕실수":100,
            "현관타입":100,
            "주거총점":27.0,
            "지역구공급총점":0.0,
            "역세권":"NA",
            "30분내 이동가능 거점":"NA",
            "1시간내 이동가능 거점":"NA",
            "교통총점":"NA",
            "백화점":0,
            "아울렛몰":0,
            "대형마트":0,
            "은행":0,
            "병원":60,
            "종합병원":100,
            "공원":100,
            "혐오시설":0,
            "인프라총점":29.0,
            "초등학군":88.57,
            "중학군":51.78,
            "학군총점":59.138,
            "인구수":38.02,
            "인구증감":-14.98,
            "인구총점":22.12,
            "일자리":22.4,
            "소득수준":68.51,
            "일자리총점":36.233,
            "가치 총점":35.8345,
            "매매실거래년":20211030.0,
            "매매실거래가":42800.0,
            "전세실거래년":null,
            "전세실거래가":null,
            "전세가율":null,
            "장기전세가율평균":72.53,
            "전세가율거품지수":null,
            "검색코드":13817,
            "세대수":161.0,
            "준공년월":"2002-08-14",
            "준공년차":21.0,
            "가까운역이름":"NA",
            "가까운역거리":"NA",
            "역세권여부":"NA",
            "30분이내주요거점역":"NA",
            "1시간이내주요거점역":"NA",
            "3km이내백화점수":0,
            "5km이내아울렛몰수":0,
            "1km이내대형먀트수":0,
            "500m이내은행수":1,
            "500m이내병원수":26,
            "5km이내대형병원수":3,
            "500m이내공원수":10,
            "3km이내혐오시설수":0,
            "초등학교학업성취도":88.57,
            "중학교학업성취도":85.3,
            "용적률":0,
            "건폐율":0,
            "Y":35.548486,
            "X":129.25706,
            "rank":147.0,
            "area_info":"33평(109.12), 43평(142.67)",
            "last_sales":"2021-10-30,42800.0,43평(142.67)"
        },
        {
            "index":639,
            "아파트명":"고려청구파크",
            "투자타입":"재건축",
            "전용면적(m2)":"95.11",
            "전용면적(평)":"28평",
            "법정동주소":"울산시 남구 옥동 183",
            "도로명주소":"울산시 남구 문수로335번길 53",
            "세대수":0,
            "입주년차":"--",
            "용적률점수":0,
            "건폐율점수":0,
            "세대당주차수":"--",
            "난방방식":"--",
            "공급면적":70,
            "전용률":80,
            "욕실수":"--",
            "현관타입":"--",
            "주거총점":7.5,
            "지역구공급총점":0.0,
            "역세권":"NA",
            "30분내 이동가능 거점":"NA",
            "1시간내 이동가능 거점":"NA",
            "교통총점":"NA",
            "백화점":0,
            "아울렛몰":0,
            "대형마트":100,
            "은행":0,
            "병원":60,
            "종합병원":100,
            "공원":100,
            "혐오시설":0,
            "인프라총점":44.0,
            "초등학군":90.63,
            "중학군":54.62,
            "학군총점":61.822,
            "인구수":38.02,
            "인구증감":-14.98,
            "인구총점":22.12,
            "일자리":22.4,
            "소득수준":68.51,
            "일자리총점":36.233,
            "가치 총점":35.6805,
            "매매실거래년":20210830.0,
            "매매실거래가":29000.0,
            "전세실거래년":20211028.0,
            "전세실거래가":25000.0,
            "전세가율":86.21,
            "장기전세가율평균":72.53,
            "전세가율거품지수":-13.68,
            "검색코드":6096,
            "세대수":143.0,
            "준공년월":"1991-09-14",
            "준공년차":32.0,
            "가까운역이름":"NA",
            "가까운역거리":"NA",
            "역세권여부":"NA",
            "30분이내주요거점역":"NA",
            "1시간이내주요거점역":"NA",
            "3km이내백화점수":0,
            "5km이내아울렛몰수":0,
            "1km이내대형먀트수":2,
            "500m이내은행수":1,
            "500m이내병원수":11,
            "5km이내대형병원수":4,
            "500m이내공원수":6,
            "3km이내혐오시설수":0,
            "초등학교학업성취도":90.63,
            "중학교학업성취도":88.7,
            "용적률":0,
            "건폐율":0,
            "Y":35.539598,
            "X":129.289629,
            "rank":148.0,
            "area_info":"28평(95.11)",
            "last_sales":"2021-08-30,29000.0,28평(95.11)"
        },
        {
            "index":141,
            "아파트명":"삼익",
            "투자타입":"일반",
            "전용면적(m2)":"70.39",
            "전용면적(평)":"21평",
            "법정동주소":"울산시 남구 무거동 1537",
            "도로명주소":"울산시 남구 장검1길 21-59",
            "세대수":0,
            "입주년차":0,
            "용적률점수":"--",
            "건폐율점수":"--",
            "세대당주차수":0,
            "난방방식":30,
            "공급면적":"--",
            "전용률":"--",
            "욕실수":50,
            "현관타입":100,
            "주거총점":18.0,
            "지역구공급총점":0.0,
            "역세권":"NA",
            "30분내 이동가능 거점":"NA",
            "1시간내 이동가능 거점":"NA",
            "교통총점":"NA",
            "백화점":0,
            "아울렛몰":0,
            "대형마트":80,
            "은행":0,
            "병원":10,
            "종합병원":100,
            "공원":100,
            "혐오시설":0,
            "인프라총점":36.0,
            "초등학군":89.5,
            "중학군":51.78,
            "학군총점":59.324,
            "인구수":38.02,
            "인구증감":-14.98,
            "인구총점":22.12,
            "일자리":22.4,
            "소득수준":68.51,
            "일자리총점":36.233,
            "가치 총점":35.531,
            "매매실거래년":20211120.0,
            "매매실거래가":32500.0,
            "전세실거래년":20211015.0,
            "전세실거래가":12000.0,
            "전세가율":66.67,
            "장기전세가율평균":72.53,
            "전세가율거품지수":5.86,
            "검색코드":5911,
            "세대수":135.0,
            "준공년월":"1996-07-29",
            "준공년차":27.0,
            "가까운역이름":"NA",
            "가까운역거리":"NA",
            "역세권여부":"NA",
            "30분이내주요거점역":"NA",
            "1시간이내주요거점역":"NA",
            "3km이내백화점수":0,
            "5km이내아울렛몰수":0,
            "1km이내대형먀트수":1,
            "500m이내은행수":0,
            "500m이내병원수":4,
            "5km이내대형병원수":3,
            "500m이내공원수":10,
            "3km이내혐오시설수":0,
            "초등학교학업성취도":89.5,
            "중학교학업성취도":85.3,
            "용적률":341,
            "건폐율":36,
            "Y":35.552631,
            "X":129.258074,
            "rank":149.0,
            "area_info":"21평(70.39), 29평(97.68), 30평(100.23), 39평(132.05)",
            "last_sales":"2021-11-20,32500.0,39평(132.05)"
        },
        {
            "index":105,
            "아파트명":"동서그린맨션",
            "투자타입":"일반",
            "전용면적(m2)":"72.77",
            "전용면적(평)":"22평",
            "법정동주소":"울산시 남구 무거동 1549-2",
            "도로명주소":"울산시 남구 신복로46번길 35-37",
            "세대수":0,
            "입주년차":0,
            "용적률점수":"--",
            "건폐율점수":"--",
            "세대당주차수":0,
            "난방방식":30,
            "공급면적":"--",
            "전용률":"--",
            "욕실수":50,
            "현관타입":100,
            "주거총점":18.0,
            "지역구공급총점":0.0,
            "역세권":"NA",
            "30분내 이동가능 거점":"NA",
            "1시간내 이동가능 거점":"NA",
            "교통총점":"NA",
            "백화점":0,
            "아울렛몰":0,
            "대형마트":80,
            "은행":0,
            "병원":10,
            "종합병원":100,
            "공원":100,
            "혐오시설":0,
            "인프라총점":36.0,
            "초등학군":89.5,
            "중학군":51.78,
            "학군총점":59.324,
            "인구수":38.02,
            "인구증감":-14.98,
            "인구총점":22.12,
            "일자리":22.4,
            "소득수준":68.51,
            "일자리총점":36.233,
            "가치 총점":35.531,
            "매매실거래년":20211115.0,
            "매매실거래가":17900.0,
            "전세실거래년":20211204.0,
            "전세실거래가":17000.0,
            "전세가율":94.97,
            "장기전세가율평균":72.53,
            "전세가율거품지수":-22.44,
            "검색코드":8695,
            "세대수":172.0,
            "준공년월":"1996-02-13",
            "준공년차":27.0,
            "가까운역이름":"NA",
            "가까운역거리":"NA",
            "역세권여부":"NA",
            "30분이내주요거점역":"NA",
            "1시간이내주요거점역":"NA",
            "3km이내백화점수":0,
            "5km이내아울렛몰수":0,
            "1km이내대형먀트수":1,
            "500m이내은행수":0,
            "500m이내병원수":4,
            "5km이내대형병원수":3,
            "500m이내공원수":6,
            "3km이내혐오시설수":0,
            "초등학교학업성취도":89.5,
            "중학교학업성취도":85.3,
            "용적률":381,
            "건폐율":30,
            "Y":35.551895,
            "X":129.256033,
            "rank":149.0,
            "area_info":"22평(72.77), 30평(100.76)",
            "last_sales":"2021-11-15,17900.0,22평(72.77)"
        },
        {
            "index":128,
            "아파트명":"무거한라4차",
            "투자타입":"일반",
            "전용면적(m2)":"74.12",
            "전용면적(평)":"22평",
            "법정동주소":"울산시 남구 무거동 1539",
            "도로명주소":"울산시 남구 대학로147번길 89",
            "세대수":0,
            "입주년차":0,
            "용적률점수":"--",
            "건폐율점수":"--",
            "세대당주차수":0,
            "난방방식":30,
            "공급면적":"--",
            "전용률":"--",
            "욕실수":50,
            "현관타입":100,
            "주거총점":18.0,
            "지역구공급총점":0.0,
            "역세권":"NA",
            "30분내 이동가능 거점":"NA",
            "1시간내 이동가능 거점":"NA",
            "교통총점":"NA",
            "백화점":0,
            "아울렛몰":0,
            "대형마트":80,
            "은행":0,
            "병원":10,
            "종합병원":100,
            "공원":100,
            "혐오시설":0,
            "인프라총점":36.0,
            "초등학군":89.5,
            "중학군":51.78,
            "학군총점":59.324,
            "인구수":38.02,
            "인구증감":-14.98,
            "인구총점":22.12,
            "일자리":22.4,
            "소득수준":68.51,
            "일자리총점":36.233,
            "가치 총점":35.531,
            "매매실거래년":20211219.0,
            "매매실거래가":20000.0,
            "전세실거래년":20210816.0,
            "전세실거래가":20000.0,
            "전세가율":100.0,
            "장기전세가율평균":72.53,
            "전세가율거품지수":-27.47,
            "검색코드":5938,
            "세대수":152.0,
            "준공년월":"1997-06-28",
            "준공년차":26.0,
            "가까운역이름":"NA",
            "가까운역거리":"NA",
            "역세권여부":"NA",
            "30분이내주요거점역":"NA",
            "1시간이내주요거점역":"NA",
            "3km이내백화점수":0,
            "5km이내아울렛몰수":0,
            "1km이내대형먀트수":1,
            "500m이내은행수":0,
            "500m이내병원수":4,
            "5km이내대형병원수":2,
            "500m이내공원수":4,
            "3km이내혐오시설수":0,
            "초등학교학업성취도":89.5,
            "중학교학업성취도":85.3,
            "용적률":399,
            "건폐율":30,
            "Y":35.553831,
            "X":129.256195,
            "rank":149.0,
            "area_info":"22평(74.12), 32평(106.34)",
            "last_sales":"2021-12-19,20000.0,22평(74.12)"
        },
        {
            "index":124,
            "아파트명":"무거한라2차",
            "투자타입":"일반",
            "전용면적(m2)":"80.93",
            "전용면적(평)":"24평",
            "법정동주소":"울산시 남구 무거동 1538",
            "도로명주소":"울산시 남구 대학로147번길 73",
            "세대수":0,
            "입주년차":0,
            "용적률점수":"--",
            "건폐율점수":"--",
            "세대당주차수":0,
            "난방방식":30,
            "공급면적":"--",
            "전용률":"--",
            "욕실수":50,
            "현관타입":100,
            "주거총점":18.0,
            "지역구공급총점":0.0,
            "역세권":"NA",
            "30분내 이동가능 거점":"NA",
            "1시간내 이동가능 거점":"NA",
            "교통총점":"NA",
            "백화점":0,
            "아울렛몰":0,
            "대형마트":80,
            "은행":0,
            "병원":10,
            "종합병원":100,
            "공원":100,
            "혐오시설":0,
            "인프라총점":36.0,
            "초등학군":89.5,
            "중학군":51.78,
            "학군총점":59.324,
            "인구수":38.02,
            "인구증감":-14.98,
            "인구총점":22.12,
            "일자리":22.4,
            "소득수준":68.51,
            "일자리총점":36.233,
            "가치 총점":35.531,
            "매매실거래년":20211030.0,
            "매매실거래가":20000.0,
            "전세실거래년":20211229.0,
            "전세실거래가":17000.0,
            "전세가율":85.0,
            "장기전세가율평균":72.53,
            "전세가율거품지수":-12.47,
            "검색코드":5935,
            "세대수":170.0,
            "준공년월":"1996-06-17",
            "준공년차":27.0,
            "가까운역이름":"NA",
            "가까운역거리":"NA",
            "역세권여부":"NA",
            "30분이내주요거점역":"NA",
            "1시간이내주요거점역":"NA",
            "3km이내백화점수":0,
            "5km이내아울렛몰수":0,
            "1km이내대형먀트수":1,
            "500m이내은행수":0,
            "500m이내병원수":4,
            "5km이내대형병원수":3,
            "500m이내공원수":8,
            "3km이내혐오시설수":0,
            "초등학교학업성취도":89.5,
            "중학교학업성취도":85.3,
            "용적률":369,
            "건폐율":32,
            "Y":35.553216,
            "X":129.257211,
            "rank":149.0,
            "area_info":"24평(80.93), 32평(106.68)",
            "last_sales":"2021-10-30,20000.0,24평(80.93)"
        },
        {
            "index":120,
            "아파트명":"무거청구맨션",
            "투자타입":"일반",
            "전용면적(m2)":"79.8",
            "전용면적(평)":"24평",
            "법정동주소":"울산시 남구 무거동 1551",
            "도로명주소":"울산시 남구 신복로72번길 28-23",
            "세대수":0,
            "입주년차":0,
            "용적률점수":"--",
            "건폐율점수":"--",
            "세대당주차수":0,
            "난방방식":30,
            "공급면적":"--",
            "전용률":"--",
            "욕실수":50,
            "현관타입":100,
            "주거총점":18.0,
            "지역구공급총점":0.0,
            "역세권":"NA",
            "30분내 이동가능 거점":"NA",
            "1시간내 이동가능 거점":"NA",
            "교통총점":"NA",
            "백화점":0,
            "아울렛몰":0,
            "대형마트":80,
            "은행":0,
            "병원":10,
            "종합병원":100,
            "공원":100,
            "혐오시설":0,
            "인프라총점":36.0,
            "초등학군":89.5,
            "중학군":51.78,
            "학군총점":59.324,
            "인구수":38.02,
            "인구증감":-14.98,
            "인구총점":22.12,
            "일자리":22.4,
            "소득수준":68.51,
            "일자리총점":36.233,
            "가치 총점":35.531,
            "매매실거래년":20211205.0,
            "매매실거래가":17800.0,
            "전세실거래년":20211004.0,
            "전세실거래가":18000.0,
            "전세가율":101.12,
            "장기전세가율평균":72.53,
            "전세가율거품지수":-28.59,
            "검색코드":5942,
            "세대수":285.0,
            "준공년월":"1997-10-30",
            "준공년차":26.0,
            "가까운역이름":"NA",
            "가까운역거리":"NA",
            "역세권여부":"NA",
            "30분이내주요거점역":"NA",
            "1시간이내주요거점역":"NA",
            "3km이내백화점수":0,
            "5km이내아울렛몰수":0,
            "1km이내대형먀트수":1,
            "500m이내은행수":0,
            "500m이내병원수":4,
            "5km이내대형병원수":2,
            "500m이내공원수":6,
            "3km이내혐오시설수":0,
            "초등학교학업성취도":89.5,
            "중학교학업성취도":85.3,
            "용적률":0,
            "건폐율":0,
            "Y":35.552672,
            "X":129.254931,
            "rank":149.0,
            "area_info":"24평(79.8), 31평(105.2)",
            "last_sales":"2021-12-05,17800.0,24평(79.8)"
        },
        {
            "index":126,
            "아파트명":"무거한라3차",
            "투자타입":"일반",
            "전용면적(m2)":"77.93",
            "전용면적(평)":"23평",
            "법정동주소":"울산시 남구 무거동 1543",
            "도로명주소":"울산시 남구 신복로72번길 28-42",
            "세대수":0,
            "입주년차":0,
            "용적률점수":"--",
            "건폐율점수":"--",
            "세대당주차수":0,
            "난방방식":30,
            "공급면적":"--",
            "전용률":"--",
            "욕실수":50,
            "현관타입":100,
            "주거총점":18.0,
            "지역구공급총점":0.0,
            "역세권":"NA",
            "30분내 이동가능 거점":"NA",
            "1시간내 이동가능 거점":"NA",
            "교통총점":"NA",
            "백화점":0,
            "아울렛몰":0,
            "대형마트":80,
            "은행":0,
            "병원":10,
            "종합병원":100,
            "공원":100,
            "혐오시설":0,
            "인프라총점":36.0,
            "초등학군":89.5,
            "중학군":51.78,
            "학군총점":59.324,
            "인구수":38.02,
            "인구증감":-14.98,
            "인구총점":22.12,
            "일자리":22.4,
            "소득수준":68.51,
            "일자리총점":36.233,
            "가치 총점":35.531,
            "매매실거래년":20211018.0,
            "매매실거래가":27300.0,
            "전세실거래년":20191206.0,
            "전세실거래가":14000.0,
            "전세가율":86.42,
            "장기전세가율평균":72.53,
            "전세가율거품지수":-13.89,
            "검색코드":5936,
            "세대수":120.0,
            "준공년월":"1996-08-27",
            "준공년차":27.0,
            "가까운역이름":"NA",
            "가까운역거리":"NA",
            "역세권여부":"NA",
            "30분이내주요거점역":"NA",
            "1시간이내주요거점역":"NA",
            "3km이내백화점수":0,
            "5km이내아울렛몰수":0,
            "1km이내대형먀트수":1,
            "500m이내은행수":0,
            "500m이내병원수":4,
            "5km이내대형병원수":2,
            "500m이내공원수":6,
            "3km이내혐오시설수":0,
            "초등학교학업성취도":89.5,
            "중학교학업성취도":85.3,
            "용적률":278,
            "건폐율":32,
            "Y":35.55292,
            "X":129.25624,
            "rank":149.0,
            "area_info":"23평(77.93), 31평(104.94)",
            "last_sales":"2021-10-18,27300.0,31평(104.94)"
        },
        {
            "index":171,
            "아파트명":"우주로얄",
            "투자타입":"일반",
            "전용면적(m2)":"80.58",
            "전용면적(평)":"24평",
            "법정동주소":"울산시 남구 무거동 830-2",
            "도로명주소":"울산시 남구 신복로72번길 6-13",
            "세대수":0,
            "입주년차":0,
            "용적률점수":"--",
            "건폐율점수":"--",
            "세대당주차수":0,
            "난방방식":30,
            "공급면적":"--",
            "전용률":"--",
            "욕실수":50,
            "현관타입":100,
            "주거총점":18.0,
            "지역구공급총점":0.0,
            "역세권":"NA",
            "30분내 이동가능 거점":"NA",
            "1시간내 이동가능 거점":"NA",
            "교통총점":"NA",
            "백화점":0,
            "아울렛몰":0,
            "대형마트":80,
            "은행":0,
            "병원":10,
            "종합병원":100,
            "공원":100,
            "혐오시설":0,
            "인프라총점":36.0,
            "초등학군":88.57,
            "중학군":51.78,
            "학군총점":59.138,
            "인구수":38.02,
            "인구증감":-14.98,
            "인구총점":22.12,
            "일자리":22.4,
            "소득수준":68.51,
            "일자리총점":36.233,
            "가치 총점":35.4845,
            "매매실거래년":20211122.0,
            "매매실거래가":10000.0,
            "전세실거래년":20200204.0,
            "전세실거래가":9000.0,
            "전세가율":90.0,
            "장기전세가율평균":72.53,
            "전세가율거품지수":-17.47,
            "검색코드":8704,
            "세대수":120.0,
            "준공년월":"1995-02-22",
            "준공년차":28.0,
            "가까운역이름":"NA",
            "가까운역거리":"NA",
            "역세권여부":"NA",
            "30분이내주요거점역":"NA",
            "1시간이내주요거점역":"NA",
            "3km이내백화점수":0,
            "5km이내아울렛몰수":0,
            "1km이내대형먀트수":1,
            "500m이내은행수":0,
            "500m이내병원수":4,
            "5km이내대형병원수":3,
            "500m이내공원수":8,
            "3km이내혐오시설수":0,
            "초등학교학업성취도":88.57,
            "중학교학업성취도":85.3,
            "용적률":0,
            "건폐율":0,
            "Y":35.55033,
            "X":129.25571,
            "rank":150.0,
            "area_info":"24평(80.58), 32평(106.81)",
            "last_sales":"2021-11-22,10000.0,24평(80.58)"
        },
        {
            "index":643,
            "아파트명":"금오그린",
            "투자타입":"일반",
            "전용면적(m2)":"66.95",
            "전용면적(평)":"20평",
            "법정동주소":"울산시 남구 옥동 281-1",
            "도로명주소":"울산시 남구 문수로295번길 4",
            "세대수":0,
            "입주년차":0,
            "용적률점수":"--",
            "건폐율점수":"--",
            "세대당주차수":0,
            "난방방식":30,
            "공급면적":"--",
            "전용률":"--",
            "욕실수":50,
            "현관타입":100,
            "주거총점":18.0,
            "지역구공급총점":0.0,
            "역세권":"NA",
            "30분내 이동가능 거점":"NA",
            "1시간내 이동가능 거점":"NA",
            "교통총점":"NA",
            "백화점":0,
            "아울렛몰":0,
            "대형마트":0,
            "은행":20,
            "병원":60,
            "종합병원":100,
            "공원":100,
            "혐오시설":0,
            "인프라총점":31.0,
            "초등학군":90.63,
            "중학군":58.38,
            "학군총점":64.83,
            "인구수":38.02,
            "인구증감":-14.98,
            "인구총점":22.12,
            "일자리":22.4,
            "소득수준":68.51,
            "일자리총점":36.233,
            "가치 총점":34.9075,
            "매매실거래년":20210730.0,
            "매매실거래가":29400.0,
            "전세실거래년":20210804.0,
            "전세실거래가":13500.0,
            "전세가율":71.43,
            "장기전세가율평균":72.53,
            "전세가율거품지수":1.1,
            "검색코드":6099,
            "세대수":144.0,
            "준공년월":"1998-02-25",
            "준공년차":25.0,
            "가까운역이름":"NA",
            "가까운역거리":"NA",
            "역세권여부":"NA",
            "30분이내주요거점역":"NA",
            "1시간이내주요거점역":"NA",
            "3km이내백화점수":0,
            "5km이내아울렛몰수":0,
            "1km이내대형먀트수":0,
            "500m이내은행수":2,
            "500m이내병원수":14,
            "5km이내대형병원수":4,
            "500m이내공원수":6,
            "3km이내혐오시설수":0,
            "초등학교학업성취도":90.63,
            "중학교학업성취도":95.5,
            "용적률":0,
            "건폐율":0,
            "Y":35.53672,
            "X":129.28632,
            "rank":151.0,
            "area_info":"20평(66.95), 20평(68.25), 27평(91.51), 28평(92.65), 28평(92.84), 28평(93.02)",
            "last_sales":"2021-07-30,29400.0,28평(92.65)"
        },
        {
            "index":331,
            "아파트명":"금탑",
            "투자타입":"재건축",
            "전용면적(m2)":"62.05",
            "전용면적(평)":"18평",
            "법정동주소":"울산시 남구 신정동 1591",
            "도로명주소":"울산시 남구 거마로118번길 12",
            "세대수":0,
            "입주년차":"--",
            "용적률점수":0,
            "건폐율점수":0,
            "세대당주차수":"--",
            "난방방식":"--",
            "공급면적":50,
            "전용률":80,
            "욕실수":"--",
            "현관타입":"--",
            "주거총점":6.5,
            "지역구공급총점":0.0,
            "역세권":"NA",
            "30분내 이동가능 거점":"NA",
            "1시간내 이동가능 거점":"NA",
            "교통총점":"NA",
            "백화점":0,
            "아울렛몰":0,
            "대형마트":100,
            "은행":0,
            "병원":30,
            "종합병원":100,
            "공원":100,
            "혐오시설":0,
            "인프라총점":41.0,
            "초등학군":83.53,
            "중학군":59.02,
            "학군총점":63.922,
            "인구수":38.02,
            "인구증감":-14.98,
            "인구총점":22.12,
            "일자리":22.4,
            "소득수준":68.51,
            "일자리총점":36.233,
            "가치 총점":34.6555,
            "매매실거래년":20211126.0,
            "매매실거래가":39000.0,
            "전세실거래년":20211024.0,
            "전세실거래가":12000.0,
            "전세가율":30.77,
            "장기전세가율평균":72.53,
            "전세가율거품지수":41.76,
            "검색코드":16110,
            "세대수":109.0,
            "준공년월":"1982-12-24",
            "준공년차":41.0,
            "가까운역이름":"NA",
            "가까운역거리":"NA",
            "역세권여부":"NA",
            "30분이내주요거점역":"NA",
            "1시간이내주요거점역":"NA",
            "3km이내백화점수":0,
            "5km이내아울렛몰수":0,
            "1km이내대형먀트수":2,
            "500m이내은행수":1,
            "500m이내병원수":8,
            "5km이내대형병원수":4,
            "500m이내공원수":14,
            "3km이내혐오시설수":0,
            "초등학교학업성취도":83.53,
            "중학교학업성취도":96.1,
            "용적률":0,
            "건폐율":0,
            "Y":35.539126,
            "X":129.302512,
            "rank":152.0,
            "area_info":"18평(62.05), 20평(69.05)",
            "last_sales":"2021-11-26,39000.0,18평(62.05)"
        },
        {
            "index":504,
            "아파트명":"한일(1611-1)",
            "투자타입":"재건축",
            "전용면적(m2)":"51.44",
            "전용면적(평)":"15평",
            "법정동주소":"울산시 남구 신정동 1611-1",
            "도로명주소":"울산시 남구 거마로66번길 33",
            "세대수":0,
            "입주년차":"--",
            "용적률점수":0,
            "건폐율점수":0,
            "세대당주차수":"--",
            "난방방식":"--",
            "공급면적":50,
            "전용률":80,
            "욕실수":"--",
            "현관타입":"--",
            "주거총점":6.5,
            "지역구공급총점":0.0,
            "역세권":"NA",
            "30분내 이동가능 거점":"NA",
            "1시간내 이동가능 거점":"NA",
            "교통총점":"NA",
            "백화점":0,
            "아울렛몰":0,
            "대형마트":100,
            "은행":0,
            "병원":30,
            "종합병원":100,
            "공원":100,
            "혐오시설":0,
            "인프라총점":41.0,
            "초등학군":83.53,
            "중학군":58.84,
            "학군총점":63.778,
            "인구수":38.02,
            "인구증감":-14.98,
            "인구총점":22.12,
            "일자리":22.4,
            "소득수준":68.51,
            "일자리총점":36.233,
            "가치 총점":34.6195,
            "매매실거래년":20210202.0,
            "매매실거래가":69000.0,
            "전세실거래년":20190315.0,
            "전세실거래가":4000.0,
            "전세가율":12.9,
            "장기전세가율평균":72.53,
            "전세가율거품지수":59.63,
            "검색코드":16183,
            "세대수":160.0,
            "준공년월":"1985-12-16",
            "준공년차":38.0,
            "가까운역이름":"NA",
            "가까운역거리":"NA",
            "역세권여부":"NA",
            "30분이내주요거점역":"NA",
            "1시간이내주요거점역":"NA",
            "3km이내백화점수":0,
            "5km이내아울렛몰수":0,
            "1km이내대형먀트수":2,
            "500m이내은행수":0,
            "500m이내병원수":6,
            "5km이내대형병원수":4,
            "500m이내공원수":10,
            "3km이내혐오시설수":0,
            "초등학교학업성취도":83.53,
            "중학교학업성취도":96.0,
            "용적률":0,
            "건폐율":0,
            "Y":35.538896,
            "X":129.300391,
            "rank":153.0,
            "area_info":"15평(51.44), 17평(56.84), 18평(62.78), 25평(83.8)",
            "last_sales":"2021-02-02,69000.0,25평(83.8)"
        },
        {
            "index":154,
            "아파트명":"아성홈토피아",
            "투자타입":"일반",
            "전용면적(m2)":"83.52",
            "전용면적(평)":"25평",
            "법정동주소":"울산시 남구 무거동 815-1",
            "도로명주소":"울산시 남구 대학로145번길 70",
            "세대수":0,
            "입주년차":0,
            "용적률점수":"--",
            "건폐율점수":"--",
            "세대당주차수":0,
            "난방방식":30,
            "공급면적":"--",
            "전용률":"--",
            "욕실수":50,
            "현관타입":50,
            "주거총점":13.0,
            "지역구공급총점":0.0,
            "역세권":"NA",
            "30분내 이동가능 거점":"NA",
            "1시간내 이동가능 거점":"NA",
            "교통총점":"NA",
            "백화점":0,
            "아울렛몰":0,
            "대형마트":80,
            "은행":0,
            "병원":10,
            "종합병원":100,
            "공원":100,
            "혐오시설":0,
            "인프라총점":36.0,
            "초등학군":88.57,
            "중학군":51.78,
            "학군총점":59.138,
            "인구수":38.02,
            "인구증감":-14.98,
            "인구총점":22.12,
            "일자리":22.4,
            "소득수준":68.51,
            "일자리총점":36.233,
            "가치 총점":33.7345,
            "매매실거래년":20210803.0,
            "매매실거래가":13250.0,
            "전세실거래년":20201023.0,
            "전세실거래가":14000.0,
            "전세가율":104.48,
            "장기전세가율평균":72.53,
            "전세가율거품지수":-31.95,
            "검색코드":8703,
            "세대수":142.0,
            "준공년월":"1997-07-11",
            "준공년차":26.0,
            "가까운역이름":"NA",
            "가까운역거리":"NA",
            "역세권여부":"NA",
            "30분이내주요거점역":"NA",
            "1시간이내주요거점역":"NA",
            "3km이내백화점수":0,
            "5km이내아울렛몰수":0,
            "1km이내대형먀트수":1,
            "500m이내은행수":0,
            "500m이내병원수":4,
            "5km이내대형병원수":2,
            "500m이내공원수":8,
            "3km이내혐오시설수":0,
            "초등학교학업성취도":88.57,
            "중학교학업성취도":85.3,
            "용적률":283,
            "건폐율":34,
            "Y":35.5509,
            "X":129.25514,
            "rank":154.0,
            "area_info":"25평(83.52), 27평(90.03), 27평(92.46), 28평(93.8), 29평(99.12), 30평(102.41), 34평(113.65)",
            "last_sales":"2021-08-03,13250.0,29평(99.12)"
        },
        {
            "index":405,
            "아파트명":"서강파크",
            "투자타입":"재건축",
            "전용면적(m2)":"93.78",
            "전용면적(평)":"28평",
            "법정동주소":"울산시 남구 신정동 1845-1",
            "도로명주소":"울산시 남구 거마로77번길 8",
            "세대수":0,
            "입주년차":"--",
            "용적률점수":0,
            "건폐율점수":0,
            "세대당주차수":"--",
            "난방방식":"--",
            "공급면적":70,
            "전용률":80,
            "욕실수":"--",
            "현관타입":"--",
            "주거총점":7.5,
            "지역구공급총점":0.0,
            "역세권":"NA",
            "30분내 이동가능 거점":"NA",
            "1시간내 이동가능 거점":"NA",
            "교통총점":"NA",
            "백화점":0,
            "아울렛몰":0,
            "대형마트":100,
            "은행":0,
            "병원":10,
            "종합병원":100,
            "공원":100,
            "혐오시설":0,
            "인프라총점":39.0,
            "초등학군":83.53,
            "중학군":54.62,
            "학군총점":60.402,
            "인구수":38.02,
            "인구증감":-14.98,
            "인구총점":22.12,
            "일자리":22.4,
            "소득수준":68.51,
            "일자리총점":36.233,
            "가치 총점":33.3255,
            "매매실거래년":20210827.0,
            "매매실거래가":42000.0,
            "전세실거래년":20211211.0,
            "전세실거래가":22000.0,
            "전세가율":52.38,
            "장기전세가율평균":72.53,
            "전세가율거품지수":20.15,
            "검색코드":14626,
            "세대수":112.0,
            "준공년월":"1988-10-13",
            "준공년차":35.0,
            "가까운역이름":"NA",
            "가까운역거리":"NA",
            "역세권여부":"NA",
            "30분이내주요거점역":"NA",
            "1시간이내주요거점역":"NA",
            "3km이내백화점수":0,
            "5km이내아울렛몰수":0,
            "1km이내대형먀트수":2,
            "500m이내은행수":0,
            "500m이내병원수":2,
            "5km이내대형병원수":4,
            "500m이내공원수":8,
            "3km이내혐오시설수":0,
            "초등학교학업성취도":83.53,
            "중학교학업성취도":88.7,
            "용적률":0,
            "건폐율":0,
            "Y":35.54143,
            "X":129.29939,
            "rank":155.0,
            "area_info":"28평(93.78), 35평(116.21)",
            "last_sales":"2021-08-27,42000.0,28평(93.78)"
        },
        {
            "index":676,
            "아파트명":"상아타워",
            "투자타입":"재건축",
            "전용면적(m2)":"98.29",
            "전용면적(평)":"29평",
            "법정동주소":"울산시 남구 옥동 177-2",
            "도로명주소":"울산시 남구 은월로 22",
            "세대수":0,
            "입주년차":"--",
            "용적률점수":0,
            "건폐율점수":0,
            "세대당주차수":"--",
            "난방방식":"--",
            "공급면적":70,
            "전용률":80,
            "욕실수":"--",
            "현관타입":"--",
            "주거총점":7.5,
            "지역구공급총점":0.0,
            "역세권":"NA",
            "30분내 이동가능 거점":"NA",
            "1시간내 이동가능 거점":"NA",
            "교통총점":"NA",
            "백화점":0,
            "아울렛몰":0,
            "대형마트":100,
            "은행":0,
            "병원":0,
            "종합병원":100,
            "공원":100,
            "혐오시설":0,
            "인프라총점":38.0,
            "초등학군":90.63,
            "중학군":54.62,
            "학군총점":61.822,
            "인구수":38.02,
            "인구증감":-14.98,
            "인구총점":22.12,
            "일자리":22.4,
            "소득수준":68.51,
            "일자리총점":36.233,
            "가치 총점":33.2805,
            "매매실거래년":20201110.0,
            "매매실거래가":28500.0,
            "전세실거래년":20211030.0,
            "전세실거래가":10000.0,
            "전세가율":35.09,
            "장기전세가율평균":72.53,
            "전세가율거품지수":37.44,
            "검색코드":6116,
            "세대수":170.0,
            "준공년월":"1990-12-28",
            "준공년차":33.0,
            "가까운역이름":"NA",
            "가까운역거리":"NA",
            "역세권여부":"NA",
            "30분이내주요거점역":"NA",
            "1시간이내주요거점역":"NA",
            "3km이내백화점수":0,
            "5km이내아울렛몰수":0,
            "1km이내대형먀트수":2,
            "500m이내은행수":0,
            "500m이내병원수":0,
            "5km이내대형병원수":4,
            "500m이내공원수":4,
            "3km이내혐오시설수":0,
            "초등학교학업성취도":90.63,
            "중학교학업성취도":88.7,
            "용적률":0,
            "건폐율":0,
            "Y":35.540912,
            "X":129.292307,
            "rank":156.0,
            "area_info":"29평(98.29), 44평(146.55)",
            "last_sales":"2020-11-10,28500.0,29평(98.29)"
        },
        {
            "index":660,
            "아파트명":"대륙현대2차",
            "투자타입":"재건축",
            "전용면적(m2)":"84.38",
            "전용면적(평)":"25평",
            "법정동주소":"울산시 남구 옥동 162",
            "도로명주소":"울산시 남구 은월로40번길 8",
            "세대수":0,
            "입주년차":"--",
            "용적률점수":0,
            "건폐율점수":0,
            "세대당주차수":"--",
            "난방방식":"--",
            "공급면적":70,
            "전용률":80,
            "욕실수":"--",
            "현관타입":"--",
            "주거총점":7.5,
            "지역구공급총점":0.0,
            "역세권":"NA",
            "30분내 이동가능 거점":"NA",
            "1시간내 이동가능 거점":"NA",
            "교통총점":"NA",
            "백화점":0,
            "아울렛몰":0,
            "대형마트":100,
            "은행":0,
            "병원":0,
            "종합병원":100,
            "공원":100,
            "혐오시설":0,
            "인프라총점":38.0,
            "초등학군":83.43,
            "중학군":54.62,
            "학군총점":60.382,
            "인구수":38.02,
            "인구증감":-14.98,
            "인구총점":22.12,
            "일자리":22.4,
            "소득수준":68.51,
            "일자리총점":36.233,
            "가치 총점":32.9205,
            "매매실거래년":20210915.0,
            "매매실거래가":58000.0,
            "전세실거래년":20120114.0,
            "전세실거래가":8000.0,
            "전세가율":34.78,
            "장기전세가율평균":72.53,
            "전세가율거품지수":37.75,
            "검색코드":6102,
            "세대수":265.0,
            "준공년월":"1991-05-17",
            "준공년차":32.0,
            "가까운역이름":"NA",
            "가까운역거리":"NA",
            "역세권여부":"NA",
            "30분이내주요거점역":"NA",
            "1시간이내주요거점역":"NA",
            "3km이내백화점수":0,
            "5km이내아울렛몰수":0,
            "1km이내대형먀트수":2,
            "500m이내은행수":0,
            "500m이내병원수":1,
            "5km이내대형병원수":4,
            "500m이내공원수":6,
            "3km이내혐오시설수":0,
            "초등학교학업성취도":83.43,
            "중학교학업성취도":88.7,
            "용적률":0,
            "건폐율":0,
            "Y":35.540733,
            "X":129.293925,
            "rank":157.0,
            "area_info":"25평(84.38), 30평(100.96), 30평(100.27), 30평(102.34), 56평(186.94)",
            "last_sales":"2021-09-15,58000.0,56평(186.94)"
        },
        {
            "index":147,
            "아파트명":"선경",
            "투자타입":"재건축",
            "전용면적(m2)":"84.85",
            "전용면적(평)":"25평",
            "법정동주소":"울산시 남구 무거동 833-1",
            "도로명주소":"울산시 남구 신복로 67",
            "세대수":0,
            "입주년차":"--",
            "용적률점수":0,
            "건폐율점수":0,
            "세대당주차수":"--",
            "난방방식":"--",
            "공급면적":70,
            "전용률":80,
            "욕실수":"--",
            "현관타입":"--",
            "주거총점":7.5,
            "지역구공급총점":0.0,
            "역세권":"NA",
            "30분내 이동가능 거점":"NA",
            "1시간내 이동가능 거점":"NA",
            "교통총점":"NA",
            "백화점":0,
            "아울렛몰":0,
            "대형마트":80,
            "은행":0,
            "병원":10,
            "종합병원":100,
            "공원":100,
            "혐오시설":0,
            "인프라총점":36.0,
            "초등학군":88.57,
            "중학군":51.78,
            "학군총점":59.138,
            "인구수":38.02,
            "인구증감":-14.98,
            "인구총점":22.12,
            "일자리":22.4,
            "소득수준":68.51,
            "일자리총점":36.233,
            "가치 총점":31.8095,
            "매매실거래년":20211014.0,
            "매매실거래가":15500.0,
            "전세실거래년":20200926.0,
            "전세실거래가":10000.0,
            "전세가율":67.34,
            "장기전세가율평균":72.53,
            "전세가율거품지수":5.19,
            "검색코드":8698,
            "세대수":165.0,
            "준공년월":"1991-04-20",
            "준공년차":32.0,
            "가까운역이름":"NA",
            "가까운역거리":"NA",
            "역세권여부":"NA",
            "30분이내주요거점역":"NA",
            "1시간이내주요거점역":"NA",
            "3km이내백화점수":0,
            "5km이내아울렛몰수":0,
            "1km이내대형먀트수":1,
            "500m이내은행수":0,
            "500m이내병원수":4,
            "5km이내대형병원수":3,
            "500m이내공원수":8,
            "3km이내혐오시설수":0,
            "초등학교학업성취도":88.57,
            "중학교학업성취도":85.3,
            "용적률":0,
            "건폐율":0,
            "Y":35.549287,
            "X":129.255419,
            "rank":158.0,
            "area_info":"25평(84.85), 28평(94.82)",
            "last_sales":"2021-10-14,15500.0,28평(94.82)"
        },
        {
            "index":184,
            "아파트명":"청구하이츠",
            "투자타입":"재건축",
            "전용면적(m2)":"115.3",
            "전용면적(평)":"34평",
            "법정동주소":"울산시 남구 무거동 828-3",
            "도로명주소":"울산시 남구 신복로 54",
            "세대수":0,
            "입주년차":"--",
            "용적률점수":0,
            "건폐율점수":0,
            "세대당주차수":"--",
            "난방방식":"--",
            "공급면적":90,
            "전용률":60,
            "욕실수":"--",
            "현관타입":"--",
            "주거총점":7.5,
            "지역구공급총점":0.0,
            "역세권":"NA",
            "30분내 이동가능 거점":"NA",
            "1시간내 이동가능 거점":"NA",
            "교통총점":"NA",
            "백화점":0,
            "아울렛몰":0,
            "대형마트":80,
            "은행":0,
            "병원":10,
            "종합병원":100,
            "공원":100,
            "혐오시설":0,
            "인프라총점":36.0,
            "초등학군":88.57,
            "중학군":51.78,
            "학군총점":59.138,
            "인구수":38.02,
            "인구증감":-14.98,
            "인구총점":22.12,
            "일자리":22.4,
            "소득수준":68.51,
            "일자리총점":36.233,
            "가치 총점":31.8095,
            "매매실거래년":20211030.0,
            "매매실거래가":20000.0,
            "전세실거래년":20211211.0,
            "전세실거래가":18000.0,
            "전세가율":90.0,
            "장기전세가율평균":72.53,
            "전세가율거품지수":-17.47,
            "검색코드":5930,
            "세대수":119.0,
            "준공년월":"1990-08-17",
            "준공년차":33.0,
            "가까운역이름":"NA",
            "가까운역거리":"NA",
            "역세권여부":"NA",
            "30분이내주요거점역":"NA",
            "1시간이내주요거점역":"NA",
            "3km이내백화점수":0,
            "5km이내아울렛몰수":0,
            "1km이내대형먀트수":1,
            "500m이내은행수":0,
            "500m이내병원수":4,
            "5km이내대형병원수":3,
            "500m이내공원수":10,
            "3km이내혐오시설수":0,
            "초등학교학업성취도":88.57,
            "중학교학업성취도":85.3,
            "용적률":0,
            "건폐율":0,
            "Y":35.54997,
            "X":129.2567,
            "rank":158.0,
            "area_info":"34평(115.3)",
            "last_sales":"2021-10-30,20000.0,34평(115.3)"
        },
        {
            "index":138,
            "아파트명":"부성타워맨션",
            "투자타입":"재건축",
            "전용면적(m2)":"95.98",
            "전용면적(평)":"29평",
            "법정동주소":"울산시 남구 무거동 220-1",
            "도로명주소":"울산시 남구 북부순환도로 43",
            "세대수":0,
            "입주년차":"--",
            "용적률점수":0,
            "건폐율점수":0,
            "세대당주차수":"--",
            "난방방식":"--",
            "공급면적":70,
            "전용률":80,
            "욕실수":"--",
            "현관타입":"--",
            "주거총점":7.5,
            "지역구공급총점":0.0,
            "역세권":"NA",
            "30분내 이동가능 거점":"NA",
            "1시간내 이동가능 거점":"NA",
            "교통총점":"NA",
            "백화점":0,
            "아울렛몰":0,
            "대형마트":0,
            "은행":70,
            "병원":60,
            "종합병원":100,
            "공원":100,
            "혐오시설":0,
            "인프라총점":36.0,
            "초등학군":87.53,
            "중학군":51.78,
            "학군총점":58.93,
            "인구수":38.02,
            "인구증감":-14.98,
            "인구총점":22.12,
            "일자리":22.4,
            "소득수준":68.51,
            "일자리총점":36.233,
            "가치 총점":31.7575,
            "매매실거래년":20211025.0,
            "매매실거래가":17500.0,
            "전세실거래년":20210816.0,
            "전세실거래가":18000.0,
            "전세가율":102.86,
            "장기전세가율평균":72.53,
            "전세가율거품지수":-30.33,
            "검색코드":8707,
            "세대수":112.0,
            "준공년월":"1989-03-27",
            "준공년차":34.0,
            "가까운역이름":"NA",
            "가까운역거리":"NA",
            "역세권여부":"NA",
            "30분이내주요거점역":"NA",
            "1시간이내주요거점역":"NA",
            "3km이내백화점수":0,
            "5km이내아울렛몰수":0,
            "1km이내대형먀트수":0,
            "500m이내은행수":3,
            "500m이내병원수":26,
            "5km이내대형병원수":3,
            "500m이내공원수":8,
            "3km이내혐오시설수":0,
            "초등학교학업성취도":87.53,
            "중학교학업성취도":85.3,
            "용적률":0,
            "건폐율":0,
            "Y":35.553032,
            "X":129.267929,
            "rank":159.0,
            "area_info":"29평(95.98), 29평(96.17), 29평(98.15)",
            "last_sales":"2021-10-25,17500.0,29평(95.98)"
        },
        {
            "index":254,
            "아파트명":"크로바전원",
            "투자타입":"일반",
            "전용면적(m2)":"74.13",
            "전용면적(평)":"22평",
            "법정동주소":"울산시 남구 상개동 산 110-1",
            "도로명주소":"울산시 남구 두왕로34번길 9-20",
            "세대수":0,
            "입주년차":20,
            "용적률점수":"--",
            "건폐율점수":"--",
            "세대당주차수":0,
            "난방방식":30,
            "공급면적":"--",
            "전용률":"--",
            "욕실수":50,
            "현관타입":100,
            "주거총점":22.0,
            "지역구공급총점":0.0,
            "역세권":"NA",
            "30분내 이동가능 거점":"NA",
            "1시간내 이동가능 거점":"NA",
            "교통총점":"NA",
            "백화점":0,
            "아울렛몰":0,
            "대형마트":0,
            "은행":0,
            "병원":10,
            "종합병원":100,
            "공원":0,
            "혐오시설":0,
            "인프라총점":21.0,
            "초등학군":84.73,
            "중학군":55.76,
            "학군총점":61.554,
            "인구수":38.02,
            "인구증감":-14.98,
            "인구총점":22.12,
            "일자리":22.4,
            "소득수준":68.51,
            "일자리총점":36.233,
            "가치 총점":31.4885,
            "매매실거래년":"18000101",
            "매매실거래가":null,
            "전세실거래년":null,
            "전세실거래가":null,
            "전세가율":null,
            "장기전세가율평균":72.53,
            "전세가율거품지수":null,
            "검색코드":133707,
            "세대수":112.0,
            "준공년월":"2002-08-24",
            "준공년차":21.0,
            "가까운역이름":"NA",
            "가까운역거리":"NA",
            "역세권여부":"NA",
            "30분이내주요거점역":"NA",
            "1시간이내주요거점역":"NA",
            "3km이내백화점수":0,
            "5km이내아울렛몰수":0,
            "1km이내대형먀트수":0,
            "500m이내은행수":0,
            "500m이내병원수":2,
            "5km이내대형병원수":2,
            "500m이내공원수":0,
            "3km이내혐오시설수":0,
            "초등학교학업성취도":84.73,
            "중학교학업성취도":92.0,
            "용적률":115,
            "건폐율":29,
            "Y":35.507171,
            "X":129.310461,
            "rank":160.0,
            "area_info":"22평(74.13), 27평(92.12)",
            "last_sales":"1800-01-01,nan,22평(74.13)"
        },
        {
            "index":262,
            "아파트명":"동서그린맨션",
            "투자타입":"재건축",
            "전용면적(m2)":"59.74",
            "전용면적(평)":"18평",
            "법정동주소":"울산시 남구 선암동 620-2",
            "도로명주소":"울산시 남구 두왕로190번길 26",
            "세대수":0,
            "입주년차":"--",
            "용적률점수":0,
            "건폐율점수":80,
            "세대당주차수":"--",
            "난방방식":"--",
            "공급면적":50,
            "전용률":100,
            "욕실수":"--",
            "현관타입":"--",
            "주거총점":23.5,
            "지역구공급총점":0.0,
            "역세권":"NA",
            "30분내 이동가능 거점":"NA",
            "1시간내 이동가능 거점":"NA",
            "교통총점":"NA",
            "백화점":0,
            "아울렛몰":0,
            "대형마트":0,
            "은행":0,
            "병원":0,
            "종합병원":100,
            "공원":0,
            "혐오시설":0,
            "인프라총점":20.0,
            "초등학군":84.73,
            "중학군":54.7,
            "학군총점":60.706,
            "인구수":38.02,
            "인구증감":-14.98,
            "인구총점":22.12,
            "일자리":22.4,
            "소득수준":68.51,
            "일자리총점":36.233,
            "가치 총점":31.4015,
            "매매실거래년":20211210.0,
            "매매실거래가":12400.0,
            "전세실거래년":20210831.0,
            "전세실거래가":10000.0,
            "전세가율":80.65,
            "장기전세가율평균":72.53,
            "전세가율거품지수":-8.12,
            "검색코드":14611,
            "세대수":115.0,
            "준공년월":"1992-09-07",
            "준공년차":31.0,
            "가까운역이름":"NA",
            "가까운역거리":"NA",
            "역세권여부":"NA",
            "30분이내주요거점역":"NA",
            "1시간이내주요거점역":"NA",
            "3km이내백화점수":0,
            "5km이내아울렛몰수":0,
            "1km이내대형먀트수":0,
            "500m이내은행수":0,
            "500m이내병원수":1,
            "5km이내대형병원수":3,
            "500m이내공원수":0,
            "3km이내혐오시설수":0,
            "초등학교학업성취도":84.73,
            "중학교학업성취도":89.9,
            "용적률":309,
            "건폐율":27,
            "Y":35.51852,
            "X":129.31429,
            "rank":161.0,
            "area_info":"18평(59.74), 25평(83.95), 25평(84.82), 29평(99.17), 32평(109.09)",
            "last_sales":"2021-12-10,12400.0,18평(59.74)"
        },
        {
            "index":261,
            "아파트명":"남양그린빌",
            "투자타입":"일반",
            "전용면적(m2)":"72.9",
            "전용면적(평)":"22평",
            "법정동주소":"울산시 남구 선암동 589-4",
            "도로명주소":"울산시 남구 두왕로34번길 38-8",
            "세대수":0,
            "입주년차":20,
            "용적률점수":"--",
            "건폐율점수":"--",
            "세대당주차수":0,
            "난방방식":30,
            "공급면적":"--",
            "전용률":"--",
            "욕실수":50,
            "현관타입":100,
            "주거총점":22.0,
            "지역구공급총점":0.0,
            "역세권":"NA",
            "30분내 이동가능 거점":"NA",
            "1시간내 이동가능 거점":"NA",
            "교통총점":"NA",
            "백화점":0,
            "아울렛몰":0,
            "대형마트":0,
            "은행":0,
            "병원":10,
            "종합병원":100,
            "공원":0,
            "혐오시설":0,
            "인프라총점":21.0,
            "초등학군":84.73,
            "중학군":54.7,
            "학군총점":60.706,
            "인구수":38.02,
            "인구증감":-14.98,
            "인구총점":22.12,
            "일자리":22.4,
            "소득수준":68.51,
            "일자리총점":36.233,
            "가치 총점":31.2765,
            "매매실거래년":20211014.0,
            "매매실거래가":16250.0,
            "전세실거래년":20210514.0,
            "전세실거래가":12000.0,
            "전세가율":73.85,
            "장기전세가율평균":72.53,
            "전세가율거품지수":-1.32,
            "검색코드":16099,
            "세대수":110.0,
            "준공년월":"2003-06-07",
            "준공년차":20.0,
            "가까운역이름":"NA",
            "가까운역거리":"NA",
            "역세권여부":"NA",
            "30분이내주요거점역":"NA",
            "1시간이내주요거점역":"NA",
            "3km이내백화점수":0,
            "5km이내아울렛몰수":0,
            "1km이내대형먀트수":0,
            "500m이내은행수":0,
            "500m이내병원수":2,
            "5km이내대형병원수":2,
            "500m이내공원수":0,
            "3km이내혐오시설수":0,
            "초등학교학업성취도":84.73,
            "중학교학업성취도":89.9,
            "용적률":0,
            "건폐율":0,
            "Y":35.507223,
            "X":129.312148,
            "rank":162.0,
            "area_info":"22평(72.9)",
            "last_sales":"2021-10-14,16250.0,22평(72.9)"
        },
        {
            "index":252,
            "아파트명":"상개목화",
            "투자타입":"일반",
            "전용면적(m2)":"61.61",
            "전용면적(평)":"18평",
            "법정동주소":"울산시 남구 상개동 152-6",
            "도로명주소":"울산시 남구 두왕로48번길 18",
            "세대수":0,
            "입주년차":20,
            "용적률점수":"--",
            "건폐율점수":"--",
            "세대당주차수":0,
            "난방방식":30,
            "공급면적":"--",
            "전용률":"--",
            "욕실수":50,
            "현관타입":100,
            "주거총점":22.0,
            "지역구공급총점":0.0,
            "역세권":"NA",
            "30분내 이동가능 거점":"NA",
            "1시간내 이동가능 거점":"NA",
            "교통총점":"NA",
            "백화점":0,
            "아울렛몰":0,
            "대형마트":0,
            "은행":0,
            "병원":10,
            "종합병원":100,
            "공원":0,
            "혐오시설":0,
            "인프라총점":21.0,
            "초등학군":84.73,
            "중학군":54.7,
            "학군총점":60.706,
            "인구수":38.02,
            "인구증감":-14.98,
            "인구총점":22.12,
            "일자리":22.4,
            "소득수준":68.51,
            "일자리총점":36.233,
            "가치 총점":31.2765,
            "매매실거래년":20220105.0,
            "매매실거래가":9000.0,
            "전세실거래년":20210417.0,
            "전세실거래가":7000.0,
            "전세가율":77.78,
            "장기전세가율평균":72.53,
            "전세가율거품지수":-5.25,
            "검색코드":106316,
            "세대수":293.0,
            "준공년월":"2002-04-06",
            "준공년차":21.0,
            "가까운역이름":"NA",
            "가까운역거리":"NA",
            "역세권여부":"NA",
            "30분이내주요거점역":"NA",
            "1시간이내주요거점역":"NA",
            "3km이내백화점수":0,
            "5km이내아울렛몰수":0,
            "1km이내대형먀트수":0,
            "500m이내은행수":0,
            "500m이내병원수":2,
            "5km이내대형병원수":2,
            "500m이내공원수":0,
            "3km이내혐오시설수":0,
            "초등학교학업성취도":84.73,
            "중학교학업성취도":89.9,
            "용적률":298,
            "건폐율":24,
            "Y":35.507688,
            "X":129.310877,
            "rank":162.0,
            "area_info":"18평(61.61), 22평(74.06)",
            "last_sales":"2022-01-05,9000.0,18평(61.61)"
        },
        {
            "index":270,
            "아파트명":"선암SK뷰",
            "투자타입":"일반",
            "전용면적(m2)":"74.99",
            "전용면적(평)":"22평",
            "법정동주소":"울산시 남구 선암동 650",
            "도로명주소":"울산시 남구 두왕로190번길 75",
            "세대수":0,
            "입주년차":0,
            "용적률점수":"--",
            "건폐율점수":"--",
            "세대당주차수":0,
            "난방방식":30,
            "공급면적":"--",
            "전용률":"--",
            "욕실수":50,
            "현관타입":100,
            "주거총점":18.0,
            "지역구공급총점":0.0,
            "역세권":"NA",
            "30분내 이동가능 거점":"NA",
            "1시간내 이동가능 거점":"NA",
            "교통총점":"NA",
            "백화점":0,
            "아울렛몰":0,
            "대형마트":0,
            "은행":0,
            "병원":0,
            "종합병원":100,
            "공원":100,
            "혐오시설":0,
            "인프라총점":23.0,
            "초등학군":84.73,
            "중학군":54.7,
            "학군총점":60.706,
            "인구수":38.02,
            "인구증감":-14.98,
            "인구총점":22.12,
            "일자리":22.4,
            "소득수준":68.51,
            "일자리총점":36.233,
            "가치 총점":30.6765,
            "매매실거래년":20210828.0,
            "매매실거래가":17000.0,
            "전세실거래년":20210826.0,
            "전세실거래가":14000.0,
            "전세가율":103.7,
            "장기전세가율평균":72.53,
            "전세가율거품지수":-31.17,
            "검색코드":6003,
            "세대수":205.0,
            "준공년월":"1994-06-25",
            "준공년차":29.0,
            "가까운역이름":"NA",
            "가까운역거리":"NA",
            "역세권여부":"NA",
            "30분이내주요거점역":"NA",
            "1시간이내주요거점역":"NA",
            "3km이내백화점수":0,
            "5km이내아울렛몰수":0,
            "1km이내대형먀트수":0,
            "500m이내은행수":0,
            "500m이내병원수":1,
            "5km이내대형병원수":3,
            "500m이내공원수":2,
            "3km이내혐오시설수":0,
            "초등학교학업성취도":84.73,
            "중학교학업성취도":89.9,
            "용적률":0,
            "건폐율":0,
            "Y":35.515407,
            "X":129.317959,
            "rank":163.0,
            "area_info":"22평(74.99), 27평(90.16), 37평(122.99)",
            "last_sales":"2021-08-28,17000.0,27평(90.16)"
        },
        {
            "index":107,
            "아파트명":"럭키무거맨션",
            "투자타입":"재건축",
            "전용면적(m2)":"77.67",
            "전용면적(평)":"23평",
            "법정동주소":"울산시 남구 무거동 566-1",
            "도로명주소":"울산시 남구 대학로33번길 24",
            "세대수":0,
            "입주년차":"--",
            "용적률점수":0,
            "건폐율점수":0,
            "세대당주차수":"--",
            "난방방식":"--",
            "공급면적":50,
            "전용률":80,
            "욕실수":"--",
            "현관타입":"--",
            "주거총점":6.5,
            "지역구공급총점":0.0,
            "역세권":"NA",
            "30분내 이동가능 거점":"NA",
            "1시간내 이동가능 거점":"NA",
            "교통총점":"NA",
            "백화점":0,
            "아울렛몰":0,
            "대형마트":0,
            "은행":20,
            "병원":10,
            "종합병원":100,
            "공원":100,
            "혐오시설":0,
            "인프라총점":26.0,
            "초등학군":88.95,
            "중학군":58.1,
            "학군총점":64.27,
            "인구수":38.02,
            "인구증감":-14.98,
            "인구총점":22.12,
            "일자리":22.4,
            "소득수준":68.51,
            "일자리총점":36.233,
            "가치 총점":28.7425,
            "매매실거래년":20211012.0,
            "매매실거래가":24000.0,
            "전세실거래년":20180429.0,
            "전세실거래가":12000.0,
            "전세가율":75.0,
            "장기전세가율평균":72.53,
            "전세가율거품지수":-2.47,
            "검색코드":8697,
            "세대수":130.0,
            "준공년월":"1991-06-27",
            "준공년차":32.0,
            "가까운역이름":"NA",
            "가까운역거리":"NA",
            "역세권여부":"NA",
            "30분이내주요거점역":"NA",
            "1시간이내주요거점역":"NA",
            "3km이내백화점수":0,
            "5km이내아울렛몰수":0,
            "1km이내대형먀트수":0,
            "500m이내은행수":2,
            "500m이내병원수":2,
            "5km이내대형병원수":3,
            "500m이내공원수":6,
            "3km이내혐오시설수":0,
            "초등학교학업성취도":88.95,
            "중학교학업성취도":95.7,
            "용적률":0,
            "건폐율":0,
            "Y":35.54028,
            "X":129.25409,
            "rank":164.0,
            "area_info":"23평(77.67), 28평(94.33), 30평(101.78)",
            "last_sales":"2021-10-12,24000.0,30평(101.78)"
        },
        {
            "index":191,
            "아파트명":"협성벽산",
            "투자타입":"재건축",
            "전용면적(m2)":"93.2",
            "전용면적(평)":"28평",
            "법정동주소":"울산시 남구 무거동 569-4",
            "도로명주소":"울산시 남구 대학로21번길 25",
            "세대수":0,
            "입주년차":"--",
            "용적률점수":0,
            "건폐율점수":0,
            "세대당주차수":"--",
            "난방방식":"--",
            "공급면적":70,
            "전용률":60,
            "욕실수":"--",
            "현관타입":"--",
            "주거총점":6.5,
            "지역구공급총점":0.0,
            "역세권":"NA",
            "30분내 이동가능 거점":"NA",
            "1시간내 이동가능 거점":"NA",
            "교통총점":"NA",
            "백화점":0,
            "아울렛몰":0,
            "대형마트":0,
            "은행":0,
            "병원":10,
            "종합병원":100,
            "공원":100,
            "혐오시설":0,
            "인프라총점":24.0,
            "초등학군":88.95,
            "중학군":56.38,
            "학군총점":62.894,
            "인구수":38.02,
            "인구증감":-14.98,
            "인구총점":22.12,
            "일자리":22.4,
            "소득수준":68.51,
            "일자리총점":36.233,
            "가치 총점":27.5985,
            "매매실거래년":20211021.0,
            "매매실거래가":19000.0,
            "전세실거래년":20211022.0,
            "전세실거래가":13000.0,
            "전세가율":68.42,
            "장기전세가율평균":72.53,
            "전세가율거품지수":4.11,
            "검색코드":8705,
            "세대수":163.0,
            "준공년월":"1990-08-29",
            "준공년차":33.0,
            "가까운역이름":"NA",
            "가까운역거리":"NA",
            "역세권여부":"NA",
            "30분이내주요거점역":"NA",
            "1시간이내주요거점역":"NA",
            "3km이내백화점수":0,
            "5km이내아울렛몰수":0,
            "1km이내대형먀트수":0,
            "500m이내은행수":0,
            "500m이내병원수":2,
            "5km이내대형병원수":3,
            "500m이내공원수":4,
            "3km이내혐오시설수":0,
            "초등학교학업성취도":88.95,
            "중학교학업성취도":92.5,
            "용적률":0,
            "건폐율":0,
            "Y":35.5391,
            "X":129.253076,
            "rank":165.0,
            "area_info":"28평(93.2)",
            "last_sales":"2021-10-21,19000.0,28평(93.2)"
        },
        {
            "index":192,
            "아파트명":"협성현대",
            "투자타입":"재건축",
            "전용면적(m2)":"81.11",
            "전용면적(평)":"24평",
            "법정동주소":"울산시 남구 무거동 931-1",
            "도로명주소":"울산시 남구 대학로1번길 61",
            "세대수":0,
            "입주년차":"--",
            "용적률점수":0,
            "건폐율점수":0,
            "세대당주차수":"--",
            "난방방식":"--",
            "공급면적":70,
            "전용률":80,
            "욕실수":"--",
            "현관타입":"--",
            "주거총점":7.5,
            "지역구공급총점":0.0,
            "역세권":"NA",
            "30분내 이동가능 거점":"NA",
            "1시간내 이동가능 거점":"NA",
            "교통총점":"NA",
            "백화점":0,
            "아울렛몰":0,
            "대형마트":0,
            "은행":0,
            "병원":0,
            "종합병원":100,
            "공원":100,
            "혐오시설":0,
            "인프라총점":23.0,
            "초등학군":88.95,
            "중학군":56.38,
            "학군총점":62.894,
            "인구수":38.02,
            "인구증감":-14.98,
            "인구총점":22.12,
            "일자리":22.4,
            "소득수준":68.51,
            "일자리총점":36.233,
            "가치 총점":27.5485,
            "매매실거래년":20211230.0,
            "매매실거래가":18200.0,
            "전세실거래년":20210801.0,
            "전세실거래가":16000.0,
            "전세가율":113.48,
            "장기전세가율평균":72.53,
            "전세가율거품지수":-40.95,
            "검색코드":8706,
            "세대수":180.0,
            "준공년월":"1989-12-23",
            "준공년차":34.0,
            "가까운역이름":"NA",
            "가까운역거리":"NA",
            "역세권여부":"NA",
            "30분이내주요거점역":"NA",
            "1시간이내주요거점역":"NA",
            "3km이내백화점수":0,
            "5km이내아울렛몰수":0,
            "1km이내대형먀트수":0,
            "500m이내은행수":1,
            "500m이내병원수":1,
            "5km이내대형병원수":3,
            "500m이내공원수":4,
            "3km이내혐오시설수":0,
            "초등학교학업성취도":88.95,
            "중학교학업성취도":92.5,
            "용적률":0,
            "건폐율":0,
            "Y":35.54141,
            "X":129.2525,
            "rank":166.0,
            "area_info":"24평(81.11), 30평(100.14), 33평(111.96)",
            "last_sales":"2021-12-30,18200.0,30평(100.14)"
        },
        {
            "index":256,
            "아파트명":"강남그린맨션",
            "투자타입":"재건축",
            "전용면적(m2)":"110.67",
            "전용면적(평)":"33평",
            "법정동주소":"울산시 남구 선암동 542-5",
            "도로명주소":"울산시 남구 두왕로174번길 72",
            "세대수":0,
            "입주년차":"--",
            "용적률점수":0,
            "건폐율점수":20,
            "세대당주차수":"--",
            "난방방식":"--",
            "공급면적":90,
            "전용률":60,
            "욕실수":"--",
            "현관타입":"--",
            "주거총점":11.5,
            "지역구공급총점":0.0,
            "역세권":"NA",
            "30분내 이동가능 거점":"NA",
            "1시간내 이동가능 거점":"NA",
            "교통총점":"NA",
            "백화점":0,
            "아울렛몰":0,
            "대형마트":0,
            "은행":0,
            "병원":0,
            "종합병원":100,
            "공원":0,
            "혐오시설":0,
            "인프라총점":20.0,
            "초등학군":84.73,
            "중학군":54.7,
            "학군총점":60.706,
            "인구수":38.02,
            "인구증감":-14.98,
            "인구총점":22.12,
            "일자리":22.4,
            "소득수준":68.51,
            "일자리총점":36.233,
            "가치 총점":27.2015,
            "매매실거래년":20210907.0,
            "매매실거래가":14900.0,
            "전세실거래년":20210225.0,
            "전세실거래가":14000.0,
            "전세가율":93.96,
            "장기전세가율평균":72.53,
            "전세가율거품지수":-21.43,
            "검색코드":14606,
            "세대수":136.0,
            "준공년월":"1992-09-03",
            "준공년차":31.0,
            "가까운역이름":"NA",
            "가까운역거리":"NA",
            "역세권여부":"NA",
            "30분이내주요거점역":"NA",
            "1시간이내주요거점역":"NA",
            "3km이내백화점수":0,
            "5km이내아울렛몰수":0,
            "1km이내대형먀트수":0,
            "500m이내은행수":1,
            "500m이내병원수":1,
            "5km이내대형병원수":3,
            "500m이내공원수":0,
            "3km이내혐오시설수":0,
            "초등학교학업성취도":84.73,
            "중학교학업성취도":89.9,
            "용적률":393,
            "건폐율":48,
            "Y":35.51497,
            "X":129.31589,
            "rank":167.0,
            "area_info":"33평(110.67)",
            "last_sales":"2021-09-07,14900.0,33평(110.67)"
        },
        {
            "index":267,
            "아파트명":"삼익세라믹",
            "투자타입":"재건축",
            "전용면적(m2)":"76.53",
            "전용면적(평)":"23평",
            "법정동주소":"울산시 남구 선암동 537-1",
            "도로명주소":"울산시 남구 두왕로190번길 77",
            "세대수":0,
            "입주년차":"--",
            "용적률점수":0,
            "건폐율점수":0,
            "세대당주차수":"--",
            "난방방식":"--",
            "공급면적":50,
            "전용률":100,
            "욕실수":"--",
            "현관타입":"--",
            "주거총점":7.5,
            "지역구공급총점":0.0,
            "역세권":"NA",
            "30분내 이동가능 거점":"NA",
            "1시간내 이동가능 거점":"NA",
            "교통총점":"NA",
            "백화점":0,
            "아울렛몰":0,
            "대형마트":0,
            "은행":0,
            "병원":0,
            "종합병원":100,
            "공원":0,
            "혐오시설":0,
            "인프라총점":20.0,
            "초등학군":84.73,
            "중학군":54.7,
            "학군총점":60.706,
            "인구수":38.02,
            "인구증감":-14.98,
            "인구총점":22.12,
            "일자리":22.4,
            "소득수준":68.51,
            "일자리총점":36.233,
            "가치 총점":25.8015,
            "매매실거래년":20210927.0,
            "매매실거래가":19200.0,
            "전세실거래년":20211209.0,
            "전세실거래가":17000.0,
            "전세가율":87.18,
            "장기전세가율평균":72.53,
            "전세가율거품지수":-14.65,
            "검색코드":5991,
            "세대수":264.0,
            "준공년월":"1990-07-02",
            "준공년차":33.0,
            "가까운역이름":"NA",
            "가까운역거리":"NA",
            "역세권여부":"NA",
            "30분이내주요거점역":"NA",
            "1시간이내주요거점역":"NA",
            "3km이내백화점수":0,
            "5km이내아울렛몰수":0,
            "1km이내대형먀트수":0,
            "500m이내은행수":0,
            "500m이내병원수":1,
            "5km이내대형병원수":3,
            "500m이내공원수":0,
            "3km이내혐오시설수":0,
            "초등학교학업성취도":84.73,
            "중학교학업성취도":89.9,
            "용적률":0,
            "건폐율":0,
            "Y":35.514283,
            "X":129.317687,
            "rank":168.0,
            "area_info":"23평(76.53), 25평(84.6), 25평(84.71)",
            "last_sales":"2021-09-27,19200.0,25평(84.6)"
        },
        {
            "index":290,
            "아파트명":"한라그린",
            "투자타입":"재건축",
            "전용면적(m2)":"73.25",
            "전용면적(평)":"22평",
            "법정동주소":"울산시 남구 선암동 624-1",
            "도로명주소":"울산시 남구 두왕로190번길 40",
            "세대수":0,
            "입주년차":"--",
            "용적률점수":0,
            "건폐율점수":0,
            "세대당주차수":"--",
            "난방방식":"--",
            "공급면적":50,
            "전용률":80,
            "욕실수":"--",
            "현관타입":"--",
            "주거총점":6.5,
            "지역구공급총점":0.0,
            "역세권":"NA",
            "30분내 이동가능 거점":"NA",
            "1시간내 이동가능 거점":"NA",
            "교통총점":"NA",
            "백화점":0,
            "아울렛몰":0,
            "대형마트":0,
            "은행":0,
            "병원":0,
            "종합병원":100,
            "공원":0,
            "혐오시설":0,
            "인프라총점":20.0,
            "초등학군":84.73,
            "중학군":54.7,
            "학군총점":60.706,
            "인구수":38.02,
            "인구증감":-14.98,
            "인구총점":22.12,
            "일자리":22.4,
            "소득수준":68.51,
            "일자리총점":36.233,
            "가치 총점":25.4515,
            "매매실거래년":20211119.0,
            "매매실거래가":15300.0,
            "전세실거래년":20201006.0,
            "전세실거래가":10000.0,
            "전세가율":75.76,
            "장기전세가율평균":72.53,
            "전세가율거품지수":-3.23,
            "검색코드":6007,
            "세대수":120.0,
            "준공년월":"1989-04-18",
            "준공년차":34.0,
            "가까운역이름":"NA",
            "가까운역거리":"NA",
            "역세권여부":"NA",
            "30분이내주요거점역":"NA",
            "1시간이내주요거점역":"NA",
            "3km이내백화점수":0,
            "5km이내아울렛몰수":0,
            "1km이내대형먀트수":0,
            "500m이내은행수":0,
            "500m이내병원수":1,
            "5km이내대형병원수":3,
            "500m이내공원수":0,
            "3km이내혐오시설수":0,
            "초등학교학업성취도":84.73,
            "중학교학업성취도":89.9,
            "용적률":0,
            "건폐율":0,
            "Y":35.517464,
            "X":129.315259,
            "rank":169.0,
            "area_info":"22평(73.25), 25평(82.81), 27평(92.46)",
            "last_sales":"2021-11-19,15300.0,27평(92.46)"
        },
        {
            "index":257,
            "아파트명":"강남파크맨션",
            "투자타입":"재건축",
            "전용면적(m2)":"79.53",
            "전용면적(평)":"24평",
            "법정동주소":"울산시 남구 선암동 626",
            "도로명주소":"울산시 남구 두왕로190번길 50",
            "세대수":0,
            "입주년차":"--",
            "용적률점수":0,
            "건폐율점수":0,
            "세대당주차수":"--",
            "난방방식":"--",
            "공급면적":50,
            "전용률":60,
            "욕실수":"--",
            "현관타입":"--",
            "주거총점":5.5,
            "지역구공급총점":0.0,
            "역세권":"NA",
            "30분내 이동가능 거점":"NA",
            "1시간내 이동가능 거점":"NA",
            "교통총점":"NA",
            "백화점":0,
            "아울렛몰":0,
            "대형마트":0,
            "은행":0,
            "병원":0,
            "종합병원":100,
            "공원":0,
            "혐오시설":0,
            "인프라총점":20.0,
            "초등학군":84.73,
            "중학군":54.7,
            "학군총점":60.706,
            "인구수":38.02,
            "인구증감":-14.98,
            "인구총점":22.12,
            "일자리":22.4,
            "소득수준":68.51,
            "일자리총점":36.233,
            "가치 총점":25.1015,
            "매매실거래년":20211116.0,
            "매매실거래가":12200.0,
            "전세실거래년":20200525.0,
            "전세실거래가":9500.0,
            "전세가율":76.61,
            "장기전세가율평균":72.53,
            "전세가율거품지수":-4.08,
            "검색코드":12104,
            "세대수":176.0,
            "준공년월":"1991-05-20",
            "준공년차":32.0,
            "가까운역이름":"NA",
            "가까운역거리":"NA",
            "역세권여부":"NA",
            "30분이내주요거점역":"NA",
            "1시간이내주요거점역":"NA",
            "3km이내백화점수":0,
            "5km이내아울렛몰수":0,
            "1km이내대형먀트수":0,
            "500m이내은행수":0,
            "500m이내병원수":1,
            "5km이내대형병원수":3,
            "500m이내공원수":0,
            "3km이내혐오시설수":0,
            "초등학교학업성취도":84.73,
            "중학교학업성취도":89.9,
            "용적률":0,
            "건폐율":0,
            "Y":35.516745,
            "X":129.315963,
            "rank":170.0,
            "area_info":"24평(79.53), 25평(85.8), 29평(96.55), 33평(111.03)",
            "last_sales":"2021-11-16,12200.0,25평(85.8)"
        }
    ]
}