{
    "schema":{
        "fields":[
            {
                "name":"index",
                "type":"integer"
            },
            {
                "name":"아파트명",
                "type":"string"
            },
            {
                "name":"투자타입",
                "type":"string"
            },
            {
                "name":"전용면적(m2)",
                "type":"string"
            },
            {
                "name":"전용면적(평)",
                "type":"string"
            },
            {
                "name":"법정동주소",
                "type":"string"
            },
            {
                "name":"도로명주소",
                "type":"string"
            },
            {
                "name":"세대수",
                "type":"integer"
            },
            {
                "name":"입주년차",
                "type":"string"
            },
            {
                "name":"용적률점수",
                "type":"string"
            },
            {
                "name":"건폐율점수",
                "type":"string"
            },
            {
                "name":"세대당주차수",
                "type":"string"
            },
            {
                "name":"난방방식",
                "type":"string"
            },
            {
                "name":"공급면적",
                "type":"string"
            },
            {
                "name":"전용률",
                "type":"string"
            },
            {
                "name":"욕실수",
                "type":"string"
            },
            {
                "name":"현관타입",
                "type":"string"
            },
            {
                "name":"주거총점",
                "type":"number"
            },
            {
                "name":"지역구공급총점",
                "type":"number"
            },
            {
                "name":"역세권",
                "type":"integer"
            },
            {
                "name":"30분내 이동가능 거점",
                "type":"integer"
            },
            {
                "name":"1시간내 이동가능 거점",
                "type":"integer"
            },
            {
                "name":"교통총점",
                "type":"number"
            },
            {
                "name":"백화점",
                "type":"integer"
            },
            {
                "name":"아울렛몰",
                "type":"integer"
            },
            {
                "name":"대형마트",
                "type":"integer"
            },
            {
                "name":"은행",
                "type":"integer"
            },
            {
                "name":"병원",
                "type":"integer"
            },
            {
                "name":"종합병원",
                "type":"integer"
            },
            {
                "name":"공원",
                "type":"integer"
            },
            {
                "name":"혐오시설",
                "type":"integer"
            },
            {
                "name":"인프라총점",
                "type":"number"
            },
            {
                "name":"초등학군",
                "type":"number"
            },
            {
                "name":"중학군",
                "type":"number"
            },
            {
                "name":"학군총점",
                "type":"number"
            },
            {
                "name":"인구수",
                "type":"number"
            },
            {
                "name":"인구증감",
                "type":"number"
            },
            {
                "name":"인구총점",
                "type":"number"
            },
            {
                "name":"일자리",
                "type":"number"
            },
            {
                "name":"소득수준",
                "type":"number"
            },
            {
                "name":"일자리총점",
                "type":"number"
            },
            {
                "name":"가치 총점",
                "type":"number"
            },
            {
                "name":"매매실거래년",
                "type":"string"
            },
            {
                "name":"매매실거래가",
                "type":"number"
            },
            {
                "name":"전세실거래년",
                "type":"number"
            },
            {
                "name":"전세실거래가",
                "type":"number"
            },
            {
                "name":"전세가율",
                "type":"number"
            },
            {
                "name":"장기전세가율평균",
                "type":"number"
            },
            {
                "name":"전세가율거품지수",
                "type":"number"
            },
            {
                "name":"검색코드",
                "type":"integer"
            },
            {
                "name":"세대수",
                "type":"number"
            },
            {
                "name":"준공년월",
                "type":"string"
            },
            {
                "name":"준공년차",
                "type":"number"
            },
            {
                "name":"가까운역이름",
                "type":"string"
            },
            {
                "name":"가까운역거리",
                "type":"number"
            },
            {
                "name":"역세권여부",
                "type":"string"
            },
            {
                "name":"30분이내주요거점역",
                "type":"integer"
            },
            {
                "name":"1시간이내주요거점역",
                "type":"integer"
            },
            {
                "name":"3km이내백화점수",
                "type":"integer"
            },
            {
                "name":"5km이내아울렛몰수",
                "type":"integer"
            },
            {
                "name":"1km이내대형먀트수",
                "type":"integer"
            },
            {
                "name":"500m이내은행수",
                "type":"integer"
            },
            {
                "name":"500m이내병원수",
                "type":"integer"
            },
            {
                "name":"5km이내대형병원수",
                "type":"integer"
            },
            {
                "name":"500m이내공원수",
                "type":"integer"
            },
            {
                "name":"3km이내혐오시설수",
                "type":"integer"
            },
            {
                "name":"초등학교학업성취도",
                "type":"number"
            },
            {
                "name":"중학교학업성취도",
                "type":"number"
            },
            {
                "name":"용적률",
                "type":"integer"
            },
            {
                "name":"건폐율",
                "type":"integer"
            },
            {
                "name":"Y",
                "type":"number"
            },
            {
                "name":"X",
                "type":"number"
            },
            {
                "name":"rank",
                "type":"number"
            },
            {
                "name":"area_info",
                "type":"string"
            },
            {
                "name":"last_sales",
                "type":"string"
            }
        ],
        "primaryKey":[
            "index"
        ],
        "pandas_version":"1.4.0"
    },
    "data":[
        {
            "index":430,
            "아파트명":"문촌16단지뉴삼익",
            "투자타입":"일반",
            "전용면적(m2)":"73.35",
            "전용면적(평)":"22평",
            "법정동주소":"경기도 고양시 일산서구 주엽동 117",
            "도로명주소":"경기도 고양시 일산서구 주엽로 122",
            "세대수":90,
            "입주년차":0,
            "용적률점수":"--",
            "건폐율점수":"--",
            "세대당주차수":0,
            "난방방식":100,
            "공급면적":"--",
            "전용률":"--",
            "욕실수":50,
            "현관타입":100,
            "주거총점":56.5,
            "지역구공급총점":100.0,
            "역세권":80,
            "30분내 이동가능 거점":20,
            "1시간내 이동가능 거점":30,
            "교통총점":52.0,
            "백화점":100,
            "아울렛몰":80,
            "대형마트":100,
            "은행":100,
            "병원":100,
            "종합병원":100,
            "공원":100,
            "혐오시설":0,
            "인프라총점":96.0,
            "초등학군":87.05,
            "중학군":51.84,
            "학군총점":58.882,
            "인구수":35.27,
            "인구증감":12.19,
            "인구총점":28.346,
            "일자리":2.7,
            "소득수준":51.54,
            "일자리총점":17.352,
            "가치 총점":67.1323,
            "매매실거래년":20210810.0,
            "매매실거래가":88500.0,
            "전세실거래년":20211211.0,
            "전세실거래가":23100.0,
            "전세가율":36.78,
            "장기전세가율평균":71.04,
            "전세가율거품지수":34.26,
            "검색코드":1373,
            "세대수":956.0,
            "준공년월":"1994-05-26",
            "준공년차":29.0,
            "가까운역이름":"주엽",
            "가까운역거리":262.28,
            "역세권여부":"역세권",
            "30분이내주요거점역":1,
            "1시간이내주요거점역":3,
            "3km이내백화점수":2,
            "5km이내아울렛몰수":1,
            "1km이내대형먀트수":2,
            "500m이내은행수":6,
            "500m이내병원수":86,
            "5km이내대형병원수":5,
            "500m이내공원수":3,
            "3km이내혐오시설수":0,
            "초등학교학업성취도":87.05,
            "중학교학업성취도":84.2,
            "용적률":182,
            "건폐율":16,
            "Y":37.668966,
            "X":126.758702,
            "rank":1.0,
            "area_info":"22평(73.35), 26평(86.12), 31평(104.14)",
            "last_sales":"2021-08-10,88500.0,31평(104.14)"
        },
        {
            "index":378,
            "아파트명":"강선19단지우성",
            "투자타입":"일반",
            "전용면적(m2)":"121.35",
            "전용면적(평)":"36평",
            "법정동주소":"경기도 고양시 일산서구 주엽동 98",
            "도로명주소":"경기도 고양시 일산서구 강선로 9",
            "세대수":50,
            "입주년차":0,
            "용적률점수":"--",
            "건폐율점수":"--",
            "세대당주차수":60,
            "난방방식":100,
            "공급면적":"--",
            "전용률":"--",
            "욕실수":100,
            "현관타입":100,
            "주거총점":56.5,
            "지역구공급총점":100.0,
            "역세권":80,
            "30분내 이동가능 거점":20,
            "1시간내 이동가능 거점":30,
            "교통총점":52.0,
            "백화점":100,
            "아울렛몰":80,
            "대형마트":100,
            "은행":100,
            "병원":100,
            "종합병원":100,
            "공원":100,
            "혐오시설":0,
            "인프라총점":96.0,
            "초등학군":84.55,
            "중학군":51.84,
            "학군총점":58.382,
            "인구수":35.27,
            "인구증감":12.19,
            "인구총점":28.346,
            "일자리":2.7,
            "소득수준":51.54,
            "일자리총점":17.352,
            "가치 총점":67.0573,
            "매매실거래년":20210816.0,
            "매매실거래가":120000.0,
            "전세실거래년":20211209.0,
            "전세실거래가":40800.0,
            "전세가율":62.77,
            "장기전세가율평균":71.04,
            "전세가율거품지수":8.27,
            "검색코드":1370,
            "세대수":412.0,
            "준공년월":"1994-03-30",
            "준공년차":29.0,
            "가까운역이름":"주엽",
            "가까운역거리":407.01,
            "역세권여부":"역세권",
            "30분이내주요거점역":1,
            "1시간이내주요거점역":3,
            "3km이내백화점수":2,
            "5km이내아울렛몰수":1,
            "1km이내대형먀트수":2,
            "500m이내은행수":6,
            "500m이내병원수":72,
            "5km이내대형병원수":5,
            "500m이내공원수":3,
            "3km이내혐오시설수":0,
            "초등학교학업성취도":84.55,
            "중학교학업성취도":84.2,
            "용적률":183,
            "건폐율":13,
            "Y":37.6666,
            "X":126.75987,
            "rank":2.0,
            "area_info":"36평(121.35), 44평(146.42), 48평(161.29), 57평(189.12)",
            "last_sales":"2021-08-16,120000.0,57평(189.12)"
        },
        {
            "index":481,
            "아파트명":"문촌9단지주공",
            "투자타입":"일반",
            "전용면적(m2)":"63.7",
            "전용면적(평)":"19평",
            "법정동주소":"경기도 고양시 일산서구 주엽동 23",
            "도로명주소":"경기도 고양시 일산서구 주엽로 156",
            "세대수":90,
            "입주년차":0,
            "용적률점수":"--",
            "건폐율점수":"--",
            "세대당주차수":0,
            "난방방식":100,
            "공급면적":"--",
            "전용률":"--",
            "욕실수":50,
            "현관타입":10,
            "주거총점":47.5,
            "지역구공급총점":100.0,
            "역세권":80,
            "30분내 이동가능 거점":20,
            "1시간내 이동가능 거점":30,
            "교통총점":52.0,
            "백화점":100,
            "아울렛몰":80,
            "대형마트":100,
            "은행":100,
            "병원":100,
            "종합병원":100,
            "공원":100,
            "혐오시설":0,
            "인프라총점":96.0,
            "초등학군":90.0,
            "중학군":58.44,
            "학군총점":64.752,
            "인구수":35.27,
            "인구증감":12.19,
            "인구총점":28.346,
            "일자리":2.7,
            "소득수준":51.54,
            "일자리총점":17.352,
            "가치 총점":66.2128,
            "매매실거래년":20220112.0,
            "매매실거래가":40500.0,
            "전세실거래년":20211129.0,
            "전세실거래가":26800.0,
            "전세가율":66.17,
            "장기전세가율평균":71.04,
            "전세가율거품지수":4.87,
            "검색코드":1390,
            "세대수":912.0,
            "준공년월":"1995-09-02",
            "준공년차":28.0,
            "가까운역이름":"주엽",
            "가까운역거리":266.17,
            "역세권여부":"역세권",
            "30분이내주요거점역":1,
            "1시간이내주요거점역":3,
            "3km이내백화점수":2,
            "5km이내아울렛몰수":1,
            "1km이내대형먀트수":2,
            "500m이내은행수":6,
            "500m이내병원수":93,
            "5km이내대형병원수":5,
            "500m이내공원수":6,
            "3km이내혐오시설수":0,
            "초등학교학업성취도":90.0,
            "중학교학업성취도":92.0,
            "용적률":129,
            "건폐율":12,
            "Y":37.67245,
            "X":126.76168,
            "rank":3.0,
            "area_info":"19평(63.7), 20평(68.93)",
            "last_sales":"2022-01-12,40500.0,19평(63.7)"
        },
        {
            "index":404,
            "아파트명":"강선7단지삼환,유원",
            "투자타입":"일반",
            "전용면적(m2)":"74.43",
            "전용면적(평)":"22평",
            "법정동주소":"경기도 고양시 일산서구 주엽동 65",
            "도로명주소":"경기도 고양시 일산서구 강선로 71",
            "세대수":80,
            "입주년차":0,
            "용적률점수":"--",
            "건폐율점수":"--",
            "세대당주차수":0,
            "난방방식":100,
            "공급면적":"--",
            "전용률":"--",
            "욕실수":50,
            "현관타입":100,
            "주거총점":53.0,
            "지역구공급총점":100.0,
            "역세권":80,
            "30분내 이동가능 거점":20,
            "1시간내 이동가능 거점":30,
            "교통총점":52.0,
            "백화점":100,
            "아울렛몰":80,
            "대형마트":80,
            "은행":100,
            "병원":100,
            "종합병원":100,
            "공원":100,
            "혐오시설":0,
            "인프라총점":93.0,
            "초등학군":88.57,
            "중학군":55.24,
            "학군총점":61.906,
            "인구수":35.27,
            "인구증감":12.19,
            "인구총점":28.346,
            "일자리":2.7,
            "소득수준":51.54,
            "일자리총점":17.352,
            "가치 총점":65.9859,
            "매매실거래년":20211223.0,
            "매매실거래가":66000.0,
            "전세실거래년":20220111.0,
            "전세실거래가":23000.0,
            "전세가율":42.59,
            "장기전세가율평균":71.04,
            "전세가율거품지수":28.45,
            "검색코드":1369,
            "세대수":816.0,
            "준공년월":"1993-10-25",
            "준공년차":30.0,
            "가까운역이름":"주엽",
            "가까운역거리":241.09,
            "역세권여부":"역세권",
            "30분이내주요거점역":1,
            "1시간이내주요거점역":3,
            "3km이내백화점수":2,
            "5km이내아울렛몰수":1,
            "1km이내대형먀트수":1,
            "500m이내은행수":7,
            "500m이내병원수":92,
            "5km이내대형병원수":5,
            "500m이내공원수":3,
            "3km이내혐오시설수":0,
            "초등학교학업성취도":88.57,
            "중학교학업성취도":89.0,
            "용적률":183,
            "건폐율":14,
            "Y":37.671011,
            "X":126.763803,
            "rank":4.0,
            "area_info":"22평(74.43), 26평(87.78), 31평(104.69)",
            "last_sales":"2021-12-23,66000.0,26평(87.78)"
        },
        {
            "index":365,
            "아파트명":"강선14단지두산",
            "투자타입":"일반",
            "전용면적(m2)":"77.96",
            "전용면적(평)":"23평",
            "법정동주소":"경기도 고양시 일산서구 주엽동 101",
            "도로명주소":"경기도 고양시 일산서구 강선로 33",
            "세대수":80,
            "입주년차":0,
            "용적률점수":"--",
            "건폐율점수":"--",
            "세대당주차수":0,
            "난방방식":100,
            "공급면적":"--",
            "전용률":"--",
            "욕실수":50,
            "현관타입":10,
            "주거총점":44.0,
            "지역구공급총점":100.0,
            "역세권":80,
            "30분내 이동가능 거점":20,
            "1시간내 이동가능 거점":50,
            "교통총점":56.0,
            "백화점":100,
            "아울렛몰":80,
            "대형마트":100,
            "은행":100,
            "병원":100,
            "종합병원":100,
            "공원":100,
            "혐오시설":0,
            "인프라총점":96.0,
            "초등학군":84.55,
            "중학군":51.84,
            "학군총점":58.382,
            "인구수":35.27,
            "인구증감":12.19,
            "인구총점":28.346,
            "일자리":2.7,
            "소득수준":51.54,
            "일자리총점":17.352,
            "가치 총점":65.9573,
            "매매실거래년":20211216.0,
            "매매실거래가":54900.0,
            "전세실거래년":20220111.0,
            "전세실거래가":32000.0,
            "전세가율":58.29,
            "장기전세가율평균":71.04,
            "전세가율거품지수":12.75,
            "검색코드":1365,
            "세대수":792.0,
            "준공년월":"1994-03-30",
            "준공년차":29.0,
            "가까운역이름":"주엽",
            "가까운역거리":177.9,
            "역세권여부":"역세권",
            "30분이내주요거점역":1,
            "1시간이내주요거점역":5,
            "3km이내백화점수":2,
            "5km이내아울렛몰수":1,
            "1km이내대형먀트수":2,
            "500m이내은행수":7,
            "500m이내병원수":87,
            "5km이내대형병원수":5,
            "500m이내공원수":5,
            "3km이내혐오시설수":0,
            "초등학교학업성취도":84.55,
            "중학교학업성취도":84.2,
            "용적률":182,
            "건폐율":14,
            "Y":37.668479,
            "X":126.761147,
            "rank":5.0,
            "area_info":"23평(77.96), 25평(85.36), 31평(104.67)",
            "last_sales":"2021-12-16,54900.0,23평(77.96)"
        },
        {
            "index":368,
            "아파트명":"강선15단지보성",
            "투자타입":"일반",
            "전용면적(m2)":"75.36",
            "전용면적(평)":"22평",
            "법정동주소":"경기도 고양시 일산서구 주엽동 84",
            "도로명주소":"경기도 고양시 일산서구 강선로 30",
            "세대수":50,
            "입주년차":0,
            "용적률점수":"--",
            "건폐율점수":"--",
            "세대당주차수":0,
            "난방방식":100,
            "공급면적":"--",
            "전용률":"--",
            "욕실수":50,
            "현관타입":100,
            "주거총점":42.5,
            "지역구공급총점":100.0,
            "역세권":80,
            "30분내 이동가능 거점":20,
            "1시간내 이동가능 거점":40,
            "교통총점":54.0,
            "백화점":100,
            "아울렛몰":80,
            "대형마트":100,
            "은행":100,
            "병원":100,
            "종합병원":100,
            "공원":100,
            "혐오시설":0,
            "인프라총점":96.0,
            "초등학군":84.55,
            "중학군":55.24,
            "학군총점":61.102,
            "인구수":35.27,
            "인구증감":12.19,
            "인구총점":28.346,
            "일자리":2.7,
            "소득수준":51.54,
            "일자리총점":17.352,
            "가치 총점":65.3653,
            "매매실거래년":20211130.0,
            "매매실거래가":70000.0,
            "전세실거래년":20211121.0,
            "전세실거래가":19950.0,
            "전세가율":40.88,
            "장기전세가율평균":71.04,
            "전세가율거품지수":30.16,
            "검색코드":1368,
            "세대수":604.0,
            "준공년월":"1993-12-02",
            "준공년차":30.0,
            "가까운역이름":"주엽",
            "가까운역거리":428.52,
            "역세권여부":"역세권",
            "30분이내주요거점역":1,
            "1시간이내주요거점역":4,
            "3km이내백화점수":2,
            "5km이내아울렛몰수":1,
            "1km이내대형먀트수":2,
            "500m이내은행수":6,
            "500m이내병원수":72,
            "5km이내대형병원수":5,
            "500m이내공원수":3,
            "3km이내혐오시설수":0,
            "초등학교학업성취도":84.55,
            "중학교학업성취도":89.0,
            "용적률":162,
            "건폐율":19,
            "Y":37.66649,
            "X":126.76313,
            "rank":6.0,
            "area_info":"22평(75.36), 26평(88.69), 32평(106.5)",
            "last_sales":"2021-11-30,70000.0,32평(106.5)"
        },
        {
            "index":298,
            "아파트명":"후곡10단지동아서안임광",
            "투자타입":"일반",
            "전용면적(m2)":"123.08",
            "전용면적(평)":"37평",
            "법정동주소":"경기도 고양시 일산서구 일산동 1074",
            "도로명주소":"경기도 고양시 일산서구 강선로 187",
            "세대수":50,
            "입주년차":0,
            "용적률점수":"--",
            "건폐율점수":"--",
            "세대당주차수":80,
            "난방방식":100,
            "공급면적":"--",
            "전용률":"--",
            "욕실수":100,
            "현관타입":100,
            "주거총점":59.5,
            "지역구공급총점":100.0,
            "역세권":80,
            "30분내 이동가능 거점":20,
            "1시간내 이동가능 거점":80,
            "교통총점":62.0,
            "백화점":100,
            "아울렛몰":80,
            "대형마트":0,
            "은행":70,
            "병원":60,
            "종합병원":100,
            "공원":80,
            "혐오시설":0,
            "인프라총점":73.4,
            "초등학군":100.0,
            "중학군":56.1,
            "학군총점":64.88,
            "인구수":35.27,
            "인구증감":12.19,
            "인구총점":28.346,
            "일자리":2.7,
            "소득수준":51.54,
            "일자리총점":17.352,
            "가치 총점":65.352,
            "매매실거래년":20211027.0,
            "매매실거래가":99000.0,
            "전세실거래년":20211216.0,
            "전세실거래가":40950.0,
            "전세가율":51.32,
            "장기전세가율평균":71.04,
            "전세가율거품지수":19.72,
            "검색코드":100255,
            "세대수":516.0,
            "준공년월":"1995-03-30",
            "준공년차":28.0,
            "가까운역이름":"일산",
            "가까운역거리":211.87,
            "역세권여부":"역세권",
            "30분이내주요거점역":1,
            "1시간이내주요거점역":8,
            "3km이내백화점수":2,
            "5km이내아울렛몰수":1,
            "1km이내대형먀트수":0,
            "500m이내은행수":4,
            "500m이내병원수":23,
            "5km이내대형병원수":5,
            "500m이내공원수":1,
            "3km이내혐오시설수":0,
            "초등학교학업성취도":100.0,
            "중학교학업성취도":89.3,
            "용적률":182,
            "건폐율":15,
            "Y":37.680214,
            "X":126.769341,
            "rank":7.0,
            "area_info":"37평(123.08), 37평(123.08), 37평(123.08), 46평(152.65), 46평(152.65), 46평(152.65), 55평(182.79), 55평(182.79), 55평(182.79)",
            "last_sales":"2021-10-27,99000.0,46평(152.65)"
        },
        {
            "index":400,
            "아파트명":"강선6단지금호,한양",
            "투자타입":"일반",
            "전용면적(m2)":"120.83",
            "전용면적(평)":"36평",
            "법정동주소":"경기도 고양시 일산서구 주엽동 50",
            "도로명주소":"경기도 고양시 일산서구 대산로 99",
            "세대수":50,
            "입주년차":0,
            "용적률점수":"--",
            "건폐율점수":"--",
            "세대당주차수":60,
            "난방방식":100,
            "공급면적":"--",
            "전용률":"--",
            "욕실수":100,
            "현관타입":100,
            "주거총점":56.5,
            "지역구공급총점":100.0,
            "역세권":80,
            "30분내 이동가능 거점":20,
            "1시간내 이동가능 거점":30,
            "교통총점":52.0,
            "백화점":100,
            "아울렛몰":80,
            "대형마트":80,
            "은행":70,
            "병원":80,
            "종합병원":100,
            "공원":100,
            "혐오시설":0,
            "인프라총점":88.0,
            "초등학군":88.57,
            "중학군":55.24,
            "학군총점":61.906,
            "인구수":35.27,
            "인구증감":12.19,
            "인구총점":28.346,
            "일자리":2.7,
            "소득수준":51.54,
            "일자리총점":17.352,
            "가치 총점":65.1859,
            "매매실거래년":20211007.0,
            "매매실거래가":117500.0,
            "전세실거래년":20220110.0,
            "전세실거래가":33600.0,
            "전세가율":39.53,
            "장기전세가율평균":71.04,
            "전세가율거품지수":31.51,
            "검색코드":25867,
            "세대수":556.0,
            "준공년월":"1994-08-01",
            "준공년차":29.0,
            "가까운역이름":"주엽",
            "가까운역거리":487.32,
            "역세권여부":"역세권",
            "30분이내주요거점역":1,
            "1시간이내주요거점역":3,
            "3km이내백화점수":2,
            "5km이내아울렛몰수":1,
            "1km이내대형먀트수":1,
            "500m이내은행수":3,
            "500m이내병원수":56,
            "5km이내대형병원수":5,
            "500m이내공원수":5,
            "3km이내혐오시설수":0,
            "초등학교학업성취도":88.57,
            "중학교학업성취도":89.0,
            "용적률":201,
            "건폐율":14,
            "Y":37.672975,
            "X":126.765482,
            "rank":8.0,
            "area_info":"36평(120.83), 48평(161.49), 57평(191.2), 66평(219.56)",
            "last_sales":"2021-10-07,117500.0,57평(191.2)"
        },
        {
            "index":456,
            "아파트명":"문촌4단지삼익",
            "투자타입":"일반",
            "전용면적(m2)":"122.07",
            "전용면적(평)":"36평",
            "법정동주소":"경기도 고양시 일산서구 주엽동 29",
            "도로명주소":"경기도 고양시 일산서구 대산로 141",
            "세대수":50,
            "입주년차":0,
            "용적률점수":"--",
            "건폐율점수":"--",
            "세대당주차수":60,
            "난방방식":100,
            "공급면적":"--",
            "전용률":"--",
            "욕실수":100,
            "현관타입":100,
            "주거총점":56.5,
            "지역구공급총점":100.0,
            "역세권":80,
            "30분내 이동가능 거점":20,
            "1시간내 이동가능 거점":20,
            "교통총점":50.0,
            "백화점":100,
            "아울렛몰":80,
            "대형마트":80,
            "은행":20,
            "병원":100,
            "종합병원":100,
            "공원":100,
            "혐오시설":0,
            "인프라총점":85.0,
            "초등학군":90.0,
            "중학군":58.44,
            "학군총점":64.752,
            "인구수":35.27,
            "인구증감":12.19,
            "인구총점":28.346,
            "일자리":2.7,
            "소득수준":51.54,
            "일자리총점":17.352,
            "가치 총점":64.0128,
            "매매실거래년":20211010.0,
            "매매실거래가":81000.0,
            "전세실거래년":20211204.0,
            "전세실거래가":36750.0,
            "전세가율":45.37,
            "장기전세가율평균":71.04,
            "전세가율거품지수":25.67,
            "검색코드":1379,
            "세대수":540.0,
            "준공년월":"1994-04-25",
            "준공년차":29.0,
            "가까운역이름":"주엽",
            "가까운역거리":446.65,
            "역세권여부":"역세권",
            "30분이내주요거점역":1,
            "1시간이내주요거점역":2,
            "3km이내백화점수":2,
            "5km이내아울렛몰수":1,
            "1km이내대형먀트수":1,
            "500m이내은행수":2,
            "500m이내병원수":65,
            "5km이내대형병원수":5,
            "500m이내공원수":6,
            "3km이내혐오시설수":0,
            "초등학교학업성취도":90.0,
            "중학교학업성취도":92.0,
            "용적률":196,
            "건폐율":14,
            "Y":37.674047,
            "X":126.762064,
            "rank":9.0,
            "area_info":"36평(122.07), 46평(153.34), 65평(217.04)",
            "last_sales":"2021-10-10,81000.0,36평(122.07)"
        },
        {
            "index":477,
            "아파트명":"문촌8단지동아",
            "투자타입":"일반",
            "전용면적(m2)":"73.84",
            "전용면적(평)":"22평",
            "법정동주소":"경기도 고양시 일산서구 주엽동 12",
            "도로명주소":"경기도 고양시 일산서구 주엽로 161",
            "세대수":80,
            "입주년차":0,
            "용적률점수":"--",
            "건폐율점수":"--",
            "세대당주차수":0,
            "난방방식":100,
            "공급면적":"--",
            "전용률":"--",
            "욕실수":50,
            "현관타입":10,
            "주거총점":44.0,
            "지역구공급총점":100.0,
            "역세권":80,
            "30분내 이동가능 거점":20,
            "1시간내 이동가능 거점":40,
            "교통총점":54.0,
            "백화점":100,
            "아울렛몰":80,
            "대형마트":100,
            "은행":70,
            "병원":80,
            "종합병원":100,
            "공원":100,
            "혐오시설":0,
            "인프라총점":91.0,
            "초등학군":90.0,
            "중학군":51.84,
            "학군총점":59.472,
            "인구수":35.27,
            "인구증감":12.19,
            "인구총점":28.346,
            "일자리":2.7,
            "소득수준":51.54,
            "일자리총점":17.352,
            "가치 총점":63.9208,
            "매매실거래년":20211203.0,
            "매매실거래가":65000.0,
            "전세실거래년":20211105.0,
            "전세실거래가":32000.0,
            "전세가율":69.57,
            "장기전세가율평균":71.04,
            "전세가율거품지수":1.47,
            "검색코드":1377,
            "세대수":738.0,
            "준공년월":"1994-06-30",
            "준공년차":29.0,
            "가까운역이름":"주엽",
            "가까운역거리":480.15,
            "역세권여부":"역세권",
            "30분이내주요거점역":1,
            "1시간이내주요거점역":4,
            "3km이내백화점수":2,
            "5km이내아울렛몰수":1,
            "1km이내대형먀트수":2,
            "500m이내은행수":3,
            "500m이내병원수":51,
            "5km이내대형병원수":5,
            "500m이내공원수":4,
            "3km이내혐오시설수":0,
            "초등학교학업성취도":90.0,
            "중학교학업성취도":84.2,
            "용적률":187,
            "건폐율":14,
            "Y":37.67365,
            "X":126.75828,
            "rank":10.0,
            "area_info":"22평(73.84), 22평(74.63), 26평(89.23), 32평(105.86)",
            "last_sales":"2021-12-03,65000.0,32평(105.86)"
        },
        {
            "index":407,
            "아파트명":"강선8단지럭키,롯데",
            "투자타입":"일반",
            "전용면적(m2)":"77.98",
            "전용면적(평)":"23평",
            "법정동주소":"경기도 고양시 일산서구 주엽동 63",
            "도로명주소":"경기도 고양시 일산서구 강선로 70",
            "세대수":90,
            "입주년차":0,
            "용적률점수":"--",
            "건폐율점수":"--",
            "세대당주차수":0,
            "난방방식":100,
            "공급면적":"--",
            "전용률":"--",
            "욕실수":50,
            "현관타입":100,
            "주거총점":56.5,
            "지역구공급총점":100.0,
            "역세권":80,
            "30분내 이동가능 거점":20,
            "1시간내 이동가능 거점":40,
            "교통총점":54.0,
            "백화점":100,
            "아울렛몰":80,
            "대형마트":0,
            "은행":100,
            "병원":100,
            "종합병원":100,
            "공원":100,
            "혐오시설":0,
            "인프라총점":81.0,
            "초등학군":88.57,
            "중학군":55.24,
            "학군총점":61.906,
            "인구수":35.27,
            "인구증감":12.19,
            "인구총점":28.346,
            "일자리":2.7,
            "소득수준":51.54,
            "일자리총점":17.352,
            "가치 총점":63.7859,
            "매매실거래년":20211214.0,
            "매매실거래가":59500.0,
            "전세실거래년":20211213.0,
            "전세실거래가":33000.0,
            "전세가율":69.62,
            "장기전세가율평균":71.04,
            "전세가율거품지수":1.42,
            "검색코드":1366,
            "세대수":966.0,
            "준공년월":"1993-11-26",
            "준공년차":30.0,
            "가까운역이름":"주엽",
            "가까운역거리":448.22,
            "역세권여부":"역세권",
            "30분이내주요거점역":1,
            "1시간이내주요거점역":4,
            "3km이내백화점수":2,
            "5km이내아울렛몰수":1,
            "1km이내대형먀트수":0,
            "500m이내은행수":5,
            "500m이내병원수":66,
            "5km이내대형병원수":5,
            "500m이내공원수":3,
            "3km이내혐오시설수":0,
            "초등학교학업성취도":88.57,
            "중학교학업성취도":89.0,
            "용적률":183,
            "건폐율":15,
            "Y":37.66984,
            "X":126.766418,
            "rank":11.0,
            "area_info":"23평(77.98), 27평(89.97), 31평(104.75)",
            "last_sales":"2021-12-14,59500.0,27평(89.97)"
        },
        {
            "index":332,
            "아파트명":"후곡3단지현대",
            "투자타입":"일반",
            "전용면적(m2)":"119.11",
            "전용면적(평)":"36평",
            "법정동주소":"경기도 고양시 일산서구 일산동 1069",
            "도로명주소":"경기도 고양시 일산서구 후곡로 60",
            "세대수":50,
            "입주년차":0,
            "용적률점수":"--",
            "건폐율점수":"--",
            "세대당주차수":60,
            "난방방식":100,
            "공급면적":"--",
            "전용률":"--",
            "욕실수":100,
            "현관타입":100,
            "주거총점":56.5,
            "지역구공급총점":100.0,
            "역세권":80,
            "30분내 이동가능 거점":20,
            "1시간내 이동가능 거점":80,
            "교통총점":62.0,
            "백화점":100,
            "아울렛몰":80,
            "대형마트":0,
            "은행":20,
            "병원":60,
            "종합병원":100,
            "공원":100,
            "혐오시설":0,
            "인프라총점":69.0,
            "초등학군":99.01,
            "중학군":58.44,
            "학군총점":66.554,
            "인구수":35.27,
            "인구증감":12.19,
            "인구총점":28.346,
            "일자리":2.7,
            "소득수준":51.54,
            "일자리총점":17.352,
            "가치 총점":63.6831,
            "매매실거래년":20211123.0,
            "매매실거래가":90000.0,
            "전세실거래년":20211229.0,
            "전세실거래가":50000.0,
            "전세가율":59.52,
            "장기전세가율평균":71.04,
            "전세가율거품지수":11.52,
            "검색코드":2973,
            "세대수":530.0,
            "준공년월":"1994-10-29",
            "준공년차":29.0,
            "가까운역이름":"일산",
            "가까운역거리":224.45,
            "역세권여부":"역세권",
            "30분이내주요거점역":1,
            "1시간이내주요거점역":8,
            "3km이내백화점수":2,
            "5km이내아울렛몰수":1,
            "1km이내대형먀트수":0,
            "500m이내은행수":2,
            "500m이내병원수":18,
            "5km이내대형병원수":5,
            "500m이내공원수":2,
            "3km이내혐오시설수":0,
            "초등학교학업성취도":99.01,
            "중학교학업성취도":92.0,
            "용적률":182,
            "건폐율":16,
            "Y":37.681599,
            "X":126.767368,
            "rank":12.0,
            "area_info":"36평(119.11), 47평(156.02), 60평(199.56)",
            "last_sales":"2021-11-23,90000.0,47평(156.02)"
        },
        {
            "index":433,
            "아파트명":"문촌17단지신안",
            "투자타입":"일반",
            "전용면적(m2)":"125.4",
            "전용면적(평)":"37평",
            "법정동주소":"경기도 고양시 일산서구 주엽동 120",
            "도로명주소":"경기도 고양시 일산서구 주엽로 98",
            "세대수":50,
            "입주년차":0,
            "용적률점수":"--",
            "건폐율점수":"--",
            "세대당주차수":60,
            "난방방식":100,
            "공급면적":"--",
            "전용률":"--",
            "욕실수":100,
            "현관타입":100,
            "주거총점":56.5,
            "지역구공급총점":100.0,
            "역세권":80,
            "30분내 이동가능 거점":20,
            "1시간내 이동가능 거점":20,
            "교통총점":50.0,
            "백화점":100,
            "아울렛몰":80,
            "대형마트":100,
            "은행":20,
            "병원":80,
            "종합병원":100,
            "공원":100,
            "혐오시설":0,
            "인프라총점":86.0,
            "초등학군":87.05,
            "중학군":51.84,
            "학군총점":58.882,
            "인구수":35.27,
            "인구증감":12.19,
            "인구총점":28.346,
            "일자리":2.7,
            "소득수준":51.54,
            "일자리총점":17.352,
            "가치 총점":63.4323,
            "매매실거래년":20210913.0,
            "매매실거래가":125000.0,
            "전세실거래년":20220111.0,
            "전세실거래가":39900.0,
            "전세가율":40.71,
            "장기전세가율평균":71.04,
            "전세가율거품지수":30.33,
            "검색코드":1380,
            "세대수":504.0,
            "준공년월":"1994-12-05",
            "준공년차":29.0,
            "가까운역이름":"주엽",
            "가까운역거리":459.11,
            "역세권여부":"역세권",
            "30분이내주요거점역":1,
            "1시간이내주요거점역":2,
            "3km이내백화점수":2,
            "5km이내아울렛몰수":1,
            "1km이내대형먀트수":2,
            "500m이내은행수":2,
            "500m이내병원수":33,
            "5km이내대형병원수":5,
            "500m이내공원수":3,
            "3km이내혐오시설수":0,
            "초등학교학업성취도":87.05,
            "중학교학업성취도":84.2,
            "용적률":184,
            "건폐율":14,
            "Y":37.667831,
            "X":126.756953,
            "rank":13.0,
            "area_info":"37평(125.4), 42평(140.84), 47평(158.12), 61평(204.67)",
            "last_sales":"2021-09-13,125000.0,61평(204.67)"
        },
        {
            "index":315,
            "아파트명":"후곡15단지건영",
            "투자타입":"일반",
            "전용면적(m2)":"74.86",
            "전용면적(평)":"22평",
            "법정동주소":"경기도 고양시 일산서구 일산동 1077",
            "도로명주소":"경기도 고양시 일산서구 강선로 169",
            "세대수":80,
            "입주년차":0,
            "용적률점수":"--",
            "건폐율점수":"--",
            "세대당주차수":0,
            "난방방식":100,
            "공급면적":"--",
            "전용률":"--",
            "욕실수":50,
            "현관타입":100,
            "주거총점":53.0,
            "지역구공급총점":100.0,
            "역세권":80,
            "30분내 이동가능 거점":20,
            "1시간내 이동가능 거점":60,
            "교통총점":58.0,
            "백화점":100,
            "아울렛몰":80,
            "대형마트":0,
            "은행":70,
            "병원":60,
            "종합병원":100,
            "공원":100,
            "혐오시설":0,
            "인프라총점":74.0,
            "초등학군":100.0,
            "중학군":56.1,
            "학군총점":64.88,
            "인구수":35.27,
            "인구증감":12.19,
            "인구총점":28.346,
            "일자리":2.7,
            "소득수준":51.54,
            "일자리총점":17.352,
            "가치 총점":62.832,
            "매매실거래년":20211208.0,
            "매매실거래가":55000.0,
            "전세실거래년":20220107.0,
            "전세실거래가":35000.0,
            "전세가율":63.64,
            "장기전세가율평균":71.04,
            "전세가율거품지수":7.4,
            "검색코드":3855,
            "세대수":766.0,
            "준공년월":"1994-06-30",
            "준공년차":29.0,
            "가까운역이름":"일산",
            "가까운역거리":402.13,
            "역세권여부":"역세권",
            "30분이내주요거점역":1,
            "1시간이내주요거점역":6,
            "3km이내백화점수":2,
            "5km이내아울렛몰수":1,
            "1km이내대형먀트수":0,
            "500m이내은행수":3,
            "500m이내병원수":25,
            "5km이내대형병원수":5,
            "500m이내공원수":4,
            "3km이내혐오시설수":0,
            "초등학교학업성취도":100.0,
            "중학교학업성취도":89.3,
            "용적률":181,
            "건폐율":17,
            "Y":37.678492,
            "X":126.769245,
            "rank":14.0,
            "area_info":"22평(74.86), 26평(87.82), 31평(102.7)",
            "last_sales":"2021-12-08,55000.0,22평(74.86)"
        },
        {
            "index":335,
            "아파트명":"후곡4단지금호한양",
            "투자타입":"일반",
            "전용면적(m2)":"56.66",
            "전용면적(평)":"17평",
            "법정동주소":"경기도 고양시 일산서구 일산동 1066",
            "도로명주소":"경기도 고양시 일산서구 후곡로 36",
            "세대수":80,
            "입주년차":0,
            "용적률점수":"--",
            "건폐율점수":"--",
            "세대당주차수":0,
            "난방방식":100,
            "공급면적":"--",
            "전용률":"--",
            "욕실수":50,
            "현관타입":10,
            "주거총점":44.0,
            "지역구공급총점":100.0,
            "역세권":80,
            "30분내 이동가능 거점":20,
            "1시간내 이동가능 거점":70,
            "교통총점":60.0,
            "백화점":100,
            "아울렛몰":80,
            "대형마트":0,
            "은행":70,
            "병원":60,
            "종합병원":100,
            "공원":100,
            "혐오시설":0,
            "인프라총점":74.0,
            "초등학군":99.01,
            "중학군":58.44,
            "학군총점":66.554,
            "인구수":35.27,
            "인구증감":12.19,
            "인구총점":28.346,
            "일자리":2.7,
            "소득수준":51.54,
            "일자리총점":17.352,
            "가치 총점":61.9831,
            "매매실거래년":20211104.0,
            "매매실거래가":75000.0,
            "전세실거래년":20211208.0,
            "전세실거래가":14170.0,
            "전세가율":43.2,
            "장기전세가율평균":71.04,
            "전세가율거품지수":27.84,
            "검색코드":2964,
            "세대수":752.0,
            "준공년월":"1995-04-25",
            "준공년차":28.0,
            "가까운역이름":"일산",
            "가까운역거리":418.99,
            "역세권여부":"역세권",
            "30분이내주요거점역":1,
            "1시간이내주요거점역":7,
            "3km이내백화점수":2,
            "5km이내아울렛몰수":1,
            "1km이내대형먀트수":0,
            "500m이내은행수":3,
            "500m이내병원수":24,
            "5km이내대형병원수":5,
            "500m이내공원수":4,
            "3km이내혐오시설수":0,
            "초등학교학업성취도":99.01,
            "중학교학업성취도":92.0,
            "용적률":181,
            "건폐율":15,
            "Y":37.679891,
            "X":126.765968,
            "rank":15.0,
            "area_info":"17평(56.66), 17평(57.46), 30평(102.34), 31평(104.46)",
            "last_sales":"2021-11-04,75000.0,31평(104.46)"
        },
        {
            "index":269,
            "아파트명":"일산현대홈타운2차",
            "투자타입":"일반",
            "전용면적(m2)":"76.2",
            "전용면적(평)":"23평",
            "법정동주소":"경기도 고양시 일산서구 일산동 651-1",
            "도로명주소":"경기도 고양시 일산서구 고양대로 706-12",
            "세대수":50,
            "입주년차":20,
            "용적률점수":"--",
            "건폐율점수":"--",
            "세대당주차수":30,
            "난방방식":100,
            "공급면적":"--",
            "전용률":"--",
            "욕실수":50,
            "현관타입":100,
            "주거총점":51.0,
            "지역구공급총점":100.0,
            "역세권":80,
            "30분내 이동가능 거점":20,
            "1시간내 이동가능 거점":60,
            "교통총점":58.0,
            "백화점":100,
            "아울렛몰":80,
            "대형마트":0,
            "은행":70,
            "병원":80,
            "종합병원":100,
            "공원":0,
            "혐오시설":0,
            "인프라총점":73.0,
            "초등학군":87.05,
            "중학군":56.1,
            "학군총점":62.29,
            "인구수":35.27,
            "인구증감":12.19,
            "인구총점":28.346,
            "일자리":2.7,
            "소득수준":51.54,
            "일자리총점":17.352,
            "가치 총점":61.7435,
            "매매실거래년":20220113.0,
            "매매실거래가":74000.0,
            "전세실거래년":20211229.0,
            "전세실거래가":15500.0,
            "전세가율":34.99,
            "장기전세가율평균":71.04,
            "전세가율거품지수":36.05,
            "검색코드":8402,
            "세대수":596.0,
            "준공년월":"2002-04-29",
            "준공년차":21.0,
            "가까운역이름":"일산",
            "가까운역거리":374.26,
            "역세권여부":"역세권",
            "30분이내주요거점역":1,
            "1시간이내주요거점역":6,
            "3km이내백화점수":2,
            "5km이내아울렛몰수":1,
            "1km이내대형먀트수":0,
            "500m이내은행수":3,
            "500m이내병원수":34,
            "5km이내대형병원수":5,
            "500m이내공원수":0,
            "3km이내혐오시설수":0,
            "초등학교학업성취도":87.05,
            "중학교학업성취도":89.3,
            "용적률":199,
            "건폐율":21,
            "Y":37.683008,
            "X":126.773933,
            "rank":16.0,
            "area_info":"23평(76.2), 30평(101.56), 41평(138.77), 47평(157.81), 48평(159.4), 50평(168.38)",
            "last_sales":"2022-01-13,74000.0,47평(157.81)"
        },
        {
            "index":307,
            "아파트명":"후곡11,12단지주공",
            "투자타입":"일반",
            "전용면적(m2)":"83.31",
            "전용면적(평)":"25평",
            "법정동주소":"경기도 고양시 일산서구 일산동 1103",
            "도로명주소":"경기도 고양시 일산서구 강선로 188",
            "세대수":100,
            "입주년차":0,
            "용적률점수":"--",
            "건폐율점수":"--",
            "세대당주차수":0,
            "난방방식":100,
            "공급면적":"--",
            "전용률":"--",
            "욕실수":50,
            "현관타입":10,
            "주거총점":51.0,
            "지역구공급총점":100.0,
            "역세권":80,
            "30분내 이동가능 거점":20,
            "1시간내 이동가능 거점":50,
            "교통총점":56.0,
            "백화점":100,
            "아울렛몰":80,
            "대형마트":0,
            "은행":70,
            "병원":60,
            "종합병원":100,
            "공원":80,
            "혐오시설":0,
            "인프라총점":73.4,
            "초등학군":100.0,
            "중학군":56.1,
            "학군총점":64.88,
            "인구수":35.27,
            "인구증감":12.19,
            "인구총점":28.346,
            "일자리":2.7,
            "소득수준":51.54,
            "일자리총점":17.352,
            "가치 총점":61.552,
            "매매실거래년":20220107.0,
            "매매실거래가":45500.0,
            "전세실거래년":20220106.0,
            "전세실거래가":19950.0,
            "전세가율":43.85,
            "장기전세가율평균":71.04,
            "전세가율거품지수":27.19,
            "검색코드":25814,
            "세대수":1554.0,
            "준공년월":"1995-09-18",
            "준공년차":28.0,
            "가까운역이름":"일산",
            "가까운역거리":419.87,
            "역세권여부":"역세권",
            "30분이내주요거점역":1,
            "1시간이내주요거점역":5,
            "3km이내백화점수":2,
            "5km이내아울렛몰수":1,
            "1km이내대형먀트수":0,
            "500m이내은행수":3,
            "500m이내병원수":13,
            "5km이내대형병원수":5,
            "500m이내공원수":1,
            "3km이내혐오시설수":0,
            "초등학교학업성취도":100.0,
            "중학교학업성취도":89.3,
            "용적률":164,
            "건폐율":13,
            "Y":37.679044,
            "X":126.772688,
            "rank":17.0,
            "area_info":"25평(83.31), 27평(90.88), 27평(91.46)",
            "last_sales":"2022-01-07,45500.0,25평(83.31)"
        },
        {
            "index":98,
            "아파트명":"장성3단지건영",
            "투자타입":"일반",
            "전용면적(m2)":"124.25",
            "전용면적(평)":"37평",
            "법정동주소":"경기도 고양시 일산서구 대화동 2234",
            "도로명주소":"경기도 고양시 일산서구 일산로 808",
            "세대수":30,
            "입주년차":0,
            "용적률점수":"--",
            "건폐율점수":"--",
            "세대당주차수":80,
            "난방방식":100,
            "공급면적":"--",
            "전용률":"--",
            "욕실수":100,
            "현관타입":100,
            "주거총점":52.5,
            "지역구공급총점":100.0,
            "역세권":80,
            "30분내 이동가능 거점":20,
            "1시간내 이동가능 거점":20,
            "교통총점":50.0,
            "백화점":100,
            "아울렛몰":0,
            "대형마트":100,
            "은행":70,
            "병원":60,
            "종합병원":100,
            "공원":100,
            "혐오시설":0,
            "인프라총점":81.0,
            "초등학군":100.0,
            "중학군":49.72,
            "학군총점":59.776,
            "인구수":35.27,
            "인구증감":12.19,
            "인구총점":28.346,
            "일자리":2.7,
            "소득수준":51.54,
            "일자리총점":17.352,
            "가치 총점":61.2664,
            "매매실거래년":20210812.0,
            "매매실거래가":89000.0,
            "전세실거래년":20210914.0,
            "전세실거래가":32000.0,
            "전세가율":35.56,
            "장기전세가율평균":71.04,
            "전세가율거품지수":35.48,
            "검색코드":2913,
            "세대수":354.0,
            "준공년월":"1996-02-28",
            "준공년차":27.0,
            "가까운역이름":"대화",
            "가까운역거리":446.06,
            "역세권여부":"역세권",
            "30분이내주요거점역":1,
            "1시간이내주요거점역":2,
            "3km이내백화점수":2,
            "5km이내아울렛몰수":0,
            "1km이내대형먀트수":2,
            "500m이내은행수":4,
            "500m이내병원수":28,
            "5km이내대형병원수":3,
            "500m이내공원수":2,
            "3km이내혐오시설수":0,
            "초등학교학업성취도":100.0,
            "중학교학업성취도":80.6,
            "용적률":182,
            "건폐율":19,
            "Y":37.67227,
            "X":126.74601,
            "rank":18.0,
            "area_info":"37평(124.25), 48평(159.15), 53평(175.85)",
            "last_sales":"2021-08-12,89000.0,53평(175.85)"
        },
        {
            "index":216,
            "아파트명":"유진스웰2단지",
            "투자타입":"일반",
            "전용면적(m2)":"110.01",
            "전용면적(평)":"33평",
            "법정동주소":"경기도 고양시 일산서구 일산동 2147",
            "도로명주소":"경기도 고양시 일산서구 일중로15번길 128",
            "세대수":0,
            "입주년차":60,
            "용적률점수":"--",
            "건폐율점수":"--",
            "세대당주차수":80,
            "난방방식":100,
            "공급면적":"--",
            "전용률":"--",
            "욕실수":100,
            "현관타입":100,
            "주거총점":54.0,
            "지역구공급총점":100.0,
            "역세권":80,
            "30분내 이동가능 거점":20,
            "1시간내 이동가능 거점":80,
            "교통총점":62.0,
            "백화점":100,
            "아울렛몰":80,
            "대형마트":0,
            "은행":20,
            "병원":60,
            "종합병원":100,
            "공원":0,
            "혐오시설":0,
            "인프라총점":66.0,
            "초등학군":84.26,
            "중학군":51.8,
            "학군총점":58.292,
            "인구수":35.27,
            "인구증감":12.19,
            "인구총점":28.346,
            "일자리":2.7,
            "소득수준":51.54,
            "일자리총점":17.352,
            "가치 총점":61.0438,
            "매매실거래년":20210930.0,
            "매매실거래가":61000.0,
            "전세실거래년":20211016.0,
            "전세실거래가":43000.0,
            "전세가율":70.49,
            "장기전세가율평균":71.04,
            "전세가율거품지수":0.55,
            "검색코드":27869,
            "세대수":237.0,
            "준공년월":"2010-12-17",
            "준공년차":13.0,
            "가까운역이름":"일산",
            "가까운역거리":293.71,
            "역세권여부":"역세권",
            "30분이내주요거점역":1,
            "1시간이내주요거점역":8,
            "3km이내백화점수":2,
            "5km이내아울렛몰수":1,
            "1km이내대형먀트수":0,
            "500m이내은행수":2,
            "500m이내병원수":15,
            "5km이내대형병원수":5,
            "500m이내공원수":0,
            "3km이내혐오시설수":0,
            "초등학교학업성취도":84.26,
            "중학교학업성취도":85.2,
            "용적률":298,
            "건폐율":17,
            "Y":37.684144,
            "X":126.767768,
            "rank":19.0,
            "area_info":"33평(110.01), 33평(110.26), 34평(113.35), 34평(113.21), 34평(113.82), 34평(114.29), 46평(153.66), 57평(191.0), 68평(224.8)",
            "last_sales":"2021-09-30,61000.0,33평(110.01)"
        },
        {
            "index":428,
            "아파트명":"문촌15단지부영",
            "투자타입":"일반",
            "전용면적(m2)":"56.56",
            "전용면적(평)":"17평",
            "법정동주소":"경기도 고양시 일산서구 주엽동 135",
            "도로명주소":"경기도 고양시 일산서구 주엽로 123",
            "세대수":50,
            "입주년차":0,
            "용적률점수":"--",
            "건폐율점수":"--",
            "세대당주차수":0,
            "난방방식":100,
            "공급면적":"--",
            "전용률":"--",
            "욕실수":50,
            "현관타입":10,
            "주거총점":33.5,
            "지역구공급총점":100.0,
            "역세권":80,
            "30분내 이동가능 거점":20,
            "1시간내 이동가능 거점":30,
            "교통총점":52.0,
            "백화점":100,
            "아울렛몰":80,
            "대형마트":100,
            "은행":70,
            "병원":80,
            "종합병원":100,
            "공원":100,
            "혐오시설":0,
            "인프라총점":91.0,
            "초등학군":87.05,
            "중학군":51.84,
            "학군총점":58.882,
            "인구수":35.27,
            "인구증감":12.19,
            "인구총점":28.346,
            "일자리":2.7,
            "소득수준":51.54,
            "일자리총점":17.352,
            "가치 총점":61.0323,
            "매매실거래년":20211218.0,
            "매매실거래가":37000.0,
            "전세실거래년":20220118.0,
            "전세실거래가":17000.0,
            "전세가율":45.95,
            "장기전세가율평균":71.04,
            "전세가율거품지수":25.09,
            "검색코드":1387,
            "세대수":547.0,
            "준공년월":"1993-10-28",
            "준공년차":30.0,
            "가까운역이름":"주엽",
            "가까운역거리":432.69,
            "역세권여부":"역세권",
            "30분이내주요거점역":1,
            "1시간이내주요거점역":3,
            "3km이내백화점수":2,
            "5km이내아울렛몰수":1,
            "1km이내대형먀트수":2,
            "500m이내은행수":3,
            "500m이내병원수":51,
            "5km이내대형병원수":5,
            "500m이내공원수":5,
            "3km이내혐오시설수":0,
            "초등학교학업성취도":87.05,
            "중학교학업성취도":84.2,
            "용적률":132,
            "건폐율":15,
            "Y":37.67078,
            "X":126.7565,
            "rank":20.0,
            "area_info":"17평(56.56), 21평(69.83)",
            "last_sales":"2021-12-18,37000.0,17평(56.56)"
        },
        {
            "index":424,
            "아파트명":"문촌13단지대우",
            "투자타입":"일반",
            "전용면적(m2)":"78.27",
            "전용면적(평)":"23평",
            "법정동주소":"경기도 고양시 일산서구 주엽동 136",
            "도로명주소":"경기도 고양시 일산서구 중앙로 1471",
            "세대수":0,
            "입주년차":0,
            "용적률점수":"--",
            "건폐율점수":"--",
            "세대당주차수":0,
            "난방방식":100,
            "공급면적":"--",
            "전용률":"--",
            "욕실수":50,
            "현관타입":100,
            "주거총점":25.0,
            "지역구공급총점":100.0,
            "역세권":80,
            "30분내 이동가능 거점":20,
            "1시간내 이동가능 거점":50,
            "교통총점":56.0,
            "백화점":100,
            "아울렛몰":80,
            "대형마트":100,
            "은행":70,
            "병원":80,
            "종합병원":100,
            "공원":100,
            "혐오시설":0,
            "인프라총점":91.0,
            "초등학군":87.05,
            "중학군":51.84,
            "학군총점":58.882,
            "인구수":35.27,
            "인구증감":12.19,
            "인구총점":28.346,
            "일자리":2.7,
            "소득수준":51.54,
            "일자리총점":17.352,
            "가치 총점":60.7323,
            "매매실거래년":20211210.0,
            "매매실거래가":48800.0,
            "전세실거래년":20210610.0,
            "전세실거래가":22000.0,
            "전세가율":45.08,
            "장기전세가율평균":71.04,
            "전세가율거품지수":25.96,
            "검색코드":1374,
            "세대수":254.0,
            "준공년월":"1995-11-29",
            "준공년차":28.0,
            "가까운역이름":"주엽",
            "가까운역거리":415.4,
            "역세권여부":"역세권",
            "30분이내주요거점역":1,
            "1시간이내주요거점역":5,
            "3km이내백화점수":2,
            "5km이내아울렛몰수":1,
            "1km이내대형먀트수":2,
            "500m이내은행수":3,
            "500m이내병원수":51,
            "5km이내대형병원수":5,
            "500m이내공원수":5,
            "3km이내혐오시설수":0,
            "초등학교학업성취도":87.05,
            "중학교학업성취도":84.2,
            "용적률":195,
            "건폐율":29,
            "Y":37.671598,
            "X":126.757026,
            "rank":21.0,
            "area_info":"23평(78.27), 30평(99.33)",
            "last_sales":"2021-12-10,48800.0,23평(78.27)"
        },
        {
            "index":239,
            "아파트명":"일산동양",
            "투자타입":"일반",
            "전용면적(m2)":"80.33",
            "전용면적(평)":"24평",
            "법정동주소":"경기도 고양시 일산서구 일산동 955-2",
            "도로명주소":"경기도 고양시 일산서구 고양대로 633",
            "세대수":90,
            "입주년차":40,
            "용적률점수":"--",
            "건폐율점수":"--",
            "세대당주차수":30,
            "난방방식":100,
            "공급면적":"--",
            "전용률":"--",
            "욕실수":100,
            "현관타입":100,
            "주거총점":74.0,
            "지역구공급총점":100.0,
            "역세권":80,
            "30분내 이동가능 거점":20,
            "1시간내 이동가능 거점":50,
            "교통총점":56.0,
            "백화점":100,
            "아울렛몰":0,
            "대형마트":0,
            "은행":20,
            "병원":60,
            "종합병원":100,
            "공원":0,
            "혐오시설":0,
            "인프라총점":58.0,
            "초등학군":84.26,
            "중학군":51.8,
            "학군총점":58.292,
            "인구수":35.27,
            "인구증감":12.19,
            "인구총점":28.346,
            "일자리":2.7,
            "소득수준":51.54,
            "일자리총점":17.352,
            "가치 총점":60.5438,
            "매매실거래년":20211206.0,
            "매매실거래가":61000.0,
            "전세실거래년":20211126.0,
            "전세실거래가":32000.0,
            "전세가율":71.11,
            "장기전세가율평균":71.04,
            "전세가율거품지수":-0.07,
            "검색코드":8548,
            "세대수":954.0,
            "준공년월":"2004-04-29",
            "준공년차":19.0,
            "가까운역이름":"일산",
            "가까운역거리":479.2,
            "역세권여부":"역세권",
            "30분이내주요거점역":1,
            "1시간이내주요거점역":5,
            "3km이내백화점수":2,
            "5km이내아울렛몰수":0,
            "1km이내대형먀트수":0,
            "500m이내은행수":2,
            "500m이내병원수":18,
            "5km이내대형병원수":4,
            "500m이내공원수":0,
            "3km이내혐오시설수":0,
            "초등학교학업성취도":84.26,
            "중학교학업성취도":85.2,
            "용적률":291,
            "건폐율":17,
            "Y":37.686185,
            "X":126.7682,
            "rank":22.0,
            "area_info":"24평(80.33), 33평(110.82)",
            "last_sales":"2021-12-06,61000.0,33평(110.82)"
        },
        {
            "index":296,
            "아파트명":"현대홈타운1차",
            "투자타입":"일반",
            "전용면적(m2)":"81.41",
            "전용면적(평)":"24평",
            "법정동주소":"경기도 고양시 일산서구 일산동 645",
            "도로명주소":"경기도 고양시 일산서구 고양대로 685",
            "세대수":30,
            "입주년차":20,
            "용적률점수":"--",
            "건폐율점수":"--",
            "세대당주차수":30,
            "난방방식":100,
            "공급면적":"--",
            "전용률":"--",
            "욕실수":50,
            "현관타입":100,
            "주거총점":44.0,
            "지역구공급총점":100.0,
            "역세권":80,
            "30분내 이동가능 거점":20,
            "1시간내 이동가능 거점":70,
            "교통총점":60.0,
            "백화점":100,
            "아울렛몰":80,
            "대형마트":0,
            "은행":70,
            "병원":80,
            "종합병원":100,
            "공원":0,
            "혐오시설":0,
            "인프라총점":73.0,
            "초등학군":87.05,
            "중학군":51.8,
            "학군총점":58.85,
            "인구수":35.27,
            "인구증감":12.19,
            "인구총점":28.346,
            "일자리":2.7,
            "소득수준":51.54,
            "일자리총점":17.352,
            "가치 총점":60.5275,
            "매매실거래년":20211218.0,
            "매매실거래가":47000.0,
            "전세실거래년":20211001.0,
            "전세실거래가":19950.0,
            "전세가율":92.79,
            "장기전세가율평균":71.04,
            "전세가율거품지수":-21.75,
            "검색코드":9554,
            "세대수":341.0,
            "준공년월":"2001-03-30",
            "준공년차":22.0,
            "가까운역이름":"일산",
            "가까운역거리":390.73,
            "역세권여부":"역세권",
            "30분이내주요거점역":1,
            "1시간이내주요거점역":7,
            "3km이내백화점수":2,
            "5km이내아울렛몰수":1,
            "1km이내대형먀트수":0,
            "500m이내은행수":3,
            "500m이내병원수":41,
            "5km이내대형병원수":5,
            "500m이내공원수":0,
            "3km이내혐오시설수":0,
            "초등학교학업성취도":87.05,
            "중학교학업성취도":85.2,
            "용적률":297,
            "건폐율":18,
            "Y":37.684364,
            "X":126.773217,
            "rank":23.0,
            "area_info":"24평(81.41), 33평(109.11)",
            "last_sales":"2021-12-18,47000.0,33평(109.11)"
        },
        {
            "index":363,
            "아파트명":"강선12단지두진",
            "투자타입":"일반",
            "전용면적(m2)":"61.2",
            "전용면적(평)":"18평",
            "법정동주소":"경기도 고양시 일산서구 주엽동 83",
            "도로명주소":"경기도 고양시 일산서구 중앙로 1391",
            "세대수":30,
            "입주년차":0,
            "용적률점수":"--",
            "건폐율점수":"--",
            "세대당주차수":60,
            "난방방식":100,
            "공급면적":"--",
            "전용률":"--",
            "욕실수":50,
            "현관타입":10,
            "주거총점":35.5,
            "지역구공급총점":100.0,
            "역세권":80,
            "30분내 이동가능 거점":20,
            "1시간내 이동가능 거점":50,
            "교통총점":56.0,
            "백화점":100,
            "아울렛몰":80,
            "대형마트":0,
            "은행":100,
            "병원":100,
            "종합병원":100,
            "공원":100,
            "혐오시설":0,
            "인프라총점":81.0,
            "초등학군":84.55,
            "중학군":55.24,
            "학군총점":61.102,
            "인구수":35.27,
            "인구증감":12.19,
            "인구총점":28.346,
            "일자리":2.7,
            "소득수준":51.54,
            "일자리총점":17.352,
            "가치 총점":60.1653,
            "매매실거래년":20211105.0,
            "매매실거래가":24000.0,
            "전세실거래년":20220115.0,
            "전세실거래가":14175.0,
            "전세가율":59.06,
            "장기전세가율평균":71.04,
            "전세가율거품지수":11.98,
            "검색코드":2481,
            "세대수":309.0,
            "준공년월":"1994-05-28",
            "준공년차":29.0,
            "가까운역이름":"주엽",
            "가까운역거리":387.76,
            "역세권여부":"역세권",
            "30분이내주요거점역":1,
            "1시간이내주요거점역":5,
            "3km이내백화점수":2,
            "5km이내아울렛몰수":1,
            "1km이내대형먀트수":0,
            "500m이내은행수":6,
            "500m이내병원수":75,
            "5km이내대형병원수":5,
            "500m이내공원수":4,
            "3km이내혐오시설수":0,
            "초등학교학업성취도":84.55,
            "중학교학업성취도":89.0,
            "용적률":173,
            "건폐율":50,
            "Y":37.667949,
            "X":126.764829,
            "rank":24.0,
            "area_info":"18평(61.2)",
            "last_sales":"2021-11-05,24000.0,18평(61.2)"
        },
        {
            "index":413,
            "아파트명":"문촌10단지동부",
            "투자타입":"일반",
            "전용면적(m2)":"82.18",
            "전용면적(평)":"24평",
            "법정동주소":"경기도 고양시 일산서구 주엽동 17",
            "도로명주소":"경기도 고양시 일산서구 중앙로 1470",
            "세대수":0,
            "입주년차":0,
            "용적률점수":"--",
            "건폐율점수":"--",
            "세대당주차수":0,
            "난방방식":100,
            "공급면적":"--",
            "전용률":"--",
            "욕실수":50,
            "현관타입":100,
            "주거총점":25.0,
            "지역구공급총점":100.0,
            "역세권":80,
            "30분내 이동가능 거점":20,
            "1시간내 이동가능 거점":40,
            "교통총점":54.0,
            "백화점":100,
            "아울렛몰":80,
            "대형마트":100,
            "은행":70,
            "병원":80,
            "종합병원":100,
            "공원":100,
            "혐오시설":0,
            "인프라총점":91.0,
            "초등학군":90.0,
            "중학군":51.84,
            "학군총점":59.472,
            "인구수":35.27,
            "인구증감":12.19,
            "인구총점":28.346,
            "일자리":2.7,
            "소득수준":51.54,
            "일자리총점":17.352,
            "가치 총점":60.1208,
            "매매실거래년":20210906.0,
            "매매실거래가":40500.0,
            "전세실거래년":20211105.0,
            "전세실거래가":33000.0,
            "전세가율":77.65,
            "장기전세가율평균":71.04,
            "전세가율거품지수":-6.61,
            "검색코드":1376,
            "세대수":252.0,
            "준공년월":"1996-10-29",
            "준공년차":27.0,
            "가까운역이름":"주엽",
            "가까운역거리":429.75,
            "역세권여부":"역세권",
            "30분이내주요거점역":1,
            "1시간이내주요거점역":4,
            "3km이내백화점수":2,
            "5km이내아울렛몰수":1,
            "1km이내대형먀트수":2,
            "500m이내은행수":3,
            "500m이내병원수":51,
            "5km이내대형병원수":5,
            "500m이내공원수":4,
            "3km이내혐오시설수":0,
            "초등학교학업성취도":90.0,
            "중학교학업성취도":84.2,
            "용적률":196,
            "건폐율":30,
            "Y":37.672623,
            "X":126.757666,
            "rank":25.0,
            "area_info":"24평(82.18), 29평(97.5)",
            "last_sales":"2021-09-06,40500.0,29평(97.5)"
        },
        {
            "index":60,
            "아파트명":"성저2단지세경",
            "투자타입":"일반",
            "전용면적(m2)":"52.54",
            "전용면적(평)":"15평",
            "법정동주소":"경기도 고양시 일산서구 대화동 2209",
            "도로명주소":"경기도 고양시 일산서구 강성로 256",
            "세대수":30,
            "입주년차":20,
            "용적률점수":"--",
            "건폐율점수":"--",
            "세대당주차수":0,
            "난방방식":100,
            "공급면적":"--",
            "전용률":"--",
            "욕실수":50,
            "현관타입":100,
            "주거총점":39.5,
            "지역구공급총점":100.0,
            "역세권":80,
            "30분내 이동가능 거점":20,
            "1시간내 이동가능 거점":30,
            "교통총점":52.0,
            "백화점":100,
            "아울렛몰":0,
            "대형마트":100,
            "은행":70,
            "병원":80,
            "종합병원":100,
            "공원":100,
            "혐오시설":0,
            "인프라총점":83.0,
            "초등학군":89.42,
            "중학군":49.6,
            "학군총점":57.564,
            "인구수":35.27,
            "인구증감":12.19,
            "인구총점":28.346,
            "일자리":2.7,
            "소득수준":51.54,
            "일자리총점":17.352,
            "가치 총점":59.6346,
            "매매실거래년":20211218.0,
            "매매실거래가":43000.0,
            "전세실거래년":20211227.0,
            "전세실거래가":17000.0,
            "전세가율":57.63,
            "장기전세가율평균":71.04,
            "전세가율거품지수":13.41,
            "검색코드":8962,
            "세대수":390.0,
            "준공년월":"2000-06-17",
            "준공년차":23.0,
            "가까운역이름":"대화",
            "가까운역거리":191.26,
            "역세권여부":"역세권",
            "30분이내주요거점역":1,
            "1시간이내주요거점역":3,
            "3km이내백화점수":2,
            "5km이내아울렛몰수":0,
            "1km이내대형먀트수":2,
            "500m이내은행수":4,
            "500m이내병원수":34,
            "5km이내대형병원수":3,
            "500m이내공원수":4,
            "3km이내혐오시설수":0,
            "초등학교학업성취도":89.42,
            "중학교학업성취도":80.8,
            "용적률":132,
            "건폐율":14,
            "Y":37.677263,
            "X":126.749155,
            "rank":26.0,
            "area_info":"15평(52.54), 19평(64.74)",
            "last_sales":"2021-12-18,43000.0,19평(64.74)"
        },
        {
            "index":362,
            "아파트명":"강선11단지태영",
            "투자타입":"일반",
            "전용면적(m2)":"61.63",
            "전용면적(평)":"18평",
            "법정동주소":"경기도 고양시 일산서구 주엽동 73",
            "도로명주소":"경기도 고양시 일산서구 중앙로 1388",
            "세대수":30,
            "입주년차":0,
            "용적률점수":"--",
            "건폐율점수":"--",
            "세대당주차수":60,
            "난방방식":100,
            "공급면적":"--",
            "전용률":"--",
            "욕실수":50,
            "현관타입":10,
            "주거총점":35.5,
            "지역구공급총점":100.0,
            "역세권":80,
            "30분내 이동가능 거점":20,
            "1시간내 이동가능 거점":40,
            "교통총점":54.0,
            "백화점":100,
            "아울렛몰":80,
            "대형마트":0,
            "은행":100,
            "병원":100,
            "종합병원":100,
            "공원":100,
            "혐오시설":0,
            "인프라총점":81.0,
            "초등학군":88.57,
            "중학군":55.24,
            "학군총점":61.906,
            "인구수":35.27,
            "인구증감":12.19,
            "인구총점":28.346,
            "일자리":2.7,
            "소득수준":51.54,
            "일자리총점":17.352,
            "가치 총점":59.5859,
            "매매실거래년":20220113.0,
            "매매실거래가":25000.0,
            "전세실거래년":20211222.0,
            "전세실거래가":20000.0,
            "전세가율":80.0,
            "장기전세가율평균":71.04,
            "전세가율거품지수":-8.96,
            "검색코드":1391,
            "세대수":344.0,
            "준공년월":"1994-12-09",
            "준공년차":29.0,
            "가까운역이름":"주엽",
            "가까운역거리":432.8,
            "역세권여부":"역세권",
            "30분이내주요거점역":1,
            "1시간이내주요거점역":4,
            "3km이내백화점수":2,
            "5km이내아울렛몰수":1,
            "1km이내대형먀트수":0,
            "500m이내은행수":5,
            "500m이내병원수":63,
            "5km이내대형병원수":5,
            "500m이내공원수":4,
            "3km이내혐오시설수":0,
            "초등학교학업성취도":88.57,
            "중학교학업성취도":89.0,
            "용적률":234,
            "건폐율":36,
            "Y":37.668682,
            "X":126.765927,
            "rank":27.0,
            "area_info":"18평(61.63)",
            "last_sales":"2022-01-13,25000.0,18평(61.63)"
        },
        {
            "index":57,
            "아파트명":"성저1단지동익",
            "투자타입":"일반",
            "전용면적(m2)":"72.95",
            "전용면적(평)":"22평",
            "법정동주소":"경기도 고양시 일산서구 대화동 2212",
            "도로명주소":"경기도 고양시 일산서구 대산로 249",
            "세대수":50,
            "입주년차":0,
            "용적률점수":"--",
            "건폐율점수":"--",
            "세대당주차수":0,
            "난방방식":100,
            "공급면적":"--",
            "전용률":"--",
            "욕실수":50,
            "현관타입":100,
            "주거총점":42.5,
            "지역구공급총점":100.0,
            "역세권":80,
            "30분내 이동가능 거점":20,
            "1시간내 이동가능 거점":20,
            "교통총점":50.0,
            "백화점":100,
            "아울렛몰":0,
            "대형마트":100,
            "은행":70,
            "병원":80,
            "종합병원":100,
            "공원":100,
            "혐오시설":0,
            "인프라총점":83.0,
            "초등학군":89.42,
            "중학군":49.6,
            "학군총점":57.564,
            "인구수":35.27,
            "인구증감":12.19,
            "인구총점":28.346,
            "일자리":2.7,
            "소득수준":51.54,
            "일자리총점":17.352,
            "가치 총점":59.5346,
            "매매실거래년":20211117.0,
            "매매실거래가":49000.0,
            "전세실거래년":20220101.0,
            "전세실거래가":21000.0,
            "전세가율":42.86,
            "장기전세가율평균":71.04,
            "전세가율거품지수":28.18,
            "검색코드":2910,
            "세대수":640.0,
            "준공년월":"1995-07-11",
            "준공년차":28.0,
            "가까운역이름":"대화",
            "가까운역거리":457.24,
            "역세권여부":"역세권",
            "30분이내주요거점역":1,
            "1시간이내주요거점역":2,
            "3km이내백화점수":2,
            "5km이내아울렛몰수":0,
            "1km이내대형먀트수":2,
            "500m이내은행수":3,
            "500m이내병원수":31,
            "5km이내대형병원수":4,
            "500m이내공원수":4,
            "3km이내혐오시설수":0,
            "초등학교학업성취도":89.42,
            "중학교학업성취도":80.8,
            "용적률":182,
            "건폐율":18,
            "Y":37.679378,
            "X":126.750684,
            "rank":28.0,
            "area_info":"22평(72.95), 25평(85.63), 31평(104.87)",
            "last_sales":"2021-11-17,49000.0,22평(72.95)"
        },
        {
            "index":351,
            "아파트명":"후곡8단지동신",
            "투자타입":"일반",
            "전용면적(m2)":"124.43",
            "전용면적(평)":"37평",
            "법정동주소":"경기도 고양시 일산서구 일산동 1057",
            "도로명주소":"경기도 고양시 일산서구 후곡로 9",
            "세대수":50,
            "입주년차":0,
            "용적률점수":"--",
            "건폐율점수":"--",
            "세대당주차수":80,
            "난방방식":100,
            "공급면적":"--",
            "전용률":"--",
            "욕실수":100,
            "현관타입":100,
            "주거총점":59.5,
            "지역구공급총점":100.0,
            "역세권":50,
            "30분내 이동가능 거점":20,
            "1시간내 이동가능 거점":40,
            "교통총점":39.0,
            "백화점":100,
            "아울렛몰":80,
            "대형마트":80,
            "은행":0,
            "병원":60,
            "종합병원":100,
            "공원":100,
            "혐오시설":0,
            "인프라총점":79.0,
            "초등학군":98.26,
            "중학군":58.44,
            "학군총점":66.404,
            "인구수":35.27,
            "인구증감":12.19,
            "인구총점":28.346,
            "일자리":2.7,
            "소득수준":51.54,
            "일자리총점":17.352,
            "가치 총점":59.2106,
            "매매실거래년":20211204.0,
            "매매실거래가":79500.0,
            "전세실거래년":20211122.0,
            "전세실거래가":55000.0,
            "전세가율":69.27,
            "장기전세가율평균":71.04,
            "전세가율거품지수":1.77,
            "검색코드":2968,
            "세대수":434.0,
            "준공년월":"1994-08-30",
            "준공년차":29.0,
            "가까운역이름":"일산",
            "가까운역거리":757.2,
            "역세권여부":"준역세권",
            "30분이내주요거점역":1,
            "1시간이내주요거점역":4,
            "3km이내백화점수":2,
            "5km이내아울렛몰수":1,
            "1km이내대형먀트수":1,
            "500m이내은행수":0,
            "500m이내병원수":16,
            "5km이내대형병원수":5,
            "500m이내공원수":5,
            "3km이내혐오시설수":0,
            "초등학교학업성취도":98.26,
            "중학교학업성취도":92.0,
            "용적률":182,
            "건폐율":19,
            "Y":37.679067,
            "X":126.762128,
            "rank":29.0,
            "area_info":"37평(124.43), 43평(142.89), 48평(159.98), 59평(196.29)",
            "last_sales":"2021-12-04,79500.0,43평(142.89)"
        },
        {
            "index":196,
            "아파트명":"산들5단지동문굿모닝힐",
            "투자타입":"일반",
            "전용면적(m2)":"107.11",
            "전용면적(평)":"32평",
            "법정동주소":"경기도 고양시 일산서구 일산동 1670",
            "도로명주소":"경기도 고양시 일산서구 일중로 30",
            "세대수":90,
            "입주년차":40,
            "용적률점수":"--",
            "건폐율점수":"--",
            "세대당주차수":30,
            "난방방식":100,
            "공급면적":"--",
            "전용률":"--",
            "욕실수":100,
            "현관타입":100,
            "주거총점":74.0,
            "지역구공급총점":100.0,
            "역세권":50,
            "30분내 이동가능 거점":20,
            "1시간내 이동가능 거점":40,
            "교통총점":39.0,
            "백화점":100,
            "아울렛몰":80,
            "대형마트":0,
            "은행":20,
            "병원":80,
            "종합병원":100,
            "공원":80,
            "혐오시설":0,
            "인프라총점":70.4,
            "초등학군":87.05,
            "중학군":56.1,
            "학군총점":62.29,
            "인구수":35.27,
            "인구증감":12.19,
            "인구총점":28.346,
            "일자리":2.7,
            "소득수준":51.54,
            "일자리총점":17.352,
            "가치 총점":58.9135,
            "매매실거래년":20211028.0,
            "매매실거래가":60900.0,
            "전세실거래년":20220114.0,
            "전세실거래가":40000.0,
            "전세가율":65.68,
            "장기전세가율평균":71.04,
            "전세가율거품지수":5.36,
            "검색코드":9457,
            "세대수":926.0,
            "준공년월":"2004-10-15",
            "준공년차":19.0,
            "가까운역이름":"일산",
            "가까운역거리":518.13,
            "역세권여부":"준역세권",
            "30분이내주요거점역":1,
            "1시간이내주요거점역":4,
            "3km이내백화점수":2,
            "5km이내아울렛몰수":1,
            "1km이내대형먀트수":0,
            "500m이내은행수":2,
            "500m이내병원수":35,
            "5km이내대형병원수":5,
            "500m이내공원수":1,
            "3km이내혐오시설수":0,
            "초등학교학업성취도":87.05,
            "중학교학업성취도":89.3,
            "용적률":296,
            "건폐율":14,
            "Y":37.681912,
            "X":126.77573,
            "rank":30.0,
            "area_info":"32평(107.11)",
            "last_sales":"2021-10-28,60900.0,32평(107.11)"
        },
        {
            "index":96,
            "아파트명":"장성2단지대명",
            "투자타입":"일반",
            "전용면적(m2)":"80.7",
            "전용면적(평)":"24평",
            "법정동주소":"경기도 고양시 일산서구 대화동 2236",
            "도로명주소":"경기도 고양시 일산서구 일산로 790",
            "세대수":50,
            "입주년차":0,
            "용적률점수":"--",
            "건폐율점수":"--",
            "세대당주차수":0,
            "난방방식":100,
            "공급면적":"--",
            "전용률":"--",
            "욕실수":50,
            "현관타입":10,
            "주거총점":33.5,
            "지역구공급총점":100.0,
            "역세권":80,
            "30분내 이동가능 거점":20,
            "1시간내 이동가능 거점":30,
            "교통총점":52.0,
            "백화점":100,
            "아울렛몰":0,
            "대형마트":100,
            "은행":70,
            "병원":80,
            "종합병원":100,
            "공원":100,
            "혐오시설":0,
            "인프라총점":83.0,
            "초등학군":100.0,
            "중학군":49.72,
            "학군총점":59.776,
            "인구수":35.27,
            "인구증감":12.19,
            "인구총점":28.346,
            "일자리":2.7,
            "소득수준":51.54,
            "일자리총점":17.352,
            "가치 총점":58.7664,
            "매매실거래년":20211103.0,
            "매매실거래가":54600.0,
            "전세실거래년":20211206.0,
            "전세실거래가":21000.0,
            "전세가율":40.54,
            "장기전세가율평균":71.04,
            "전세가율거품지수":30.5,
            "검색코드":2914,
            "세대수":591.0,
            "준공년월":"1995-11-29",
            "준공년차":28.0,
            "가까운역이름":"대화",
            "가까운역거리":227.05,
            "역세권여부":"역세권",
            "30분이내주요거점역":1,
            "1시간이내주요거점역":3,
            "3km이내백화점수":2,
            "5km이내아울렛몰수":0,
            "1km이내대형먀트수":2,
            "500m이내은행수":4,
            "500m이내병원수":32,
            "5km이내대형병원수":3,
            "500m이내공원수":4,
            "3km이내혐오시설수":0,
            "초등학교학업성취도":100.0,
            "중학교학업성취도":80.6,
            "용적률":161,
            "건폐율":15,
            "Y":37.67405,
            "X":126.74739,
            "rank":31.0,
            "area_info":"24평(80.7), 25평(85.7)",
            "last_sales":"2021-11-03,54600.0,25평(85.7)"
        },
        {
            "index":93,
            "아파트명":"장성1단지동부",
            "투자타입":"일반",
            "전용면적(m2)":"75.18",
            "전용면적(평)":"22평",
            "법정동주소":"경기도 고양시 일산서구 대화동 2228",
            "도로명주소":"경기도 고양시 일산서구 주화로 211",
            "세대수":50,
            "입주년차":0,
            "용적률점수":"--",
            "건폐율점수":"--",
            "세대당주차수":0,
            "난방방식":100,
            "공급면적":"--",
            "전용률":"--",
            "욕실수":50,
            "현관타입":10,
            "주거총점":33.5,
            "지역구공급총점":100.0,
            "역세권":80,
            "30분내 이동가능 거점":20,
            "1시간내 이동가능 거점":30,
            "교통총점":52.0,
            "백화점":100,
            "아울렛몰":0,
            "대형마트":100,
            "은행":70,
            "병원":80,
            "종합병원":100,
            "공원":100,
            "혐오시설":0,
            "인프라총점":83.0,
            "초등학군":100.0,
            "중학군":49.72,
            "학군총점":59.776,
            "인구수":35.27,
            "인구증감":12.19,
            "인구총점":28.346,
            "일자리":2.7,
            "소득수준":51.54,
            "일자리총점":17.352,
            "가치 총점":58.7664,
            "매매실거래년":20211106.0,
            "매매실거래가":49700.0,
            "전세실거래년":20211209.0,
            "전세실거래가":17000.0,
            "전세가율":34.21,
            "장기전세가율평균":71.04,
            "전세가율거품지수":36.83,
            "검색코드":2917,
            "세대수":410.0,
            "준공년월":"1995-11-29",
            "준공년차":28.0,
            "가까운역이름":"대화",
            "가까운역거리":193.91,
            "역세권여부":"역세권",
            "30분이내주요거점역":1,
            "1시간이내주요거점역":3,
            "3km이내백화점수":2,
            "5km이내아울렛몰수":0,
            "1km이내대형먀트수":2,
            "500m이내은행수":4,
            "500m이내병원수":32,
            "5km이내대형병원수":3,
            "500m이내공원수":2,
            "3km이내혐오시설수":0,
            "초등학교학업성취도":100.0,
            "중학교학업성취도":80.6,
            "용적률":164,
            "건폐율":14,
            "Y":37.675243,
            "X":126.745641,
            "rank":31.0,
            "area_info":"22평(75.18), 26평(86.89), 31평(104.39)",
            "last_sales":"2021-11-06,49700.0,22평(75.18)"
        },
        {
            "index":485,
            "아파트명":"일산두산위브더제니스",
            "투자타입":"일반",
            "전용면적(m2)":"80.71",
            "전용면적(평)":"24평",
            "법정동주소":"경기도 고양시 일산서구 탄현동 1640",
            "도로명주소":"경기도 고양시 일산서구 일현로 97-11",
            "세대수":100,
            "입주년차":60,
            "용적률점수":"--",
            "건폐율점수":"--",
            "세대당주차수":80,
            "난방방식":100,
            "공급면적":"--",
            "전용률":"--",
            "욕실수":100,
            "현관타입":100,
            "주거총점":89.0,
            "지역구공급총점":100.0,
            "역세권":80,
            "30분내 이동가능 거점":20,
            "1시간내 이동가능 거점":70,
            "교통총점":60.0,
            "백화점":0,
            "아울렛몰":0,
            "대형마트":0,
            "은행":70,
            "병원":80,
            "종합병원":100,
            "공원":100,
            "혐오시설":0,
            "인프라총점":38.0,
            "초등학군":86.36,
            "중학군":48.7,
            "학군총점":56.232,
            "인구수":35.27,
            "인구증감":12.19,
            "인구총점":28.346,
            "일자리":2.7,
            "소득수준":51.54,
            "일자리총점":17.352,
            "가치 총점":58.6348,
            "매매실거래년":20220108.0,
            "매매실거래가":84800.0,
            "전세실거래년":20211218.0,
            "전세실거래가":31500.0,
            "전세가율":50.81,
            "장기전세가율평균":71.04,
            "전세가율거품지수":20.23,
            "검색코드":100702,
            "세대수":2700.0,
            "준공년월":"2013-04-01",
            "준공년차":10.0,
            "가까운역이름":"탄현",
            "가까운역거리":155.57,
            "역세권여부":"역세권",
            "30분이내주요거점역":1,
            "1시간이내주요거점역":7,
            "3km이내백화점수":0,
            "5km이내아울렛몰수":0,
            "1km이내대형먀트수":0,
            "500m이내은행수":4,
            "500m이내병원수":30,
            "5km이내대형병원수":4,
            "500m이내공원수":5,
            "3km이내혐오시설수":0,
            "초등학교학업성취도":86.36,
            "중학교학업성취도":79.9,
            "용적률":698,
            "건폐율":64,
            "Y":37.69404,
            "X":126.762854,
            "rank":32.0,
            "area_info":"24평(80.71), 24평(81.59), 39평(130.7), 39평(130.59), 49평(162.67), 49평(162.62), 49평(162.31), 59평(195.52), 59평(195.3), 69평(228.65)",
            "last_sales":"2022-01-08,84800.0,49평(162.62)"
        },
        {
            "index":101,
            "아파트명":"장성4단지대명",
            "투자타입":"일반",
            "전용면적(m2)":"123.09",
            "전용면적(평)":"37평",
            "법정동주소":"경기도 고양시 일산서구 대화동 2232",
            "도로명주소":"경기도 고양시 일산서구 호수로 896",
            "세대수":0,
            "입주년차":0,
            "용적률점수":"--",
            "건폐율점수":"--",
            "세대당주차수":60,
            "난방방식":100,
            "공급면적":"--",
            "전용률":"--",
            "욕실수":100,
            "현관타입":100,
            "주거총점":39.0,
            "지역구공급총점":100.0,
            "역세권":80,
            "30분내 이동가능 거점":20,
            "1시간내 이동가능 거점":20,
            "교통총점":50.0,
            "백화점":100,
            "아울렛몰":0,
            "대형마트":100,
            "은행":70,
            "병원":60,
            "종합병원":100,
            "공원":80,
            "혐오시설":0,
            "인프라총점":80.4,
            "초등학군":100.0,
            "중학군":49.72,
            "학군총점":59.776,
            "인구수":35.27,
            "인구증감":12.19,
            "인구총점":28.346,
            "일자리":2.7,
            "소득수준":51.54,
            "일자리총점":17.352,
            "가치 총점":58.3864,
            "매매실거래년":20211221.0,
            "매매실거래가":66000.0,
            "전세실거래년":20210528.0,
            "전세실거래가":42000.0,
            "전세가율":71.79,
            "장기전세가율평균":71.04,
            "전세가율거품지수":-0.75,
            "검색코드":2916,
            "세대수":162.0,
            "준공년월":"1995-09-21",
            "준공년차":28.0,
            "가까운역이름":"대화",
            "가까운역거리":466.08,
            "역세권여부":"역세권",
            "30분이내주요거점역":1,
            "1시간이내주요거점역":2,
            "3km이내백화점수":2,
            "5km이내아울렛몰수":0,
            "1km이내대형먀트수":2,
            "500m이내은행수":3,
            "500m이내병원수":18,
            "5km이내대형병원수":3,
            "500m이내공원수":1,
            "3km이내혐오시설수":0,
            "초등학교학업성취도":100.0,
            "중학교학업성취도":80.6,
            "용적률":183,
            "건폐율":19,
            "Y":37.67284,
            "X":126.74422,
            "rank":33.0,
            "area_info":"37평(123.09), 45평(151.61)",
            "last_sales":"2021-12-21,66000.0,45평(151.61)"
        },
        {
            "index":62,
            "아파트명":"성저3단지풍림",
            "투자타입":"일반",
            "전용면적(m2)":"63.22",
            "전용면적(평)":"19평",
            "법정동주소":"경기도 고양시 일산서구 대화동 2215",
            "도로명주소":"경기도 고양시 일산서구 강성로 270",
            "세대수":50,
            "입주년차":0,
            "용적률점수":"--",
            "건폐율점수":"--",
            "세대당주차수":0,
            "난방방식":100,
            "공급면적":"--",
            "전용률":"--",
            "욕실수":50,
            "현관타입":10,
            "주거총점":33.5,
            "지역구공급총점":100.0,
            "역세권":80,
            "30분내 이동가능 거점":20,
            "1시간내 이동가능 거점":30,
            "교통총점":52.0,
            "백화점":100,
            "아울렛몰":0,
            "대형마트":100,
            "은행":70,
            "병원":80,
            "종합병원":100,
            "공원":80,
            "혐오시설":0,
            "인프라총점":82.4,
            "초등학군":89.42,
            "중학군":49.6,
            "학군총점":57.564,
            "인구수":35.27,
            "인구증감":12.19,
            "인구총점":28.346,
            "일자리":2.7,
            "소득수준":51.54,
            "일자리총점":17.352,
            "가치 총점":58.2546,
            "매매실거래년":20211218.0,
            "매매실거래가":63000.0,
            "전세실거래년":20220104.0,
            "전세실거래가":15000.0,
            "전세가율":36.59,
            "장기전세가율평균":71.04,
            "전세가율거품지수":34.45,
            "검색코드":2912,
            "세대수":534.0,
            "준공년월":"1996-03-11",
            "준공년차":27.0,
            "가까운역이름":"대화",
            "가까운역거리":220.23,
            "역세권여부":"역세권",
            "30분이내주요거점역":1,
            "1시간이내주요거점역":3,
            "3km이내백화점수":2,
            "5km이내아울렛몰수":0,
            "1km이내대형먀트수":2,
            "500m이내은행수":4,
            "500m이내병원수":33,
            "5km이내대형병원수":3,
            "500m이내공원수":1,
            "3km이내혐오시설수":0,
            "초등학교학업성취도":89.42,
            "중학교학업성취도":80.8,
            "용적률":158,
            "건폐율":17,
            "Y":37.678065,
            "X":126.747441,
            "rank":34.0,
            "area_info":"19평(63.22), 30평(102.06)",
            "last_sales":"2021-12-18,63000.0,30평(102.06)"
        },
        {
            "index":382,
            "아파트명":"강선1단지대우,벽산",
            "투자타입":"일반",
            "전용면적(m2)":"122.27",
            "전용면적(평)":"36평",
            "법정동주소":"경기도 고양시 일산서구 주엽동 36",
            "도로명주소":"경기도 고양시 일산서구 대산로 106",
            "세대수":50,
            "입주년차":0,
            "용적률점수":"--",
            "건폐율점수":"--",
            "세대당주차수":60,
            "난방방식":100,
            "공급면적":"--",
            "전용률":"--",
            "욕실수":100,
            "현관타입":100,
            "주거총점":56.5,
            "지역구공급총점":100.0,
            "역세권":50,
            "30분내 이동가능 거점":20,
            "1시간내 이동가능 거점":20,
            "교통총점":35.0,
            "백화점":100,
            "아울렛몰":80,
            "대형마트":80,
            "은행":20,
            "병원":60,
            "종합병원":100,
            "공원":100,
            "혐오시설":0,
            "인프라총점":81.0,
            "초등학군":100.0,
            "중학군":58.44,
            "학군총점":66.752,
            "인구수":35.27,
            "인구증감":12.19,
            "인구총점":28.346,
            "일자리":2.7,
            "소득수준":51.54,
            "일자리총점":17.352,
            "가치 총점":57.8628,
            "매매실거래년":20211012.0,
            "매매실거래가":85000.0,
            "전세실거래년":20211211.0,
            "전세실거래가":31500.0,
            "전세가율":39.87,
            "장기전세가율평균":71.04,
            "전세가율거품지수":31.17,
            "검색코드":1367,
            "세대수":520.0,
            "준공년월":"1994-07-29",
            "준공년차":29.0,
            "가까운역이름":"주엽",
            "가까운역거리":669.06,
            "역세권여부":"준역세권",
            "30분이내주요거점역":1,
            "1시간이내주요거점역":2,
            "3km이내백화점수":2,
            "5km이내아울렛몰수":1,
            "1km이내대형먀트수":1,
            "500m이내은행수":2,
            "500m이내병원수":25,
            "5km이내대형병원수":5,
            "500m이내공원수":5,
            "3km이내혐오시설수":0,
            "초등학교학업성취도":100.0,
            "중학교학업성취도":92.0,
            "용적률":194,
            "건폐율":16,
            "Y":37.674783,
            "X":126.766063,
            "rank":35.0,
            "area_info":"36평(122.27), 46평(155.3), 55평(184.82)",
            "last_sales":"2021-10-12,85000.0,46평(155.3)"
        },
        {
            "index":197,
            "아파트명":"산들6단지베르빌",
            "투자타입":"일반",
            "전용면적(m2)":"106.37",
            "전용면적(평)":"32평",
            "법정동주소":"경기도 고양시 일산서구 일산동 1686",
            "도로명주소":"경기도 고양시 일산서구 고양대로 719-12",
            "세대수":50,
            "입주년차":40,
            "용적률점수":"--",
            "건폐율점수":"--",
            "세대당주차수":30,
            "난방방식":100,
            "공급면적":"--",
            "전용률":"--",
            "욕실수":100,
            "현관타입":100,
            "주거총점":60.0,
            "지역구공급총점":100.0,
            "역세권":50,
            "30분내 이동가능 거점":20,
            "1시간내 이동가능 거점":40,
            "교통총점":39.0,
            "백화점":100,
            "아울렛몰":80,
            "대형마트":0,
            "은행":70,
            "병원":80,
            "종합병원":100,
            "공원":80,
            "혐오시설":0,
            "인프라총점":75.4,
            "초등학군":87.05,
            "중학군":56.1,
            "학군총점":62.29,
            "인구수":35.27,
            "인구증감":12.19,
            "인구총점":28.346,
            "일자리":2.7,
            "소득수준":51.54,
            "일자리총점":17.352,
            "가치 총점":57.6135,
            "매매실거래년":20211115.0,
            "매매실거래가":50000.0,
            "전세실거래년":20211229.0,
            "전세실거래가":25000.0,
            "전세가율":50.0,
            "장기전세가율평균":71.04,
            "전세가율거품지수":21.04,
            "검색코드":9458,
            "세대수":466.0,
            "준공년월":"2005-03-22",
            "준공년차":18.0,
            "가까운역이름":"일산",
            "가까운역거리":625.61,
            "역세권여부":"준역세권",
            "30분이내주요거점역":1,
            "1시간이내주요거점역":4,
            "3km이내백화점수":2,
            "5km이내아울렛몰수":1,
            "1km이내대형먀트수":0,
            "500m이내은행수":4,
            "500m이내병원수":40,
            "5km이내대형병원수":5,
            "500m이내공원수":1,
            "3km이내혐오시설수":0,
            "초등학교학업성취도":87.05,
            "중학교학업성취도":89.3,
            "용적률":296,
            "건폐율":18,
            "Y":37.683876,
            "X":126.776582,
            "rank":36.0,
            "area_info":"32평(106.37)",
            "last_sales":"2021-11-15,50000.0,32평(106.37)"
        },
        {
            "index":459,
            "아파트명":"문촌5단지쌍용한일",
            "투자타입":"일반",
            "전용면적(m2)":"120.89",
            "전용면적(평)":"36평",
            "법정동주소":"경기도 고양시 일산서구 주엽동 6",
            "도로명주소":"경기도 고양시 일산서구 대산로 161",
            "세대수":50,
            "입주년차":0,
            "용적률점수":"--",
            "건폐율점수":"--",
            "세대당주차수":60,
            "난방방식":100,
            "공급면적":"--",
            "전용률":"--",
            "욕실수":100,
            "현관타입":100,
            "주거총점":56.5,
            "지역구공급총점":100.0,
            "역세권":50,
            "30분내 이동가능 거점":20,
            "1시간내 이동가능 거점":20,
            "교통총점":35.0,
            "백화점":100,
            "아울렛몰":80,
            "대형마트":80,
            "은행":20,
            "병원":60,
            "종합병원":100,
            "공원":100,
            "혐오시설":0,
            "인프라총점":81.0,
            "초등학군":90.0,
            "중학군":58.44,
            "학군총점":64.752,
            "인구수":35.27,
            "인구증감":12.19,
            "인구총점":28.346,
            "일자리":2.7,
            "소득수준":51.54,
            "일자리총점":17.352,
            "가치 총점":57.5628,
            "매매실거래년":20210630.0,
            "매매실거래가":78000.0,
            "전세실거래년":20210627.0,
            "전세실거래가":31500.0,
            "전세가율":43.15,
            "장기전세가율평균":71.04,
            "전세가율거품지수":27.89,
            "검색코드":1384,
            "세대수":432.0,
            "준공년월":"1994-05-09",
            "준공년차":29.0,
            "가까운역이름":"주엽",
            "가까운역거리":593.99,
            "역세권여부":"준역세권",
            "30분이내주요거점역":1,
            "1시간이내주요거점역":2,
            "3km이내백화점수":2,
            "5km이내아울렛몰수":1,
            "1km이내대형먀트수":1,
            "500m이내은행수":2,
            "500m이내병원수":24,
            "5km이내대형병원수":5,
            "500m이내공원수":4,
            "3km이내혐오시설수":0,
            "초등학교학업성취도":90.0,
            "중학교학업성취도":92.0,
            "용적률":181,
            "건폐율":14,
            "Y":37.675134,
            "X":126.759178,
            "rank":37.0,
            "area_info":"36평(120.89), 36평(120.81), 40평(134.32), 42평(139.35), 46평(154.76), 48평(158.98), 54평(180.48), 56평(187.02), 63평(208.54), 65평(217.68)",
            "last_sales":"2021-06-30,78000.0,56평(187.02)"
        },
        {
            "index":355,
            "아파트명":"후곡9단지LG롯데",
            "투자타입":"일반",
            "전용면적(m2)":"66.81",
            "전용면적(평)":"20평",
            "법정동주소":"경기도 고양시 일산서구 일산동 1058",
            "도로명주소":"경기도 고양시 일산서구 후곡로 10",
            "세대수":90,
            "입주년차":0,
            "용적률점수":"--",
            "건폐율점수":"--",
            "세대당주차수":0,
            "난방방식":100,
            "공급면적":"--",
            "전용률":"--",
            "욕실수":50,
            "현관타입":10,
            "주거총점":47.5,
            "지역구공급총점":100.0,
            "역세권":50,
            "30분내 이동가능 거점":20,
            "1시간내 이동가능 거점":40,
            "교통총점":39.0,
            "백화점":100,
            "아울렛몰":80,
            "대형마트":80,
            "은행":20,
            "병원":60,
            "종합병원":100,
            "공원":100,
            "혐오시설":0,
            "인프라총점":81.0,
            "초등학군":98.26,
            "중학군":58.44,
            "학군총점":66.404,
            "인구수":35.27,
            "인구증감":12.19,
            "인구총점":28.346,
            "일자리":2.7,
            "소득수준":51.54,
            "일자리총점":17.352,
            "가치 총점":57.4106,
            "매매실거래년":20211230.0,
            "매매실거래가":77000.0,
            "전세실거래년":20211125.0,
            "전세실거래가":18300.0,
            "전세가율":44.31,
            "장기전세가율평균":71.04,
            "전세가율거품지수":26.73,
            "검색코드":3858,
            "세대수":936.0,
            "준공년월":"1994-11-29",
            "준공년차":29.0,
            "가까운역이름":"일산",
            "가까운역거리":685.09,
            "역세권여부":"준역세권",
            "30분이내주요거점역":1,
            "1시간이내주요거점역":4,
            "3km이내백화점수":2,
            "5km이내아울렛몰수":1,
            "1km이내대형먀트수":1,
            "500m이내은행수":2,
            "500m이내병원수":25,
            "5km이내대형병원수":5,
            "500m이내공원수":5,
            "3km이내혐오시설수":0,
            "초등학교학업성취도":98.26,
            "중학교학업성취도":92.0,
            "용적률":182,
            "건폐율":15,
            "Y":37.678121,
            "X":126.763878,
            "rank":38.0,
            "area_info":"20평(66.81), 20평(68.58), 27평(89.28), 27평(90.94), 31평(103.72), 31평(103.92)",
            "last_sales":"2021-12-30,77000.0,31평(103.92)"
        },
        {
            "index":371,
            "아파트명":"강선16단지동문",
            "투자타입":"일반",
            "전용면적(m2)":"74.66",
            "전용면적(평)":"22평",
            "법정동주소":"경기도 고양시 일산서구 주엽동 86",
            "도로명주소":"경기도 고양시 일산서구 주화로 7",
            "세대수":30,
            "입주년차":0,
            "용적률점수":"--",
            "건폐율점수":"--",
            "세대당주차수":0,
            "난방방식":100,
            "공급면적":"--",
            "전용률":"--",
            "욕실수":50,
            "현관타입":100,
            "주거총점":35.5,
            "지역구공급총점":100.0,
            "역세권":50,
            "30분내 이동가능 거점":20,
            "1시간내 이동가능 거점":40,
            "교통총점":39.0,
            "백화점":100,
            "아울렛몰":80,
            "대형마트":80,
            "은행":100,
            "병원":80,
            "종합병원":100,
            "공원":100,
            "혐오시설":0,
            "인프라총점":91.0,
            "초등학군":84.55,
            "중학군":55.24,
            "학군총점":61.102,
            "인구수":35.27,
            "인구증감":12.19,
            "인구총점":28.346,
            "일자리":2.7,
            "소득수준":51.54,
            "일자리총점":17.352,
            "가치 총점":57.2153,
            "매매실거래년":20211118.0,
            "매매실거래가":48700.0,
            "전세실거래년":20220104.0,
            "전세실거래가":25200.0,
            "전세가율":51.75,
            "장기전세가율평균":71.04,
            "전세가율거품지수":19.29,
            "검색코드":1362,
            "세대수":390.0,
            "준공년월":"1993-09-28",
            "준공년차":30.0,
            "가까운역이름":"주엽",
            "가까운역거리":559.78,
            "역세권여부":"준역세권",
            "30분이내주요거점역":1,
            "1시간이내주요거점역":4,
            "3km이내백화점수":2,
            "5km이내아울렛몰수":1,
            "1km이내대형먀트수":1,
            "500m이내은행수":5,
            "500m이내병원수":44,
            "5km이내대형병원수":5,
            "500m이내공원수":2,
            "3km이내혐오시설수":0,
            "초등학교학업성취도":84.55,
            "중학교학업성취도":89.0,
            "용적률":163,
            "건폐율":17,
            "Y":37.666034,
            "X":126.765132,
            "rank":39.0,
            "area_info":"22평(74.66), 24평(82.13), 31평(102.95)",
            "last_sales":"2021-11-18,48700.0,22평(74.66)"
        },
        {
            "index":452,
            "아파트명":"문촌3단지우성",
            "투자타입":"일반",
            "전용면적(m2)":"123.4",
            "전용면적(평)":"37평",
            "법정동주소":"경기도 고양시 일산서구 주엽동 32",
            "도로명주소":"경기도 고양시 일산서구 대산로 142",
            "세대수":50,
            "입주년차":0,
            "용적률점수":"--",
            "건폐율점수":"--",
            "세대당주차수":60,
            "난방방식":100,
            "공급면적":"--",
            "전용률":"--",
            "욕실수":100,
            "현관타입":100,
            "주거총점":56.5,
            "지역구공급총점":100.0,
            "역세권":50,
            "30분내 이동가능 거점":20,
            "1시간내 이동가능 거점":20,
            "교통총점":35.0,
            "백화점":100,
            "아울렛몰":80,
            "대형마트":80,
            "은행":0,
            "병원":60,
            "종합병원":100,
            "공원":100,
            "혐오시설":0,
            "인프라총점":79.0,
            "초등학군":98.26,
            "중학군":58.44,
            "학군총점":66.404,
            "인구수":35.27,
            "인구증감":12.19,
            "인구총점":28.346,
            "일자리":2.7,
            "소득수준":51.54,
            "일자리총점":17.352,
            "가치 총점":57.2106,
            "매매실거래년":20211219.0,
            "매매실거래가":125000.0,
            "전세실거래년":20211218.0,
            "전세실거래가":39900.0,
            "전세가율":44.38,
            "장기전세가율평균":71.04,
            "전세가율거품지수":26.66,
            "검색코드":1385,
            "세대수":504.0,
            "준공년월":"1994-05-30",
            "준공년차":29.0,
            "가까운역이름":"주엽",
            "가까운역거리":650.73,
            "역세권여부":"준역세권",
            "30분이내주요거점역":1,
            "1시간이내주요거점역":2,
            "3km이내백화점수":2,
            "5km이내아울렛몰수":1,
            "1km이내대형먀트수":1,
            "500m이내은행수":0,
            "500m이내병원수":23,
            "5km이내대형병원수":5,
            "500m이내공원수":6,
            "3km이내혐오시설수":0,
            "초등학교학업성취도":98.26,
            "중학교학업성취도":92.0,
            "용적률":194,
            "건폐율":18,
            "Y":37.67572,
            "X":126.76327,
            "rank":40.0,
            "area_info":"37평(123.4), 47평(158.3), 57평(191.56), 68평(226.93)",
            "last_sales":"2021-12-19,125000.0,68평(226.93)"
        },
        {
            "index":288,
            "아파트명":"태영",
            "투자타입":"일반",
            "전용면적(m2)":"113.98",
            "전용면적(평)":"34평",
            "법정동주소":"경기도 고양시 일산서구 일산동 954",
            "도로명주소":"경기도 고양시 일산서구 고양대로 624",
            "세대수":50,
            "입주년차":20,
            "용적률점수":"--",
            "건폐율점수":"--",
            "세대당주차수":30,
            "난방방식":100,
            "공급면적":"--",
            "전용률":"--",
            "욕실수":100,
            "현관타입":100,
            "주거총점":56.0,
            "지역구공급총점":100.0,
            "역세권":80,
            "30분내 이동가능 거점":20,
            "1시간내 이동가능 거점":50,
            "교통총점":56.0,
            "백화점":100,
            "아울렛몰":0,
            "대형마트":0,
            "은행":0,
            "병원":60,
            "종합병원":100,
            "공원":80,
            "혐오시설":0,
            "인프라총점":58.4,
            "초등학군":84.26,
            "중학군":51.8,
            "학군총점":58.292,
            "인구수":35.27,
            "인구증감":12.19,
            "인구총점":28.346,
            "일자리":2.7,
            "소득수준":51.54,
            "일자리총점":17.352,
            "가치 총점":57.0638,
            "매매실거래년":20211218.0,
            "매매실거래가":60000.0,
            "전세실거래년":20211203.0,
            "전세실거래가":26250.0,
            "전세가율":43.75,
            "장기전세가율평균":71.04,
            "전세가율거품지수":27.29,
            "검색코드":3558,
            "세대수":636.0,
            "준공년월":"2002-10-10",
            "준공년차":21.0,
            "가까운역이름":"일산",
            "가까운역거리":485.66,
            "역세권여부":"역세권",
            "30분이내주요거점역":1,
            "1시간이내주요거점역":5,
            "3km이내백화점수":2,
            "5km이내아울렛몰수":0,
            "1km이내대형먀트수":0,
            "500m이내은행수":1,
            "500m이내병원수":10,
            "5km이내대형병원수":4,
            "500m이내공원수":1,
            "3km이내혐오시설수":0,
            "초등학교학업성취도":84.26,
            "중학교학업성취도":85.2,
            "용적률":287,
            "건폐율":20,
            "Y":37.684869,
            "X":126.765602,
            "rank":41.0,
            "area_info":"34평(113.98), 34평(113.98)",
            "last_sales":"2021-12-18,60000.0,34평(113.98)"
        },
        {
            "index":321,
            "아파트명":"후곡17단지태영",
            "투자타입":"일반",
            "전용면적(m2)":"121.96",
            "전용면적(평)":"36평",
            "법정동주소":"경기도 고양시 일산서구 일산동 1087",
            "도로명주소":"경기도 고양시 일산서구 강선로 142",
            "세대수":50,
            "입주년차":0,
            "용적률점수":"--",
            "건폐율점수":"--",
            "세대당주차수":60,
            "난방방식":100,
            "공급면적":"--",
            "전용률":"--",
            "욕실수":100,
            "현관타입":100,
            "주거총점":56.5,
            "지역구공급총점":100.0,
            "역세권":50,
            "30분내 이동가능 거점":20,
            "1시간내 이동가능 거점":40,
            "교통총점":39.0,
            "백화점":100,
            "아울렛몰":80,
            "대형마트":0,
            "은행":70,
            "병원":60,
            "종합병원":100,
            "공원":100,
            "혐오시설":0,
            "인프라총점":74.0,
            "초등학군":100.0,
            "중학군":56.1,
            "학군총점":64.88,
            "인구수":35.27,
            "인구증감":12.19,
            "인구총점":28.346,
            "일자리":2.7,
            "소득수준":51.54,
            "일자리총점":17.352,
            "가치 총점":56.882,
            "매매실거래년":20210924.0,
            "매매실거래가":84000.0,
            "전세실거래년":20220113.0,
            "전세실거래가":46000.0,
            "전세가율":59.9,
            "장기전세가율평균":71.04,
            "전세가율거품지수":11.14,
            "검색코드":2971,
            "세대수":540.0,
            "준공년월":"1994-10-28",
            "준공년차":29.0,
            "가까운역이름":"일산",
            "가까운역거리":749.96,
            "역세권여부":"준역세권",
            "30분이내주요거점역":1,
            "1시간이내주요거점역":4,
            "3km이내백화점수":2,
            "5km이내아울렛몰수":1,
            "1km이내대형먀트수":0,
            "500m이내은행수":3,
            "500m이내병원수":16,
            "5km이내대형병원수":5,
            "500m이내공원수":6,
            "3km이내혐오시설수":0,
            "초등학교학업성취도":100.0,
            "중학교학업성취도":89.3,
            "용적률":182,
            "건폐율":15,
            "Y":37.67534,
            "X":126.770249,
            "rank":42.0,
            "area_info":"36평(121.96), 47평(157.1)",
            "last_sales":"2021-09-24,84000.0,47평(157.1)"
        },
        {
            "index":475,
            "아파트명":"문촌7단지주공",
            "투자타입":"일반",
            "전용면적(m2)":"63.7",
            "전용면적(평)":"19평",
            "법정동주소":"경기도 고양시 일산서구 주엽동 14",
            "도로명주소":"경기도 고양시 일산서구 킨텍스로 340",
            "세대수":90,
            "입주년차":0,
            "용적률점수":"--",
            "건폐율점수":"--",
            "세대당주차수":0,
            "난방방식":100,
            "공급면적":"--",
            "전용률":"--",
            "욕실수":50,
            "현관타입":10,
            "주거총점":47.5,
            "지역구공급총점":100.0,
            "역세권":50,
            "30분내 이동가능 거점":20,
            "1시간내 이동가능 거점":30,
            "교통총점":37.0,
            "백화점":100,
            "아울렛몰":80,
            "대형마트":100,
            "은행":0,
            "병원":60,
            "종합병원":100,
            "공원":100,
            "혐오시설":0,
            "인프라총점":82.0,
            "초등학군":90.0,
            "중학군":58.44,
            "학군총점":64.752,
            "인구수":35.27,
            "인구증감":12.19,
            "인구총점":28.346,
            "일자리":2.7,
            "소득수준":51.54,
            "일자리총점":17.352,
            "가치 총점":56.7628,
            "매매실거래년":20211227.0,
            "매매실거래가":38000.0,
            "전세실거래년":20211113.0,
            "전세실거래가":13650.0,
            "전세가율":35.92,
            "장기전세가율평균":71.04,
            "전세가율거품지수":35.12,
            "검색코드":1389,
            "세대수":1150.0,
            "준공년월":"1995-09-02",
            "준공년차":28.0,
            "가까운역이름":"주엽",
            "가까운역거리":681.46,
            "역세권여부":"준역세권",
            "30분이내주요거점역":1,
            "1시간이내주요거점역":3,
            "3km이내백화점수":2,
            "5km이내아울렛몰수":1,
            "1km이내대형먀트수":2,
            "500m이내은행수":1,
            "500m이내병원수":17,
            "5km이내대형병원수":5,
            "500m이내공원수":4,
            "3km이내혐오시설수":0,
            "초등학교학업성취도":90.0,
            "중학교학업성취도":92.0,
            "용적률":129,
            "건폐율":12,
            "Y":37.674762,
            "X":126.75635,
            "rank":43.0,
            "area_info":"19평(63.7), 20평(68.93)",
            "last_sales":"2021-12-27,38000.0,19평(63.7)"
        },
        {
            "index":426,
            "아파트명":"문촌14단지세경",
            "투자타입":"일반",
            "전용면적(m2)":"43.67",
            "전용면적(평)":"13평",
            "법정동주소":"경기도 고양시 일산서구 주엽동 133",
            "도로명주소":"경기도 고양시 일산서구 킨텍스로 300",
            "세대수":80,
            "입주년차":20,
            "용적률점수":"--",
            "건폐율점수":"--",
            "세대당주차수":0,
            "난방방식":100,
            "공급면적":"--",
            "전용률":"--",
            "욕실수":50,
            "현관타입":10,
            "주거총점":48.0,
            "지역구공급총점":100.0,
            "역세권":50,
            "30분내 이동가능 거점":20,
            "1시간내 이동가능 거점":40,
            "교통총점":39.0,
            "백화점":100,
            "아울렛몰":80,
            "대형마트":100,
            "은행":0,
            "병원":60,
            "종합병원":100,
            "공원":100,
            "혐오시설":0,
            "인프라총점":82.0,
            "초등학군":87.05,
            "중학군":51.84,
            "학군총점":58.882,
            "인구수":35.27,
            "인구증감":12.19,
            "인구총점":28.346,
            "일자리":2.7,
            "소득수준":51.54,
            "일자리총점":17.352,
            "가치 총점":56.6823,
            "매매실거래년":20210824.0,
            "매매실거래가":52000.0,
            "전세실거래년":20211121.0,
            "전세실거래가":14150.0,
            "전세가율":47.97,
            "장기전세가율평균":71.04,
            "전세가율거품지수":23.07,
            "검색코드":8977,
            "세대수":720.0,
            "준공년월":"1999-02-03",
            "준공년차":24.0,
            "가까운역이름":"주엽",
            "가까운역거리":683.3,
            "역세권여부":"준역세권",
            "30분이내주요거점역":1,
            "1시간이내주요거점역":4,
            "3km이내백화점수":2,
            "5km이내아울렛몰수":1,
            "1km이내대형먀트수":2,
            "500m이내은행수":1,
            "500m이내병원수":19,
            "5km이내대형병원수":5,
            "500m이내공원수":4,
            "3km이내혐오시설수":0,
            "초등학교학업성취도":87.05,
            "중학교학업성취도":84.2,
            "용적률":133,
            "건폐율":13,
            "Y":37.671473,
            "X":126.753775,
            "rank":44.0,
            "area_info":"13평(43.67), 19평(63.94)",
            "last_sales":"2021-08-24,52000.0,19평(63.94)"
        },
        {
            "index":64,
            "아파트명":"성저4단지삼익",
            "투자타입":"일반",
            "전용면적(m2)":"81.97",
            "전용면적(평)":"24평",
            "법정동주소":"경기도 고양시 일산서구 대화동 2213",
            "도로명주소":"경기도 고양시 일산서구 대산로 263",
            "세대수":50,
            "입주년차":0,
            "용적률점수":"--",
            "건폐율점수":"--",
            "세대당주차수":30,
            "난방방식":100,
            "공급면적":"--",
            "전용률":"--",
            "욕실수":50,
            "현관타입":10,
            "주거총점":38.0,
            "지역구공급총점":100.0,
            "역세권":80,
            "30분내 이동가능 거점":20,
            "1시간내 이동가능 거점":20,
            "교통총점":50.0,
            "백화점":100,
            "아울렛몰":0,
            "대형마트":100,
            "은행":20,
            "병원":60,
            "종합병원":100,
            "공원":100,
            "혐오시설":0,
            "인프라총점":76.0,
            "초등학군":89.42,
            "중학군":49.6,
            "학군총점":57.564,
            "인구수":35.27,
            "인구증감":12.19,
            "인구총점":28.346,
            "일자리":2.7,
            "소득수준":51.54,
            "일자리총점":17.352,
            "가치 총점":56.5346,
            "매매실거래년":20211218.0,
            "매매실거래가":54000.0,
            "전세실거래년":20210831.0,
            "전세실거래가":27000.0,
            "전세가율":64.59,
            "장기전세가율평균":71.04,
            "전세가율거품지수":6.45,
            "검색코드":2911,
            "세대수":460.0,
            "준공년월":"1994-11-30",
            "준공년차":29.0,
            "가까운역이름":"대화",
            "가까운역거리":471.79,
            "역세권여부":"역세권",
            "30분이내주요거점역":1,
            "1시간이내주요거점역":2,
            "3km이내백화점수":1,
            "5km이내아울렛몰수":0,
            "1km이내대형먀트수":2,
            "500m이내은행수":2,
            "500m이내병원수":20,
            "5km이내대형병원수":3,
            "500m이내공원수":2,
            "3km이내혐오시설수":0,
            "초등학교학업성취도":89.42,
            "중학교학업성취도":80.8,
            "용적률":164,
            "건폐율":17,
            "Y":37.680248,
            "X":126.748617,
            "rank":45.0,
            "area_info":"24평(81.97), 29평(96.48)",
            "last_sales":"2021-12-18,54000.0,29평(96.48)"
        },
        {
            "index":329,
            "아파트명":"후곡2단지동양대창",
            "투자타입":"일반",
            "전용면적(m2)":"72.01",
            "전용면적(평)":"21평",
            "법정동주소":"경기도 고양시 일산서구 일산동 1046",
            "도로명주소":"경기도 고양시 일산서구 후곡로 55",
            "세대수":50,
            "입주년차":0,
            "용적률점수":"--",
            "건폐율점수":"--",
            "세대당주차수":0,
            "난방방식":100,
            "공급면적":"--",
            "전용률":"--",
            "욕실수":50,
            "현관타입":10,
            "주거총점":33.5,
            "지역구공급총점":100.0,
            "역세권":80,
            "30분내 이동가능 거점":20,
            "1시간내 이동가능 거점":50,
            "교통총점":56.0,
            "백화점":100,
            "아울렛몰":80,
            "대형마트":0,
            "은행":0,
            "병원":60,
            "종합병원":100,
            "공원":100,
            "혐오시설":0,
            "인프라총점":67.0,
            "초등학군":99.01,
            "중학군":58.44,
            "학군총점":66.554,
            "인구수":35.27,
            "인구증감":12.19,
            "인구총점":28.346,
            "일자리":2.7,
            "소득수준":51.54,
            "일자리총점":17.352,
            "가치 총점":56.3831,
            "매매실거래년":20211020.0,
            "매매실거래가":56600.0,
            "전세실거래년":20211224.0,
            "전세실거래가":17850.0,
            "전세가율":42.5,
            "장기전세가율평균":71.04,
            "전세가율거품지수":28.54,
            "검색코드":2965,
            "세대수":608.0,
            "준공년월":"1995-07-29",
            "준공년차":28.0,
            "가까운역이름":"일산",
            "가까운역거리":485.11,
            "역세권여부":"역세권",
            "30분이내주요거점역":1,
            "1시간이내주요거점역":5,
            "3km이내백화점수":2,
            "5km이내아울렛몰수":1,
            "1km이내대형먀트수":0,
            "500m이내은행수":1,
            "500m이내병원수":13,
            "5km이내대형병원수":5,
            "500m이내공원수":2,
            "3km이내혐오시설수":0,
            "초등학교학업성취도":99.01,
            "중학교학업성취도":92.0,
            "용적률":162,
            "건폐율":15,
            "Y":37.681973,
            "X":126.764335,
            "rank":46.0,
            "area_info":"21평(72.01), 26평(88.7), 31평(105.76)",
            "last_sales":"2021-10-20,56600.0,26평(88.7)"
        },
        {
            "index":361,
            "아파트명":"강선10단지한양",
            "투자타입":"일반",
            "전용면적(m2)":"60.14",
            "전용면적(평)":"18평",
            "법정동주소":"경기도 고양시 일산서구 주엽동 75",
            "도로명주소":"경기도 고양시 일산서구 중앙로 1376",
            "세대수":30,
            "입주년차":0,
            "용적률점수":"--",
            "건폐율점수":"--",
            "세대당주차수":0,
            "난방방식":100,
            "공급면적":"--",
            "전용률":"--",
            "욕실수":50,
            "현관타입":10,
            "주거총점":26.5,
            "지역구공급총점":100.0,
            "역세권":50,
            "30분내 이동가능 거점":20,
            "1시간내 이동가능 거점":50,
            "교통총점":41.0,
            "백화점":100,
            "아울렛몰":80,
            "대형마트":80,
            "은행":100,
            "병원":80,
            "종합병원":100,
            "공원":100,
            "혐오시설":0,
            "인프라총점":91.0,
            "초등학군":88.57,
            "중학군":55.24,
            "학군총점":61.906,
            "인구수":35.27,
            "인구증감":12.19,
            "인구총점":28.346,
            "일자리":2.7,
            "소득수준":51.54,
            "일자리총점":17.352,
            "가치 총점":56.2359,
            "매매실거래년":20211231.0,
            "매매실거래가":28500.0,
            "전세실거래년":20220113.0,
            "전세실거래가":13650.0,
            "전세가율":47.89,
            "장기전세가율평균":71.04,
            "전세가율거품지수":23.15,
            "검색코드":3861,
            "세대수":312.0,
            "준공년월":"1998-04-04",
            "준공년차":25.0,
            "가까운역이름":"주엽",
            "가까운역거리":546.42,
            "역세권여부":"준역세권",
            "30분이내주요거점역":1,
            "1시간이내주요거점역":5,
            "3km이내백화점수":2,
            "5km이내아울렛몰수":1,
            "1km이내대형먀트수":1,
            "500m이내은행수":5,
            "500m이내병원수":44,
            "5km이내대형병원수":5,
            "500m이내공원수":2,
            "3km이내혐오시설수":0,
            "초등학교학업성취도":88.57,
            "중학교학업성취도":89.0,
            "용적률":193,
            "건폐율":33,
            "Y":37.6677,
            "X":126.766771,
            "rank":47.0,
            "area_info":"18평(60.14)",
            "last_sales":"2021-12-31,28500.0,18평(60.14)"
        },
        {
            "index":521,
            "아파트명":"탄현11단지동신",
            "투자타입":"일반",
            "전용면적(m2)":"95.11",
            "전용면적(평)":"28평",
            "법정동주소":"경기도 고양시 일산서구 탄현동 1578",
            "도로명주소":"경기도 고양시 일산서구 산현로17번길 38",
            "세대수":50,
            "입주년차":20,
            "용적률점수":"--",
            "건폐율점수":"--",
            "세대당주차수":0,
            "난방방식":100,
            "공급면적":"--",
            "전용률":"--",
            "욕실수":100,
            "현관타입":100,
            "주거총점":51.5,
            "지역구공급총점":100.0,
            "역세권":80,
            "30분내 이동가능 거점":20,
            "1시간내 이동가능 거점":30,
            "교통총점":52.0,
            "백화점":100,
            "아울렛몰":0,
            "대형마트":0,
            "은행":20,
            "병원":80,
            "종합병원":100,
            "공원":100,
            "혐오시설":0,
            "인프라총점":63.0,
            "초등학군":86.36,
            "중학군":51.8,
            "학군총점":58.712,
            "인구수":35.27,
            "인구증감":12.19,
            "인구총점":28.346,
            "일자리":2.7,
            "소득수준":51.54,
            "일자리총점":17.352,
            "가치 총점":56.2068,
            "매매실거래년":20211204.0,
            "매매실거래가":54500.0,
            "전세실거래년":20211223.0,
            "전세실거래가":36000.0,
            "전세가율":102.86,
            "장기전세가율평균":71.04,
            "전세가율거품지수":-31.82,
            "검색코드":8380,
            "세대수":516.0,
            "준공년월":"2000-11-15",
            "준공년차":23.0,
            "가까운역이름":"탄현",
            "가까운역거리":421.86,
            "역세권여부":"역세권",
            "30분이내주요거점역":1,
            "1시간이내주요거점역":3,
            "3km이내백화점수":1,
            "5km이내아울렛몰수":0,
            "1km이내대형먀트수":0,
            "500m이내은행수":2,
            "500m이내병원수":32,
            "5km이내대형병원수":4,
            "500m이내공원수":4,
            "3km이내혐오시설수":0,
            "초등학교학업성취도":86.36,
            "중학교학업성취도":85.2,
            "용적률":229,
            "건폐율":17,
            "Y":37.69153,
            "X":126.7647,
            "rank":48.0,
            "area_info":"28평(95.11), 33평(111.66)",
            "last_sales":"2021-12-04,54500.0,33평(111.66)"
        },
        {
            "index":313,
            "아파트명":"후곡14단지청구",
            "투자타입":"일반",
            "전용면적(m2)":"123.71",
            "전용면적(평)":"37평",
            "법정동주소":"경기도 고양시 일산서구 일산동 1101",
            "도로명주소":"경기도 고양시 일산서구 강선로 164",
            "세대수":50,
            "입주년차":0,
            "용적률점수":"--",
            "건폐율점수":"--",
            "세대당주차수":60,
            "난방방식":100,
            "공급면적":"--",
            "전용률":"--",
            "욕실수":100,
            "현관타입":100,
            "주거총점":56.5,
            "지역구공급총점":100.0,
            "역세권":50,
            "30분내 이동가능 거점":20,
            "1시간내 이동가능 거점":30,
            "교통총점":37.0,
            "백화점":100,
            "아울렛몰":80,
            "대형마트":0,
            "은행":70,
            "병원":60,
            "종합병원":100,
            "공원":100,
            "혐오시설":0,
            "인프라총점":74.0,
            "초등학군":100.0,
            "중학군":56.1,
            "학군총점":64.88,
            "인구수":35.27,
            "인구증감":12.19,
            "인구총점":28.346,
            "일자리":2.7,
            "소득수준":51.54,
            "일자리총점":17.352,
            "가치 총점":56.182,
            "매매실거래년":20220115.0,
            "매매실거래가":75700.0,
            "전세실거래년":20211230.0,
            "전세실거래가":60000.0,
            "전세가율":79.26,
            "장기전세가율평균":71.04,
            "전세가율거품지수":-8.22,
            "검색코드":2970,
            "세대수":446.0,
            "준공년월":"1994-05-30",
            "준공년차":29.0,
            "가까운역이름":"일산",
            "가까운역거리":561.63,
            "역세권여부":"준역세권",
            "30분이내주요거점역":1,
            "1시간이내주요거점역":3,
            "3km이내백화점수":2,
            "5km이내아울렛몰수":1,
            "1km이내대형먀트수":0,
            "500m이내은행수":3,
            "500m이내병원수":14,
            "5km이내대형병원수":5,
            "500m이내공원수":2,
            "3km이내혐오시설수":0,
            "초등학교학업성취도":100.0,
            "중학교학업성취도":89.3,
            "용적률":183,
            "건폐율":17,
            "Y":37.677341,
            "X":126.772064,
            "rank":49.0,
            "area_info":"37평(123.71), 48평(158.8)",
            "last_sales":"2022-01-15,75700.0,37평(123.71)"
        },
        {
            "index":449,
            "아파트명":"문촌2단지라이프",
            "투자타입":"일반",
            "전용면적(m2)":"119.56",
            "전용면적(평)":"36평",
            "법정동주소":"경기도 고양시 일산서구 주엽동 5",
            "도로명주소":"경기도 고양시 일산서구 대산로 164",
            "세대수":30,
            "입주년차":0,
            "용적률점수":"--",
            "건폐율점수":"--",
            "세대당주차수":60,
            "난방방식":100,
            "공급면적":"--",
            "전용률":"--",
            "욕실수":100,
            "현관타입":100,
            "주거총점":49.5,
            "지역구공급총점":100.0,
            "역세권":50,
            "30분내 이동가능 거점":20,
            "1시간내 이동가능 거점":20,
            "교통총점":35.0,
            "백화점":100,
            "아울렛몰":80,
            "대형마트":80,
            "은행":0,
            "병원":60,
            "종합병원":100,
            "공원":100,
            "혐오시설":0,
            "인프라총점":79.0,
            "초등학군":98.26,
            "중학군":58.44,
            "학군총점":66.404,
            "인구수":35.27,
            "인구증감":12.19,
            "인구총점":28.346,
            "일자리":2.7,
            "소득수준":51.54,
            "일자리총점":17.352,
            "가치 총점":55.8106,
            "매매실거래년":20211228.0,
            "매매실거래가":87000.0,
            "전세실거래년":20211204.0,
            "전세실거래가":34650.0,
            "전세가율":47.79,
            "장기전세가율평균":71.04,
            "전세가율거품지수":23.25,
            "검색코드":1378,
            "세대수":348.0,
            "준공년월":"1994-11-26",
            "준공년차":29.0,
            "가까운역이름":"주엽",
            "가까운역거리":779.97,
            "역세권여부":"준역세권",
            "30분이내주요거점역":1,
            "1시간이내주요거점역":2,
            "3km이내백화점수":2,
            "5km이내아울렛몰수":1,
            "1km이내대형먀트수":1,
            "500m이내은행수":1,
            "500m이내병원수":19,
            "5km이내대형병원수":5,
            "500m이내공원수":4,
            "3km이내혐오시설수":0,
            "초등학교학업성취도":98.26,
            "중학교학업성취도":92.0,
            "용적률":182,
            "건폐율":19,
            "Y":37.677059,
            "X":126.760551,
            "rank":50.0,
            "area_info":"36평(119.56), 45평(150.32), 61평(202.5)",
            "last_sales":"2021-12-28,87000.0,61평(202.5)"
        },
        {
            "index":318,
            "아파트명":"후곡16단지동아코오롱",
            "투자타입":"일반",
            "전용면적(m2)":"67.01",
            "전용면적(평)":"20평",
            "법정동주소":"경기도 고양시 일산서구 일산동 1086",
            "도로명주소":"경기도 고양시 일산서구 강선로 141",
            "세대수":90,
            "입주년차":0,
            "용적률점수":"--",
            "건폐율점수":"--",
            "세대당주차수":0,
            "난방방식":100,
            "공급면적":"--",
            "전용률":"--",
            "욕실수":50,
            "현관타입":10,
            "주거총점":47.5,
            "지역구공급총점":100.0,
            "역세권":50,
            "30분내 이동가능 거점":20,
            "1시간내 이동가능 거점":40,
            "교통총점":39.0,
            "백화점":100,
            "아울렛몰":80,
            "대형마트":0,
            "은행":70,
            "병원":80,
            "종합병원":100,
            "공원":100,
            "혐오시설":0,
            "인프라총점":76.0,
            "초등학군":100.0,
            "중학군":56.1,
            "학군총점":64.88,
            "인구수":35.27,
            "인구증감":12.19,
            "인구총점":28.346,
            "일자리":2.7,
            "소득수준":51.54,
            "일자리총점":17.352,
            "가치 총점":55.682,
            "매매실거래년":20211106.0,
            "매매실거래가":41500.0,
            "전세실거래년":20220111.0,
            "전세실거래가":18900.0,
            "전세가율":45.54,
            "장기전세가율평균":71.04,
            "전세가율거품지수":25.5,
            "검색코드":2955,
            "세대수":948.0,
            "준공년월":"1995-10-25",
            "준공년차":28.0,
            "가까운역이름":"일산",
            "가까운역거리":632.13,
            "역세권여부":"준역세권",
            "30분이내주요거점역":1,
            "1시간이내주요거점역":4,
            "3km이내백화점수":2,
            "5km이내아울렛몰수":1,
            "1km이내대형먀트수":0,
            "500m이내은행수":3,
            "500m이내병원수":30,
            "5km이내대형병원수":5,
            "500m이내공원수":5,
            "3km이내혐오시설수":0,
            "초등학교학업성취도":100.0,
            "중학교학업성취도":89.3,
            "용적률":182,
            "건폐율":13,
            "Y":37.676519,
            "X":126.768337,
            "rank":51.0,
            "area_info":"20평(67.01), 27평(89.58), 31평(104.74)",
            "last_sales":"2021-11-06,41500.0,20평(67.01)"
        },
        {
            "index":437,
            "아파트명":"문촌18단지대원",
            "투자타입":"일반",
            "전용면적(m2)":"122.67",
            "전용면적(평)":"37평",
            "법정동주소":"경기도 고양시 일산서구 주엽동 128",
            "도로명주소":"경기도 고양시 일산서구 주엽로 97",
            "세대수":30,
            "입주년차":0,
            "용적률점수":"--",
            "건폐율점수":"--",
            "세대당주차수":60,
            "난방방식":100,
            "공급면적":"--",
            "전용률":"--",
            "욕실수":100,
            "현관타입":100,
            "주거총점":49.5,
            "지역구공급총점":100.0,
            "역세권":50,
            "30분내 이동가능 거점":20,
            "1시간내 이동가능 거점":20,
            "교통총점":35.0,
            "백화점":100,
            "아울렛몰":80,
            "대형마트":100,
            "은행":0,
            "병원":60,
            "종합병원":100,
            "공원":100,
            "혐오시설":0,
            "인프라총점":82.0,
            "초등학군":87.05,
            "중학군":51.84,
            "학군총점":58.882,
            "인구수":35.27,
            "인구증감":12.19,
            "인구총점":28.346,
            "일자리":2.7,
            "소득수준":51.54,
            "일자리총점":17.352,
            "가치 총점":55.5823,
            "매매실거래년":20211004.0,
            "매매실거래가":70000.0,
            "전세실거래년":20211123.0,
            "전세실거래가":26250.0,
            "전세가율":29.17,
            "장기전세가율평균":71.04,
            "전세가율거품지수":41.87,
            "검색코드":1375,
            "세대수":378.0,
            "준공년월":"1995-10-28",
            "준공년차":28.0,
            "가까운역이름":"주엽",
            "가까운역거리":591.68,
            "역세권여부":"준역세권",
            "30분이내주요거점역":1,
            "1시간이내주요거점역":2,
            "3km이내백화점수":2,
            "5km이내아울렛몰수":1,
            "1km이내대형먀트수":2,
            "500m이내은행수":1,
            "500m이내병원수":23,
            "5km이내대형병원수":5,
            "500m이내공원수":2,
            "3km이내혐오시설수":0,
            "초등학교학업성취도":87.05,
            "중학교학업성취도":84.2,
            "용적률":184,
            "건폐율":16,
            "Y":37.668691,
            "X":126.754842,
            "rank":52.0,
            "area_info":"37평(122.67), 46평(154.49), 56평(186.15)",
            "last_sales":"2021-10-04,70000.0,46평(154.49)"
        },
        {
            "index":193,
            "아파트명":"산들3단지e-편한세상",
            "투자타입":"일반",
            "전용면적(m2)":"109.96",
            "전용면적(평)":"33평",
            "법정동주소":"경기도 고양시 일산서구 일산동 1654",
            "도로명주소":"경기도 고양시 일산서구 고양대로 724-17",
            "세대수":50,
            "입주년차":20,
            "용적률점수":"--",
            "건폐율점수":"--",
            "세대당주차수":60,
            "난방방식":100,
            "공급면적":"--",
            "전용률":"--",
            "욕실수":100,
            "현관타입":100,
            "주거총점":60.5,
            "지역구공급총점":100.0,
            "역세권":50,
            "30분내 이동가능 거점":20,
            "1시간내 이동가능 거점":30,
            "교통총점":37.0,
            "백화점":100,
            "아울렛몰":80,
            "대형마트":0,
            "은행":20,
            "병원":80,
            "종합병원":100,
            "공원":80,
            "혐오시설":0,
            "인프라총점":70.4,
            "초등학군":86.3,
            "중학군":56.1,
            "학군총점":62.14,
            "인구수":35.27,
            "인구증감":12.19,
            "인구총점":28.346,
            "일자리":2.7,
            "소득수준":51.54,
            "일자리총점":17.352,
            "가치 총점":55.491,
            "매매실거래년":20220107.0,
            "매매실거래가":64500.0,
            "전세실거래년":20211012.0,
            "전세실거래가":26250.0,
            "전세가율":49.53,
            "장기전세가율평균":71.04,
            "전세가율거품지수":21.51,
            "검색코드":8608,
            "세대수":579.0,
            "준공년월":"2003-02-27",
            "준공년차":20.0,
            "가까운역이름":"일산",
            "가까운역거리":640.2,
            "역세권여부":"준역세권",
            "30분이내주요거점역":1,
            "1시간이내주요거점역":3,
            "3km이내백화점수":2,
            "5km이내아울렛몰수":1,
            "1km이내대형먀트수":0,
            "500m이내은행수":2,
            "500m이내병원수":35,
            "5km이내대형병원수":5,
            "500m이내공원수":1,
            "3km이내혐오시설수":0,
            "초등학교학업성취도":86.3,
            "중학교학업성취도":89.3,
            "용적률":293,
            "건폐율":14,
            "Y":37.681827,
            "X":126.777114,
            "rank":53.0,
            "area_info":"33평(109.96), 43평(142.38), 48평(160.87)",
            "last_sales":"2022-01-07,64500.0,43평(142.38)"
        },
        {
            "index":385,
            "아파트명":"강선2단지경남",
            "투자타입":"일반",
            "전용면적(m2)":"123.19",
            "전용면적(평)":"37평",
            "법정동주소":"경기도 고양시 일산서구 주엽동 38",
            "도로명주소":"경기도 고양시 일산서구 강선로 116",
            "세대수":50,
            "입주년차":0,
            "용적률점수":"--",
            "건폐율점수":"--",
            "세대당주차수":60,
            "난방방식":100,
            "공급면적":"--",
            "전용률":"--",
            "욕실수":100,
            "현관타입":100,
            "주거총점":56.5,
            "지역구공급총점":100.0,
            "역세권":50,
            "30분내 이동가능 거점":20,
            "1시간내 이동가능 거점":20,
            "교통총점":35.0,
            "백화점":100,
            "아울렛몰":80,
            "대형마트":0,
            "은행":70,
            "병원":60,
            "종합병원":100,
            "공원":100,
            "혐오시설":0,
            "인프라총점":74.0,
            "초등학군":100.0,
            "중학군":55.24,
            "학군총점":64.192,
            "인구수":35.27,
            "인구증감":12.19,
            "인구총점":28.346,
            "일자리":2.7,
            "소득수준":51.54,
            "일자리총점":17.352,
            "가치 총점":55.3788,
            "매매실거래년":20211019.0,
            "매매실거래가":88000.0,
            "전세실거래년":20220111.0,
            "전세실거래가":42000.0,
            "전세가율":52.63,
            "장기전세가율평균":71.04,
            "전세가율거품지수":18.41,
            "검색코드":1359,
            "세대수":620.0,
            "준공년월":"1994-10-28",
            "준공년차":29.0,
            "가까운역이름":"주엽",
            "가까운역거리":762.79,
            "역세권여부":"준역세권",
            "30분이내주요거점역":1,
            "1시간이내주요거점역":2,
            "3km이내백화점수":2,
            "5km이내아울렛몰수":1,
            "1km이내대형먀트수":0,
            "500m이내은행수":3,
            "500m이내병원수":22,
            "5km이내대형병원수":5,
            "500m이내공원수":6,
            "3km이내혐오시설수":0,
            "초등학교학업성취도":100.0,
            "중학교학업성취도":89.0,
            "용적률":182,
            "건폐율":16,
            "Y":37.673545,
            "X":126.768808,
            "rank":54.0,
            "area_info":"37평(123.19), 45평(151.87), 57평(190.05)",
            "last_sales":"2021-10-19,88000.0,57평(190.05)"
        },
        {
            "index":374,
            "아파트명":"강선17단지동성",
            "투자타입":"일반",
            "전용면적(m2)":"64.37",
            "전용면적(평)":"19평",
            "법정동주소":"경기도 고양시 일산서구 주엽동 90",
            "도로명주소":"경기도 고양시 일산서구 호수로 710",
            "세대수":50,
            "입주년차":0,
            "용적률점수":"--",
            "건폐율점수":"--",
            "세대당주차수":0,
            "난방방식":100,
            "공급면적":"--",
            "전용률":"--",
            "욕실수":50,
            "현관타입":10,
            "주거총점":33.5,
            "지역구공급총점":100.0,
            "역세권":50,
            "30분내 이동가능 거점":20,
            "1시간내 이동가능 거점":40,
            "교통총점":39.0,
            "백화점":100,
            "아울렛몰":80,
            "대형마트":80,
            "은행":70,
            "병원":60,
            "종합병원":100,
            "공원":100,
            "혐오시설":0,
            "인프라총점":86.0,
            "초등학군":84.55,
            "중학군":55.24,
            "학군총점":61.102,
            "인구수":35.27,
            "인구증감":12.19,
            "인구총점":28.346,
            "일자리":2.7,
            "소득수준":51.54,
            "일자리총점":17.352,
            "가치 총점":55.3153,
            "매매실거래년":20210903.0,
            "매매실거래가":74500.0,
            "전세실거래년":20210910.0,
            "전세실거래가":24000.0,
            "전세가율":80.0,
            "장기전세가율평균":71.04,
            "전세가율거품지수":-8.96,
            "검색코드":1363,
            "세대수":476.0,
            "준공년월":"1994-01-07",
            "준공년차":29.0,
            "가까운역이름":"주엽",
            "가까운역거리":629.74,
            "역세권여부":"준역세권",
            "30분이내주요거점역":1,
            "1시간이내주요거점역":4,
            "3km이내백화점수":2,
            "5km이내아울렛몰수":1,
            "1km이내대형먀트수":1,
            "500m이내은행수":4,
            "500m이내병원수":21,
            "5km이내대형병원수":5,
            "500m이내공원수":2,
            "3km이내혐오시설수":0,
            "초등학교학업성취도":84.55,
            "중학교학업성취도":89.0,
            "용적률":164,
            "건폐율":17,
            "Y":37.664852,
            "X":126.764109,
            "rank":55.0,
            "area_info":"19평(64.37), 19평(64.36), 19평(66.06), 32평(106.43)",
            "last_sales":"2021-09-03,74500.0,32평(106.43)"
        },
        {
            "index":364,
            "아파트명":"강선13단지뉴서울",
            "투자타입":"일반",
            "전용면적(m2)":"56.73",
            "전용면적(평)":"17평",
            "법정동주소":"경기도 고양시 일산서구 주엽동 81",
            "도로명주소":"경기도 고양시 일산서구 중앙로 1371",
            "세대수":0,
            "입주년차":0,
            "용적률점수":"--",
            "건폐율점수":"--",
            "세대당주차수":60,
            "난방방식":100,
            "공급면적":"--",
            "전용률":"--",
            "욕실수":50,
            "현관타입":10,
            "주거총점":25.0,
            "지역구공급총점":100.0,
            "역세권":50,
            "30분내 이동가능 거점":20,
            "1시간내 이동가능 거점":40,
            "교통총점":39.0,
            "백화점":100,
            "아울렛몰":80,
            "대형마트":80,
            "은행":100,
            "병원":80,
            "종합병원":100,
            "공원":100,
            "혐오시설":0,
            "인프라총점":91.0,
            "초등학군":84.55,
            "중학군":55.24,
            "학군총점":61.102,
            "인구수":35.27,
            "인구증감":12.19,
            "인구총점":28.346,
            "일자리":2.7,
            "소득수준":51.54,
            "일자리총점":17.352,
            "가치 총점":55.1153,
            "매매실거래년":20220106.0,
            "매매실거래가":22500.0,
            "전세실거래년":20211229.0,
            "전세실거래가":14500.0,
            "전세가율":64.44,
            "장기전세가율평균":71.04,
            "전세가율거품지수":6.6,
            "검색코드":3859,
            "세대수":288.0,
            "준공년월":"1995-03-04",
            "준공년차":28.0,
            "가까운역이름":"주엽",
            "가까운역거리":570.15,
            "역세권여부":"준역세권",
            "30분이내주요거점역":1,
            "1시간이내주요거점역":4,
            "3km이내백화점수":2,
            "5km이내아울렛몰수":1,
            "1km이내대형먀트수":1,
            "500m이내은행수":5,
            "500m이내병원수":45,
            "5km이내대형병원수":5,
            "500m이내공원수":2,
            "3km이내혐오시설수":0,
            "초등학교학업성취도":84.55,
            "중학교학업성취도":89.0,
            "용적률":131,
            "건폐율":39,
            "Y":37.666666,
            "X":126.766176,
            "rank":56.0,
            "area_info":"17평(56.73)",
            "last_sales":"2022-01-06,22500.0,17평(56.73)"
        },
        {
            "index":440,
            "아파트명":"문촌19단지신우",
            "투자타입":"일반",
            "전용면적(m2)":"77.44",
            "전용면적(평)":"23평",
            "법정동주소":"경기도 고양시 일산서구 주엽동 126",
            "도로명주소":"경기도 고양시 일산서구 킨텍스로 284",
            "세대수":50,
            "입주년차":0,
            "용적률점수":"--",
            "건폐율점수":"--",
            "세대당주차수":30,
            "난방방식":100,
            "공급면적":"--",
            "전용률":"--",
            "욕실수":50,
            "현관타입":100,
            "주거총점":47.0,
            "지역구공급총점":100.0,
            "역세권":50,
            "30분내 이동가능 거점":20,
            "1시간내 이동가능 거점":20,
            "교통총점":35.0,
            "백화점":100,
            "아울렛몰":80,
            "대형마트":100,
            "은행":0,
            "병원":60,
            "종합병원":100,
            "공원":100,
            "혐오시설":0,
            "인프라총점":82.0,
            "초등학군":87.05,
            "중학군":51.84,
            "학군총점":58.882,
            "인구수":35.27,
            "인구증감":12.19,
            "인구총점":28.346,
            "일자리":2.7,
            "소득수준":51.54,
            "일자리총점":17.352,
            "가치 총점":55.0823,
            "매매실거래년":20211111.0,
            "매매실거래가":119000.0,
            "전세실거래년":20211222.0,
            "전세실거래가":33000.0,
            "전세가율":52.8,
            "장기전세가율평균":71.04,
            "전세가율거품지수":18.24,
            "검색코드":1381,
            "세대수":658.0,
            "준공년월":"1994-12-12",
            "준공년차":29.0,
            "가까운역이름":"주엽",
            "가까운역거리":754.09,
            "역세권여부":"준역세권",
            "30분이내주요거점역":1,
            "1시간이내주요거점역":2,
            "3km이내백화점수":2,
            "5km이내아울렛몰수":1,
            "1km이내대형먀트수":2,
            "500m이내은행수":0,
            "500m이내병원수":11,
            "5km이내대형병원수":5,
            "500m이내공원수":3,
            "3km이내혐오시설수":0,
            "초등학교학업성취도":87.05,
            "중학교학업성취도":84.2,
            "용적률":175,
            "건폐율":17,
            "Y":37.66969,
            "X":126.75278,
            "rank":57.0,
            "area_info":"23평(77.44), 27평(91.72), 31평(104.52), 37평(122.62), 46평(152.99), 54평(180.23)",
            "last_sales":"2021-11-11,119000.0,54평(180.23)"
        },
        {
            "index":394,
            "아파트명":"강선5단지건영,동부",
            "투자타입":"일반",
            "전용면적(m2)":"124.31",
            "전용면적(평)":"37평",
            "법정동주소":"경기도 고양시 일산서구 주엽동 49",
            "도로명주소":"경기도 고양시 일산서구 강선로 92",
            "세대수":50,
            "입주년차":0,
            "용적률점수":"--",
            "건폐율점수":"--",
            "세대당주차수":60,
            "난방방식":100,
            "공급면적":"--",
            "전용률":"--",
            "욕실수":100,
            "현관타입":100,
            "주거총점":56.5,
            "지역구공급총점":100.0,
            "역세권":50,
            "30분내 이동가능 거점":20,
            "1시간내 이동가능 거점":30,
            "교통총점":37.0,
            "백화점":100,
            "아울렛몰":80,
            "대형마트":0,
            "은행":20,
            "병원":80,
            "종합병원":100,
            "공원":100,
            "혐오시설":0,
            "인프라총점":71.0,
            "초등학군":88.57,
            "중학군":55.24,
            "학군총점":61.906,
            "인구수":35.27,
            "인구증감":12.19,
            "인구총점":28.346,
            "일자리":2.7,
            "소득수준":51.54,
            "일자리총점":17.352,
            "가치 총점":54.8359,
            "매매실거래년":20210914.0,
            "매매실거래가":90000.0,
            "전세실거래년":20210607.0,
            "전세실거래가":57000.0,
            "전세가율":94.21,
            "장기전세가율평균":71.04,
            "전세가율거품지수":-23.17,
            "검색코드":1358,
            "세대수":528.0,
            "준공년월":"1994-01-27",
            "준공년차":29.0,
            "가까운역이름":"주엽",
            "가까운역거리":594.32,
            "역세권여부":"준역세권",
            "30분이내주요거점역":1,
            "1시간이내주요거점역":3,
            "3km이내백화점수":2,
            "5km이내아울렛몰수":1,
            "1km이내대형먀트수":0,
            "500m이내은행수":2,
            "500m이내병원수":40,
            "5km이내대형병원수":5,
            "500m이내공원수":4,
            "3km이내혐오시설수":0,
            "초등학교학업성취도":88.57,
            "중학교학업성취도":89.0,
            "용적률":182,
            "건폐율":15,
            "Y":37.671531,
            "X":126.76783,
            "rank":58.0,
            "area_info":"37평(124.31), 38평(125.85), 48평(159.66), 48평(160.26), 53평(177.44), 53평(177.83)",
            "last_sales":"2021-09-14,90000.0,48평(160.26)"
        },
        {
            "index":348,
            "아파트명":"후곡7단지동성",
            "투자타입":"일반",
            "전용면적(m2)":"76.79",
            "전용면적(평)":"23평",
            "법정동주소":"경기도 고양시 일산서구 일산동 1055",
            "도로명주소":"경기도 고양시 일산서구 킨텍스로 410",
            "세대수":80,
            "입주년차":0,
            "용적률점수":"--",
            "건폐율점수":"--",
            "세대당주차수":0,
            "난방방식":100,
            "공급면적":"--",
            "전용률":"--",
            "욕실수":50,
            "현관타입":10,
            "주거총점":44.0,
            "지역구공급총점":100.0,
            "역세권":50,
            "30분내 이동가능 거점":20,
            "1시간내 이동가능 거점":20,
            "교통총점":35.0,
            "백화점":100,
            "아울렛몰":80,
            "대형마트":80,
            "은행":0,
            "병원":60,
            "종합병원":100,
            "공원":100,
            "혐오시설":0,
            "인프라총점":79.0,
            "초등학군":98.26,
            "중학군":58.44,
            "학군총점":66.404,
            "인구수":35.27,
            "인구증감":12.19,
            "인구총점":28.346,
            "일자리":2.7,
            "소득수준":51.54,
            "일자리총점":17.352,
            "가치 총점":54.7106,
            "매매실거래년":20211207.0,
            "매매실거래가":44800.0,
            "전세실거래년":20211217.0,
            "전세실거래가":31500.0,
            "전세가율":70.31,
            "장기전세가율평균":71.04,
            "전세가율거품지수":0.73,
            "검색코드":2967,
            "세대수":802.0,
            "준공년월":"1994-10-31",
            "준공년차":29.0,
            "가까운역이름":"일산",
            "가까운역거리":866.43,
            "역세권여부":"준역세권",
            "30분이내주요거점역":1,
            "1시간이내주요거점역":2,
            "3km이내백화점수":2,
            "5km이내아울렛몰수":1,
            "1km이내대형먀트수":1,
            "500m이내은행수":0,
            "500m이내병원수":12,
            "5km이내대형병원수":5,
            "500m이내공원수":3,
            "3km이내혐오시설수":0,
            "초등학교학업성취도":98.26,
            "중학교학업성취도":92.0,
            "용적률":162,
            "건폐율":14,
            "Y":37.680111,
            "X":126.760319,
            "rank":59.0,
            "area_info":"23평(76.79), 26평(88.43), 31평(104.55)",
            "last_sales":"2021-12-07,44800.0,23평(76.79)"
        },
        {
            "index":293,
            "아파트명":"현대성우오스타",
            "투자타입":"일반",
            "전용면적(m2)":"154.14",
            "전용면적(평)":"46평",
            "법정동주소":"경기도 고양시 일산서구 일산동 2141",
            "도로명주소":"경기도 고양시 일산서구 하늘마을로 184",
            "세대수":0,
            "입주년차":60,
            "용적률점수":"--",
            "건폐율점수":"--",
            "세대당주차수":80,
            "난방방식":100,
            "공급면적":"--",
            "전용률":"--",
            "욕실수":100,
            "현관타입":100,
            "주거총점":54.0,
            "지역구공급총점":100.0,
            "역세권":50,
            "30분내 이동가능 거점":20,
            "1시간내 이동가능 거점":50,
            "교통총점":41.0,
            "백화점":100,
            "아울렛몰":80,
            "대형마트":0,
            "은행":0,
            "병원":60,
            "종합병원":100,
            "공원":100,
            "혐오시설":0,
            "인프라총점":67.0,
            "초등학군":86.3,
            "중학군":56.1,
            "학군총점":62.14,
            "인구수":35.27,
            "인구증감":12.19,
            "인구총점":28.346,
            "일자리":2.7,
            "소득수준":51.54,
            "일자리총점":17.352,
            "가치 총점":54.571,
            "매매실거래년":"18000101",
            "매매실거래가":null,
            "전세실거래년":null,
            "전세실거래가":null,
            "전세가율":null,
            "장기전세가율평균":71.04,
            "전세가율거품지수":null,
            "검색코드":104109,
            "세대수":124.0,
            "준공년월":"2011-03-31",
            "준공년차":12.0,
            "가까운역이름":"일산",
            "가까운역거리":668.16,
            "역세권여부":"준역세권",
            "30분이내주요거점역":1,
            "1시간이내주요거점역":5,
            "3km이내백화점수":2,
            "5km이내아울렛몰수":1,
            "1km이내대형먀트수":0,
            "500m이내은행수":0,
            "500m이내병원수":24,
            "5km이내대형병원수":5,
            "500m이내공원수":2,
            "3km이내혐오시설수":0,
            "초등학교학업성취도":86.3,
            "중학교학업성취도":89.3,
            "용적률":117,
            "건폐율":37,
            "Y":37.680105,
            "X":126.777018,
            "rank":60.0,
            "area_info":"46평(154.14), 46평(154.71), 48평(161.66)",
            "last_sales":"1800-01-01,nan,46평(154.14)"
        },
        {
            "index":523,
            "아파트명":"탄현12단지서광",
            "투자타입":"일반",
            "전용면적(m2)":"99.41",
            "전용면적(평)":"30평",
            "법정동주소":"경기도 고양시 일산서구 탄현동 1579",
            "도로명주소":"경기도 고양시 일산서구 산현로17번길 12",
            "세대수":30,
            "입주년차":20,
            "용적률점수":"--",
            "건폐율점수":"--",
            "세대당주차수":30,
            "난방방식":100,
            "공급면적":"--",
            "전용률":"--",
            "욕실수":100,
            "현관타입":100,
            "주거총점":49.0,
            "지역구공급총점":100.0,
            "역세권":80,
            "30분내 이동가능 거점":20,
            "1시간내 이동가능 거점":30,
            "교통총점":52.0,
            "백화점":100,
            "아울렛몰":0,
            "대형마트":0,
            "은행":0,
            "병원":60,
            "종합병원":100,
            "공원":100,
            "혐오시설":0,
            "인프라총점":59.0,
            "초등학군":84.26,
            "중학군":51.8,
            "학군총점":58.292,
            "인구수":35.27,
            "인구증감":12.19,
            "인구총점":28.346,
            "일자리":2.7,
            "소득수준":51.54,
            "일자리총점":17.352,
            "가치 총점":54.4438,
            "매매실거래년":20211114.0,
            "매매실거래가":39300.0,
            "전세실거래년":20211220.0,
            "전세실거래가":38000.0,
            "전세가율":96.69,
            "장기전세가율평균":71.04,
            "전세가율거품지수":-25.65,
            "검색코드":8381,
            "세대수":308.0,
            "준공년월":"2000-09-27",
            "준공년차":23.0,
            "가까운역이름":"탄현",
            "가까운역거리":493.76,
            "역세권여부":"역세권",
            "30분이내주요거점역":1,
            "1시간이내주요거점역":3,
            "3km이내백화점수":1,
            "5km이내아울렛몰수":0,
            "1km이내대형먀트수":0,
            "500m이내은행수":0,
            "500m이내병원수":29,
            "5km이내대형병원수":4,
            "500m이내공원수":3,
            "3km이내혐오시설수":0,
            "초등학교학업성취도":84.26,
            "중학교학업성취도":85.2,
            "용적률":230,
            "건폐율":18,
            "Y":37.690388,
            "X":126.764309,
            "rank":61.0,
            "area_info":"30평(99.41), 33평(109.58)",
            "last_sales":"2021-11-14,39300.0,30평(99.41)"
        },
        {
            "index":103,
            "아파트명":"킨텍스꿈에그린",
            "투자타입":"일반",
            "전용면적(m2)":"116.01",
            "전용면적(평)":"35평",
            "법정동주소":"경기도 고양시 일산서구 대화동 2603",
            "도로명주소":"경기도 고양시 일산서구 킨텍스로 240",
            "세대수":90,
            "입주년차":100,
            "용적률점수":"--",
            "건폐율점수":"--",
            "세대당주차수":60,
            "난방방식":100,
            "공급면적":"--",
            "전용률":"--",
            "욕실수":100,
            "현관타입":100,
            "주거총점":90.5,
            "지역구공급총점":100.0,
            "역세권":0,
            "30분내 이동가능 거점":20,
            "1시간내 이동가능 거점":30,
            "교통총점":12.0,
            "백화점":100,
            "아울렛몰":80,
            "대형마트":100,
            "은행":0,
            "병원":30,
            "종합병원":100,
            "공원":0,
            "혐오시설":0,
            "인프라총점":76.0,
            "초등학군":91.26,
            "중학군":51.84,
            "학군총점":59.724,
            "인구수":35.27,
            "인구증감":12.19,
            "인구총점":28.346,
            "일자리":2.7,
            "소득수준":51.54,
            "일자리총점":17.352,
            "가치 총점":54.0586,
            "매매실거래년":20211116.0,
            "매매실거래가":147000.0,
            "전세실거래년":20211209.0,
            "전세실거래가":44100.0,
            "전세가율":30.0,
            "장기전세가율평균":71.04,
            "전세가율거품지수":41.04,
            "검색코드":110380,
            "세대수":1100.0,
            "준공년월":"2019-02-27",
            "준공년차":4.0,
            "가까운역이름":"주엽",
            "가까운역거리":1009.88,
            "역세권여부":"비역세권",
            "30분이내주요거점역":1,
            "1시간이내주요거점역":3,
            "3km이내백화점수":2,
            "5km이내아울렛몰수":1,
            "1km이내대형먀트수":3,
            "500m이내은행수":0,
            "500m이내병원수":8,
            "5km이내대형병원수":4,
            "500m이내공원수":0,
            "3km이내혐오시설수":0,
            "초등학교학업성취도":91.26,
            "중학교학업성취도":84.2,
            "용적률":689,
            "건폐율":55,
            "Y":37.666074,
            "X":126.751032,
            "rank":62.0,
            "area_info":"35평(116.01), 35평(117.37), 39평(129.05), 63평(209.99), 63평(210.13), 63평(210.64), 64평(214.17)",
            "last_sales":"2021-11-16,147000.0,35평(116.01)"
        },
        {
            "index":446,
            "아파트명":"문촌1단지우성",
            "투자타입":"일반",
            "전용면적(m2)":"73.87",
            "전용면적(평)":"22평",
            "법정동주소":"경기도 고양시 일산서구 주엽동 1",
            "도로명주소":"경기도 고양시 일산서구 대산로 184",
            "세대수":80,
            "입주년차":0,
            "용적률점수":"--",
            "건폐율점수":"--",
            "세대당주차수":0,
            "난방방식":100,
            "공급면적":"--",
            "전용률":"--",
            "욕실수":50,
            "현관타입":10,
            "주거총점":44.0,
            "지역구공급총점":100.0,
            "역세권":50,
            "30분내 이동가능 거점":20,
            "1시간내 이동가능 거점":20,
            "교통총점":35.0,
            "백화점":100,
            "아울렛몰":80,
            "대형마트":80,
            "은행":0,
            "병원":30,
            "종합병원":100,
            "공원":100,
            "혐오시설":0,
            "인프라총점":76.0,
            "초등학군":98.26,
            "중학군":58.44,
            "학군총점":66.404,
            "인구수":35.27,
            "인구증감":12.19,
            "인구총점":28.346,
            "일자리":2.7,
            "소득수준":51.54,
            "일자리총점":17.352,
            "가치 총점":53.8106,
            "매매실거래년":20211220.0,
            "매매실거래가":40000.0,
            "전세실거래년":20220113.0,
            "전세실거래가":27000.0,
            "전세가율":67.5,
            "장기전세가율평균":71.04,
            "전세가율거품지수":3.54,
            "검색코드":1386,
            "세대수":892.0,
            "준공년월":"1994-12-19",
            "준공년차":29.0,
            "가까운역이름":"주엽",
            "가까운역거리":932.94,
            "역세권여부":"준역세권",
            "30분이내주요거점역":1,
            "1시간이내주요거점역":2,
            "3km이내백화점수":2,
            "5km이내아울렛몰수":1,
            "1km이내대형먀트수":1,
            "500m이내은행수":1,
            "500m이내병원수":9,
            "5km이내대형병원수":5,
            "500m이내공원수":3,
            "3km이내혐오시설수":0,
            "초등학교학업성취도":98.26,
            "중학교학업성취도":92.0,
            "용적률":162,
            "건폐율":15,
            "Y":37.678145,
            "X":126.758447,
            "rank":63.0,
            "area_info":"22평(73.87), 26평(87.35), 31평(104.08)",
            "last_sales":"2021-12-20,40000.0,22평(73.87)"
        },
        {
            "index":339,
            "아파트명":"후곡5단지영풍한진",
            "투자타입":"일반",
            "전용면적(m2)":"123.51",
            "전용면적(평)":"37평",
            "법정동주소":"경기도 고양시 일산서구 일산동 1048",
            "도로명주소":"경기도 고양시 일산서구 후곡로 35",
            "세대수":30,
            "입주년차":0,
            "용적률점수":"--",
            "건폐율점수":"--",
            "세대당주차수":60,
            "난방방식":100,
            "공급면적":"--",
            "전용률":"--",
            "욕실수":100,
            "현관타입":100,
            "주거총점":49.5,
            "지역구공급총점":100.0,
            "역세권":50,
            "30분내 이동가능 거점":20,
            "1시간내 이동가능 거점":40,
            "교통총점":39.0,
            "백화점":100,
            "아울렛몰":80,
            "대형마트":0,
            "은행":0,
            "병원":60,
            "종합병원":100,
            "공원":100,
            "혐오시설":0,
            "인프라총점":67.0,
            "초등학군":99.01,
            "중학군":58.44,
            "학군총점":66.554,
            "인구수":35.27,
            "인구증감":12.19,
            "인구총점":28.346,
            "일자리":2.7,
            "소득수준":51.54,
            "일자리총점":17.352,
            "가치 총점":53.6331,
            "매매실거래년":20211123.0,
            "매매실거래가":76000.0,
            "전세실거래년":20211220.0,
            "전세실거래가":66000.0,
            "전세가율":86.84,
            "장기전세가율평균":71.04,
            "전세가율거품지수":-15.8,
            "검색코드":2956,
            "세대수":358.0,
            "준공년월":"1995-10-30",
            "준공년차":28.0,
            "가까운역이름":"일산",
            "가까운역거리":590.94,
            "역세권여부":"준역세권",
            "30분이내주요거점역":1,
            "1시간이내주요거점역":4,
            "3km이내백화점수":2,
            "5km이내아울렛몰수":1,
            "1km이내대형먀트수":0,
            "500m이내은행수":0,
            "500m이내병원수":13,
            "5km이내대형병원수":5,
            "500m이내공원수":2,
            "3km이내혐오시설수":0,
            "초등학교학업성취도":99.01,
            "중학교학업성취도":92.0,
            "용적률":182,
            "건폐율":17,
            "Y":37.681186,
            "X":126.763226,
            "rank":64.0,
            "area_info":"37평(123.51), 45평(151.36), 55평(182.72)",
            "last_sales":"2021-11-23,76000.0,37평(123.51)"
        },
        {
            "index":281,
            "아파트명":"일신건영휴먼빌",
            "투자타입":"일반",
            "전용면적(m2)":"91.1",
            "전용면적(평)":"27평",
            "법정동주소":"경기도 고양시 일산서구 일산동 1655",
            "도로명주소":"경기도 고양시 일산서구 원일로21번길 22",
            "세대수":80,
            "입주년차":20,
            "용적률점수":"--",
            "건폐율점수":"--",
            "세대당주차수":0,
            "난방방식":100,
            "공급면적":"--",
            "전용률":"--",
            "욕실수":100,
            "현관타입":100,
            "주거총점":62.0,
            "지역구공급총점":100.0,
            "역세권":50,
            "30분내 이동가능 거점":20,
            "1시간내 이동가능 거점":50,
            "교통총점":41.0,
            "백화점":100,
            "아울렛몰":0,
            "대형마트":0,
            "은행":0,
            "병원":80,
            "종합병원":100,
            "공원":80,
            "혐오시설":0,
            "인프라총점":60.4,
            "초등학군":84.26,
            "중학군":51.8,
            "학군총점":58.292,
            "인구수":35.27,
            "인구증감":12.19,
            "인구총점":28.346,
            "일자리":2.7,
            "소득수준":51.54,
            "일자리총점":17.352,
            "가치 총점":53.6138,
            "매매실거래년":20211223.0,
            "매매실거래가":49000.0,
            "전세실거래년":20220107.0,
            "전세실거래가":35000.0,
            "전세가율":77.95,
            "장기전세가율평균":71.04,
            "전세가율거품지수":-6.91,
            "검색코드":10613,
            "세대수":822.0,
            "준공년월":"2003-12-22",
            "준공년차":20.0,
            "가까운역이름":"일산",
            "가까운역거리":761.92,
            "역세권여부":"준역세권",
            "30분이내주요거점역":1,
            "1시간이내주요거점역":5,
            "3km이내백화점수":1,
            "5km이내아울렛몰수":0,
            "1km이내대형먀트수":0,
            "500m이내은행수":0,
            "500m이내병원수":33,
            "5km이내대형병원수":4,
            "500m이내공원수":1,
            "3km이내혐오시설수":0,
            "초등학교학업성취도":84.26,
            "중학교학업성취도":85.2,
            "용적률":266,
            "건폐율":18,
            "Y":37.688216,
            "X":126.766,
            "rank":65.0,
            "area_info":"27평(91.1), 32평(106.96)",
            "last_sales":"2021-12-23,49000.0,32평(106.96)"
        },
        {
            "index":410,
            "아파트명":"강선9단지화성",
            "투자타입":"일반",
            "전용면적(m2)":"78.46",
            "전용면적(평)":"23평",
            "법정동주소":"경기도 고양시 일산서구 주엽동 60",
            "도로명주소":"경기도 고양시 일산서구 강성로 62",
            "세대수":80,
            "입주년차":0,
            "용적률점수":"--",
            "건폐율점수":"--",
            "세대당주차수":0,
            "난방방식":100,
            "공급면적":"--",
            "전용률":"--",
            "욕실수":50,
            "현관타입":10,
            "주거총점":44.0,
            "지역구공급총점":100.0,
            "역세권":50,
            "30분내 이동가능 거점":20,
            "1시간내 이동가능 거점":30,
            "교통총점":37.0,
            "백화점":100,
            "아울렛몰":80,
            "대형마트":0,
            "은행":70,
            "병원":60,
            "종합병원":100,
            "공원":100,
            "혐오시설":0,
            "인프라총점":74.0,
            "초등학군":87.1,
            "중학군":55.24,
            "학군총점":61.612,
            "인구수":35.27,
            "인구증감":12.19,
            "인구총점":28.346,
            "일자리":2.7,
            "소득수준":51.54,
            "일자리총점":17.352,
            "가치 총점":53.1918,
            "매매실거래년":20211128.0,
            "매매실거래가":54300.0,
            "전세실거래년":20220106.0,
            "전세실거래가":17850.0,
            "전세가율":41.22,
            "장기전세가율평균":71.04,
            "전세가율거품지수":29.82,
            "검색코드":1372,
            "세대수":860.0,
            "준공년월":"1993-11-26",
            "준공년차":30.0,
            "가까운역이름":"주엽",
            "가까운역거리":664.41,
            "역세권여부":"준역세권",
            "30분이내주요거점역":1,
            "1시간이내주요거점역":3,
            "3km이내백화점수":2,
            "5km이내아울렛몰수":1,
            "1km이내대형먀트수":0,
            "500m이내은행수":4,
            "500m이내병원수":26,
            "5km이내대형병원수":5,
            "500m이내공원수":2,
            "3km이내혐오시설수":0,
            "초등학교학업성취도":87.1,
            "중학교학업성취도":89.0,
            "용적률":163,
            "건폐율":15,
            "Y":37.668213,
            "X":126.768508,
            "rank":66.0,
            "area_info":"23평(78.46), 26평(87.81), 32평(106.69)",
            "last_sales":"2021-11-28,54300.0,26평(87.81)"
        },
        {
            "index":323,
            "아파트명":"후곡18단지현대",
            "투자타입":"일반",
            "전용면적(m2)":"75.91",
            "전용면적(평)":"22평",
            "법정동주소":"경기도 고양시 일산서구 일산동 1090",
            "도로명주소":"경기도 고양시 일산서구 일산로 487",
            "세대수":80,
            "입주년차":0,
            "용적률점수":"--",
            "건폐율점수":"--",
            "세대당주차수":0,
            "난방방식":100,
            "공급면적":"--",
            "전용률":"--",
            "욕실수":50,
            "현관타입":10,
            "주거총점":44.0,
            "지역구공급총점":100.0,
            "역세권":50,
            "30분내 이동가능 거점":20,
            "1시간내 이동가능 거점":20,
            "교통총점":35.0,
            "백화점":100,
            "아울렛몰":80,
            "대형마트":0,
            "은행":70,
            "병원":60,
            "종합병원":100,
            "공원":100,
            "혐오시설":0,
            "인프라총점":74.0,
            "초등학군":100.0,
            "중학군":56.1,
            "학군총점":64.88,
            "인구수":35.27,
            "인구증감":12.19,
            "인구총점":28.346,
            "일자리":2.7,
            "소득수준":51.54,
            "일자리총점":17.352,
            "가치 총점":52.982,
            "매매실거래년":20220109.0,
            "매매실거래가":50000.0,
            "전세실거래년":20220111.0,
            "전세실거래가":28500.0,
            "전세가율":76.41,
            "장기전세가율평균":71.04,
            "전세가율거품지수":-5.37,
            "검색코드":2972,
            "세대수":784.0,
            "준공년월":"1994-12-09",
            "준공년차":29.0,
            "가까운역이름":"일산",
            "가까운역거리":850.42,
            "역세권여부":"준역세권",
            "30분이내주요거점역":1,
            "1시간이내주요거점역":2,
            "3km이내백화점수":2,
            "5km이내아울렛몰수":1,
            "1km이내대형먀트수":0,
            "500m이내은행수":3,
            "500m이내병원수":22,
            "5km이내대형병원수":5,
            "500m이내공원수":4,
            "3km이내혐오시설수":0,
            "초등학교학업성취도":100.0,
            "중학교학업성취도":89.3,
            "용적률":162,
            "건폐율":17,
            "Y":37.674809,
            "X":126.772854,
            "rank":67.0,
            "area_info":"22평(75.91), 27평(91.67), 32평(107.44)",
            "last_sales":"2022-01-09,50000.0,27평(91.67)"
        },
        {
            "index":525,
            "아파트명":"탄현13단지삼환",
            "투자타입":"일반",
            "전용면적(m2)":"119.02",
            "전용면적(평)":"36평",
            "법정동주소":"경기도 고양시 일산서구 탄현동 1584",
            "도로명주소":"경기도 고양시 일산서구 현중로 13",
            "세대수":30,
            "입주년차":20,
            "용적률점수":"--",
            "건폐율점수":"--",
            "세대당주차수":60,
            "난방방식":100,
            "공급면적":"--",
            "전용률":"--",
            "욕실수":100,
            "현관타입":100,
            "주거총점":53.5,
            "지역구공급총점":100.0,
            "역세권":50,
            "30분내 이동가능 거점":20,
            "1시간내 이동가능 거점":50,
            "교통총점":41.0,
            "백화점":100,
            "아울렛몰":0,
            "대형마트":0,
            "은행":20,
            "병원":80,
            "종합병원":100,
            "공원":100,
            "혐오시설":0,
            "인프라총점":63.0,
            "초등학군":86.36,
            "중학군":51.8,
            "학군총점":58.712,
            "인구수":35.27,
            "인구증감":12.19,
            "인구총점":28.346,
            "일자리":2.7,
            "소득수준":51.54,
            "일자리총점":17.352,
            "가치 총점":52.7568,
            "매매실거래년":20211006.0,
            "매매실거래가":45000.0,
            "전세실거래년":20211203.0,
            "전세실거래가":40000.0,
            "전세가율":88.89,
            "장기전세가율평균":71.04,
            "전세가율거품지수":-17.85,
            "검색코드":8744,
            "세대수":396.0,
            "준공년월":"2000-12-09",
            "준공년차":23.0,
            "가까운역이름":"탄현",
            "가까운역거리":547.01,
            "역세권여부":"준역세권",
            "30분이내주요거점역":1,
            "1시간이내주요거점역":5,
            "3km이내백화점수":1,
            "5km이내아울렛몰수":0,
            "1km이내대형먀트수":0,
            "500m이내은행수":2,
            "500m이내병원수":36,
            "5km이내대형병원수":4,
            "500m이내공원수":6,
            "3km이내혐오시설수":0,
            "초등학교학업성취도":86.36,
            "중학교학업성취도":85.2,
            "용적률":235,
            "건폐율":17,
            "Y":37.691945,
            "X":126.766721,
            "rank":68.0,
            "area_info":"36평(119.02), 43평(144.99)",
            "last_sales":"2021-10-06,45000.0,36평(119.02)"
        },
        {
            "index":254,
            "아파트명":"일산월드메르디앙",
            "투자타입":"일반",
            "전용면적(m2)":"60.84",
            "전용면적(평)":"18평",
            "법정동주소":"경기도 고양시 일산서구 일산동 955-10",
            "도로명주소":"경기도 고양시 일산서구 고양대로 648",
            "세대수":0,
            "입주년차":40,
            "용적률점수":"--",
            "건폐율점수":"--",
            "세대당주차수":30,
            "난방방식":30,
            "공급면적":"--",
            "전용률":"--",
            "욕실수":50,
            "현관타입":10,
            "주거총점":21.5,
            "지역구공급총점":100.0,
            "역세권":80,
            "30분내 이동가능 거점":20,
            "1시간내 이동가능 거점":80,
            "교통총점":62.0,
            "백화점":100,
            "아울렛몰":0,
            "대형마트":0,
            "은행":20,
            "병원":60,
            "종합병원":100,
            "공원":0,
            "혐오시설":0,
            "인프라총점":58.0,
            "초등학군":84.26,
            "중학군":51.8,
            "학군총점":58.292,
            "인구수":35.27,
            "인구증감":12.19,
            "인구총점":28.346,
            "일자리":2.7,
            "소득수준":51.54,
            "일자리총점":17.352,
            "가치 총점":52.1438,
            "매매실거래년":20211117.0,
            "매매실거래가":22000.0,
            "전세실거래년":20211117.0,
            "전세실거래가":14500.0,
            "전세가율":65.91,
            "장기전세가율평균":71.04,
            "전세가율거품지수":5.13,
            "검색코드":11090,
            "세대수":204.0,
            "준공년월":"2005-03-22",
            "준공년차":18.0,
            "가까운역이름":"일산",
            "가까운역거리":355.87,
            "역세권여부":"역세권",
            "30분이내주요거점역":1,
            "1시간이내주요거점역":8,
            "3km이내백화점수":2,
            "5km이내아울렛몰수":0,
            "1km이내대형먀트수":0,
            "500m이내은행수":2,
            "500m이내병원수":15,
            "5km이내대형병원수":5,
            "500m이내공원수":0,
            "3km이내혐오시설수":0,
            "초등학교학업성취도":84.26,
            "중학교학업성취도":85.2,
            "용적률":770,
            "건폐율":70,
            "Y":37.684931,
            "X":126.768016,
            "rank":69.0,
            "area_info":"18평(60.84), 24평(82.17)",
            "last_sales":"2021-11-17,22000.0,18평(60.84)"
        },
        {
            "index":422,
            "아파트명":"문촌12단지유승",
            "투자타입":"일반",
            "전용면적(m2)":"79.21",
            "전용면적(평)":"23평",
            "법정동주소":"경기도 고양시 일산서구 주엽동 138",
            "도로명주소":"경기도 고양시 일산서구 중앙로 1493",
            "세대수":0,
            "입주년차":0,
            "용적률점수":"--",
            "건폐율점수":"--",
            "세대당주차수":0,
            "난방방식":100,
            "공급면적":"--",
            "전용률":"--",
            "욕실수":50,
            "현관타입":100,
            "주거총점":25.0,
            "지역구공급총점":100.0,
            "역세권":50,
            "30분내 이동가능 거점":20,
            "1시간내 이동가능 거점":40,
            "교통총점":39.0,
            "백화점":100,
            "아울렛몰":80,
            "대형마트":100,
            "은행":0,
            "병원":60,
            "종합병원":100,
            "공원":100,
            "혐오시설":0,
            "인프라총점":82.0,
            "초등학군":87.05,
            "중학군":51.84,
            "학군총점":58.882,
            "인구수":35.27,
            "인구증감":12.19,
            "인구총점":28.346,
            "일자리":2.7,
            "소득수준":51.54,
            "일자리총점":17.352,
            "가치 총점":52.0823,
            "매매실거래년":20210927.0,
            "매매실거래가":49000.0,
            "전세실거래년":20211211.0,
            "전세실거래가":21400.0,
            "전세가율":67.3,
            "장기전세가율평균":71.04,
            "전세가율거품지수":3.74,
            "검색코드":1388,
            "세대수":272.0,
            "준공년월":"1996-11-01",
            "준공년차":27.0,
            "가까운역이름":"주엽",
            "가까운역거리":636.39,
            "역세권여부":"준역세권",
            "30분이내주요거점역":1,
            "1시간이내주요거점역":4,
            "3km이내백화점수":2,
            "5km이내아울렛몰수":1,
            "1km이내대형먀트수":2,
            "500m이내은행수":1,
            "500m이내병원수":17,
            "5km이내대형병원수":5,
            "500m이내공원수":5,
            "3km이내혐오시설수":0,
            "초등학교학업성취도":87.05,
            "중학교학업성취도":84.2,
            "용적률":198,
            "건폐율":37,
            "Y":37.67233,
            "X":126.75469,
            "rank":70.0,
            "area_info":"23평(79.21), 30평(102.22)",
            "last_sales":"2021-09-27,49000.0,30평(102.22)"
        },
        {
            "index":310,
            "아파트명":"후곡13단지태영",
            "투자타입":"일반",
            "전용면적(m2)":"77.7",
            "전용면적(평)":"23평",
            "법정동주소":"경기도 고양시 일산서구 일산동 1093",
            "도로명주소":"경기도 고양시 일산서구 일산로 488",
            "세대수":50,
            "입주년차":0,
            "용적률점수":"--",
            "건폐율점수":"--",
            "세대당주차수":0,
            "난방방식":100,
            "공급면적":"--",
            "전용률":"--",
            "욕실수":50,
            "현관타입":10,
            "주거총점":33.5,
            "지역구공급총점":100.0,
            "역세권":50,
            "30분내 이동가능 거점":20,
            "1시간내 이동가능 거점":40,
            "교통총점":39.0,
            "백화점":100,
            "아울렛몰":80,
            "대형마트":0,
            "은행":70,
            "병원":60,
            "종합병원":100,
            "공원":100,
            "혐오시설":0,
            "인프라총점":74.0,
            "초등학군":86.77,
            "중학군":56.1,
            "학군총점":62.234,
            "인구수":35.27,
            "인구증감":12.19,
            "인구총점":28.346,
            "일자리":2.7,
            "소득수준":51.54,
            "일자리총점":17.352,
            "가치 총점":51.8851,
            "매매실거래년":20211206.0,
            "매매실거래가":44500.0,
            "전세실거래년":20220113.0,
            "전세실거래가":29000.0,
            "전세가율":65.17,
            "장기전세가율평균":71.04,
            "전세가율거품지수":5.87,
            "검색코드":3857,
            "세대수":420.0,
            "준공년월":"1994-12-16",
            "준공년차":29.0,
            "가까운역이름":"일산",
            "가까운역거리":749.34,
            "역세권여부":"준역세권",
            "30분이내주요거점역":1,
            "1시간이내주요거점역":4,
            "3km이내백화점수":2,
            "5km이내아울렛몰수":1,
            "1km이내대형먀트수":0,
            "500m이내은행수":3,
            "500m이내병원수":19,
            "5km이내대형병원수":5,
            "500m이내공원수":3,
            "3km이내혐오시설수":0,
            "초등학교학업성취도":86.77,
            "중학교학업성취도":89.3,
            "용적률":163,
            "건폐율":17,
            "Y":37.676098,
            "X":126.773774,
            "rank":71.0,
            "area_info":"23평(77.7), 27평(90.72), 31평(102.99)",
            "last_sales":"2021-12-06,44500.0,23평(77.7)"
        },
        {
            "index":469,
            "아파트명":"문촌6단지기산쌍용",
            "투자타입":"일반",
            "전용면적(m2)":"79.82",
            "전용면적(평)":"24평",
            "법정동주소":"경기도 고양시 일산서구 주엽동 8",
            "도로명주소":"경기도 고양시 일산서구 대산로 183",
            "세대수":50,
            "입주년차":0,
            "용적률점수":"--",
            "건폐율점수":"--",
            "세대당주차수":0,
            "난방방식":100,
            "공급면적":"--",
            "전용률":"--",
            "욕실수":50,
            "현관타입":10,
            "주거총점":33.5,
            "지역구공급총점":100.0,
            "역세권":50,
            "30분내 이동가능 거점":20,
            "1시간내 이동가능 거점":20,
            "교통총점":35.0,
            "백화점":100,
            "아울렛몰":80,
            "대형마트":80,
            "은행":0,
            "병원":30,
            "종합병원":100,
            "공원":100,
            "혐오시설":0,
            "인프라총점":76.0,
            "초등학군":90.0,
            "중학군":58.44,
            "학군총점":64.752,
            "인구수":35.27,
            "인구증감":12.19,
            "인구총점":28.346,
            "일자리":2.7,
            "소득수준":51.54,
            "일자리총점":17.352,
            "가치 총점":51.4628,
            "매매실거래년":20210822.0,
            "매매실거래가":61000.0,
            "전세실거래년":20211215.0,
            "전세실거래가":18900.0,
            "전세가율":47.37,
            "장기전세가율평균":71.04,
            "전세가율거품지수":23.67,
            "검색코드":1383,
            "세대수":624.0,
            "준공년월":"1994-05-19",
            "준공년차":29.0,
            "가까운역이름":"주엽",
            "가까운역거리":805.9,
            "역세권여부":"준역세권",
            "30분이내주요거점역":1,
            "1시간이내주요거점역":2,
            "3km이내백화점수":2,
            "5km이내아울렛몰수":1,
            "1km이내대형먀트수":1,
            "500m이내은행수":1,
            "500m이내병원수":5,
            "5km이내대형병원수":5,
            "500m이내공원수":4,
            "3km이내혐오시설수":0,
            "초등학교학업성취도":90.0,
            "중학교학업성취도":92.0,
            "용적률":163,
            "건폐율":14,
            "Y":37.676657,
            "X":126.757509,
            "rank":72.0,
            "area_info":"24평(79.82), 24평(79.78), 26평(88.68), 26평(88.68), 32평(107.31), 32평(107.26)",
            "last_sales":"2021-08-22,61000.0,32평(107.26)"
        },
        {
            "index":121,
            "아파트명":"철산",
            "투자타입":"재건축",
            "전용면적(m2)":"49.81",
            "전용면적(평)":"15평",
            "법정동주소":"경기도 고양시 일산서구 덕이동 277-10",
            "도로명주소":"경기도 고양시 일산서구 경의로 867",
            "세대수":0,
            "입주년차":"--",
            "용적률점수":100,
            "건폐율점수":80,
            "세대당주차수":"--",
            "난방방식":"--",
            "공급면적":50,
            "전용률":60,
            "욕실수":"--",
            "현관타입":"--",
            "주거총점":61.5,
            "지역구공급총점":100.0,
            "역세권":80,
            "30분내 이동가능 거점":20,
            "1시간내 이동가능 거점":60,
            "교통총점":58.0,
            "백화점":0,
            "아울렛몰":0,
            "대형마트":0,
            "은행":70,
            "병원":30,
            "종합병원":100,
            "공원":100,
            "혐오시설":0,
            "인프라총점":33.0,
            "초등학군":90.32,
            "중학군":48.7,
            "학군총점":57.024,
            "인구수":35.27,
            "인구증감":12.19,
            "인구총점":28.346,
            "일자리":2.7,
            "소득수준":51.54,
            "일자리총점":17.352,
            "가치 총점":51.0536,
            "매매실거래년":20211227.0,
            "매매실거래가":17500.0,
            "전세실거래년":20211130.0,
            "전세실거래가":11000.0,
            "전세가율":62.86,
            "장기전세가율평균":71.04,
            "전세가율거품지수":8.18,
            "검색코드":8567,
            "세대수":270.0,
            "준공년월":"1989-03-29",
            "준공년차":34.0,
            "가까운역이름":"탄현",
            "가까운역거리":265.75,
            "역세권여부":"역세권",
            "30분이내주요거점역":1,
            "1시간이내주요거점역":6,
            "3km이내백화점수":0,
            "5km이내아울렛몰수":0,
            "1km이내대형먀트수":0,
            "500m이내은행수":3,
            "500m이내병원수":5,
            "5km이내대형병원수":4,
            "500m이내공원수":2,
            "3km이내혐오시설수":0,
            "초등학교학업성취도":90.32,
            "중학교학업성취도":79.9,
            "용적률":123,
            "건폐율":25,
            "Y":37.695201,
            "X":126.758458,
            "rank":73.0,
            "area_info":"15평(49.81), 15평(50.93), 17평(58.31)",
            "last_sales":"2021-12-27,17500.0,15평(49.81)"
        },
        {
            "index":278,
            "아파트명":"일신,삼익",
            "투자타입":"일반",
            "전용면적(m2)":"80.89",
            "전용면적(평)":"24평",
            "법정동주소":"경기도 고양시 일산서구 일산동 2120",
            "도로명주소":"경기도 고양시 일산서구 원일로21번길 43",
            "세대수":50,
            "입주년차":20,
            "용적률점수":"--",
            "건폐율점수":"--",
            "세대당주차수":30,
            "난방방식":100,
            "공급면적":"--",
            "전용률":"--",
            "욕실수":50,
            "현관타입":100,
            "주거총점":51.0,
            "지역구공급총점":100.0,
            "역세권":50,
            "30분내 이동가능 거점":20,
            "1시간내 이동가능 거점":50,
            "교통총점":41.0,
            "백화점":100,
            "아울렛몰":0,
            "대형마트":0,
            "은행":0,
            "병원":60,
            "종합병원":100,
            "공원":100,
            "혐오시설":0,
            "인프라총점":59.0,
            "초등학군":84.26,
            "중학군":51.8,
            "학군총점":58.292,
            "인구수":35.27,
            "인구증감":12.19,
            "인구총점":28.346,
            "일자리":2.7,
            "소득수준":51.54,
            "일자리총점":17.352,
            "가치 총점":50.9938,
            "매매실거래년":20211204.0,
            "매매실거래가":56000.0,
            "전세실거래년":20211130.0,
            "전세실거래가":17325.0,
            "전세가율":49.78,
            "장기전세가율평균":71.04,
            "전세가율거품지수":21.26,
            "검색코드":8792,
            "세대수":509.0,
            "준공년월":"2000-09-09",
            "준공년차":23.0,
            "가까운역이름":"탄현",
            "가까운역거리":624.65,
            "역세권여부":"준역세권",
            "30분이내주요거점역":1,
            "1시간이내주요거점역":5,
            "3km이내백화점수":1,
            "5km이내아울렛몰수":0,
            "1km이내대형먀트수":0,
            "500m이내은행수":0,
            "500m이내병원수":24,
            "5km이내대형병원수":4,
            "500m이내공원수":2,
            "3km이내혐오시설수":0,
            "초등학교학업성취도":84.26,
            "중학교학업성취도":85.2,
            "용적률":256,
            "건폐율":19,
            "Y":37.688991,
            "X":126.764242,
            "rank":74.0,
            "area_info":"24평(80.89), 33평(110.59), 49평(164.51)",
            "last_sales":"2021-12-04,56000.0,49평(164.51)"
        },
        {
            "index":532,
            "아파트명":"탄현1단지경남,진로",
            "투자타입":"일반",
            "전용면적(m2)":"124.64",
            "전용면적(평)":"37평",
            "법정동주소":"경기도 고양시 일산서구 탄현동 1485",
            "도로명주소":"경기도 고양시 일산서구 일현로 70",
            "세대수":50,
            "입주년차":0,
            "용적률점수":"--",
            "건폐율점수":"--",
            "세대당주차수":60,
            "난방방식":100,
            "공급면적":"--",
            "전용률":"--",
            "욕실수":100,
            "현관타입":100,
            "주거총점":56.5,
            "지역구공급총점":100.0,
            "역세권":80,
            "30분내 이동가능 거점":20,
            "1시간내 이동가능 거점":50,
            "교통총점":56.0,
            "백화점":0,
            "아울렛몰":0,
            "대형마트":0,
            "은행":70,
            "병원":80,
            "종합병원":100,
            "공원":100,
            "혐오시설":0,
            "인프라총점":38.0,
            "초등학군":86.36,
            "중학군":48.7,
            "학군총점":56.232,
            "인구수":35.27,
            "인구증감":12.19,
            "인구총점":28.346,
            "일자리":2.7,
            "소득수준":51.54,
            "일자리총점":17.352,
            "가치 총점":50.7348,
            "매매실거래년":20211120.0,
            "매매실거래가":58800.0,
            "전세실거래년":null,
            "전세실거래가":null,
            "전세가율":null,
            "장기전세가율평균":71.04,
            "전세가율거품지수":null,
            "검색코드":1518,
            "세대수":480.0,
            "준공년월":"1995-09-29",
            "준공년차":28.0,
            "가까운역이름":"탄현",
            "가까운역거리":386.75,
            "역세권여부":"역세권",
            "30분이내주요거점역":1,
            "1시간이내주요거점역":5,
            "3km이내백화점수":0,
            "5km이내아울렛몰수":0,
            "1km이내대형먀트수":0,
            "500m이내은행수":3,
            "500m이내병원수":35,
            "5km이내대형병원수":4,
            "500m이내공원수":5,
            "3km이내혐오시설수":0,
            "초등학교학업성취도":86.36,
            "중학교학업성취도":79.9,
            "용적률":219,
            "건폐율":14,
            "Y":37.693291,
            "X":126.765383,
            "rank":75.0,
            "area_info":"37평(124.64), 37평(124.64), 43평(144.71), 43평(144.71)",
            "last_sales":"2021-11-20,58800.0,43평(144.71)"
        },
        {
            "index":117,
            "아파트명":"덕이태영",
            "투자타입":"일반",
            "전용면적(m2)":"103.57",
            "전용면적(평)":"31평",
            "법정동주소":"경기도 고양시 일산서구 덕이동 1521",
            "도로명주소":"경기도 고양시 일산서구 탄중로101번길 36",
            "세대수":0,
            "입주년차":20,
            "용적률점수":"--",
            "건폐율점수":"--",
            "세대당주차수":30,
            "난방방식":30,
            "공급면적":"--",
            "전용률":"--",
            "욕실수":100,
            "현관타입":100,
            "주거총점":31.5,
            "지역구공급총점":100.0,
            "역세권":80,
            "30분내 이동가능 거점":20,
            "1시간내 이동가능 거점":50,
            "교통총점":56.0,
            "백화점":100,
            "아울렛몰":0,
            "대형마트":0,
            "은행":0,
            "병원":10,
            "종합병원":100,
            "공원":100,
            "혐오시설":0,
            "인프라총점":54.0,
            "초등학군":90.32,
            "중학군":48.7,
            "학군총점":57.024,
            "인구수":35.27,
            "인구증감":12.19,
            "인구총점":28.346,
            "일자리":2.7,
            "소득수준":51.54,
            "일자리총점":17.352,
            "가치 총점":50.6536,
            "매매실거래년":20211013.0,
            "매매실거래가":43000.0,
            "전세실거래년":20220106.0,
            "전세실거래가":23000.0,
            "전세가율":53.49,
            "장기전세가율평균":71.04,
            "전세가율거품지수":17.55,
            "검색코드":8579,
            "세대수":292.0,
            "준공년월":"2003-05-03",
            "준공년차":20.0,
            "가까운역이름":"탄현",
            "가까운역거리":338.91,
            "역세권여부":"역세권",
            "30분이내주요거점역":1,
            "1시간이내주요거점역":5,
            "3km이내백화점수":1,
            "5km이내아울렛몰수":0,
            "1km이내대형먀트수":0,
            "500m이내은행수":1,
            "500m이내병원수":4,
            "5km이내대형병원수":4,
            "500m이내공원수":2,
            "3km이내혐오시설수":0,
            "초등학교학업성취도":90.32,
            "중학교학업성취도":79.9,
            "용적률":107,
            "건폐율":10,
            "Y":37.69454,
            "X":126.75729,
            "rank":76.0,
            "area_info":"31평(103.57)",
            "last_sales":"2021-10-13,43000.0,31평(103.57)"
        },
        {
            "index":415,
            "아파트명":"문촌11단지건영",
            "투자타입":"일반",
            "전용면적(m2)":"28.45",
            "전용면적(평)":"8평",
            "법정동주소":"경기도 고양시 일산서구 주엽동 15",
            "도로명주소":"경기도 고양시 일산서구 중앙로 1496",
            "세대수":0,
            "입주년차":20,
            "용적률점수":"--",
            "건폐율점수":"--",
            "세대당주차수":0,
            "난방방식":100,
            "공급면적":"--",
            "전용률":"--",
            "욕실수":50,
            "현관타입":10,
            "주거총점":20.0,
            "지역구공급총점":100.0,
            "역세권":50,
            "30분내 이동가능 거점":20,
            "1시간내 이동가능 거점":30,
            "교통총점":37.0,
            "백화점":100,
            "아울렛몰":80,
            "대형마트":100,
            "은행":0,
            "병원":60,
            "종합병원":100,
            "공원":100,
            "혐오시설":0,
            "인프라총점":82.0,
            "초등학군":90.0,
            "중학군":51.84,
            "학군총점":59.472,
            "인구수":35.27,
            "인구증감":12.19,
            "인구총점":28.346,
            "일자리":2.7,
            "소득수준":51.54,
            "일자리총점":17.352,
            "가치 총점":50.4708,
            "매매실거래년":20210901.0,
            "매매실거래가":58000.0,
            "전세실거래년":20210203.0,
            "전세실거래가":13000.0,
            "전세가율":88.74,
            "장기전세가율평균":71.04,
            "전세가율거품지수":-17.7,
            "검색코드":3862,
            "세대수":262.0,
            "준공년월":"1999-10-29",
            "준공년차":24.0,
            "가까운역이름":"주엽",
            "가까운역거리":653.38,
            "역세권여부":"준역세권",
            "30분이내주요거점역":1,
            "1시간이내주요거점역":3,
            "3km이내백화점수":2,
            "5km이내아울렛몰수":1,
            "1km이내대형먀트수":2,
            "500m이내은행수":1,
            "500m이내병원수":17,
            "5km이내대형병원수":5,
            "500m이내공원수":6,
            "3km이내혐오시설수":0,
            "초등학교학업성취도":90.0,
            "중학교학업성취도":84.2,
            "용적률":198,
            "건폐율":93,
            "Y":37.67337,
            "X":126.75519,
            "rank":77.0,
            "area_info":"8평(28.45), 10평(36.23), 20평(67.58), 22평(75.24), 23평(76.95), 28평(95.2), 32평(109.07)",
            "last_sales":"2021-09-01,58000.0,32평(109.07)"
        },
        {
            "index":342,
            "아파트명":"후곡6단지건영동부",
            "투자타입":"일반",
            "전용면적(m2)":"65.69",
            "전용면적(평)":"19평",
            "법정동주소":"경기도 고양시 일산서구 일산동 1050",
            "도로명주소":"경기도 고양시 일산서구 일산로 612",
            "세대수":50,
            "입주년차":0,
            "용적률점수":"--",
            "건폐율점수":"--",
            "세대당주차수":0,
            "난방방식":100,
            "공급면적":"--",
            "전용률":"--",
            "욕실수":50,
            "현관타입":10,
            "주거총점":33.5,
            "지역구공급총점":100.0,
            "역세권":50,
            "30분내 이동가능 거점":20,
            "1시간내 이동가능 거점":40,
            "교통총점":39.0,
            "백화점":100,
            "아울렛몰":80,
            "대형마트":0,
            "은행":0,
            "병원":60,
            "종합병원":100,
            "공원":100,
            "혐오시설":0,
            "인프라총점":67.0,
            "초등학군":99.01,
            "중학군":58.44,
            "학군총점":66.554,
            "인구수":35.27,
            "인구증감":12.19,
            "인구총점":28.346,
            "일자리":2.7,
            "소득수준":51.54,
            "일자리총점":17.352,
            "가치 총점":50.4331,
            "매매실거래년":20211130.0,
            "매매실거래가":63500.0,
            "전세실거래년":20211204.0,
            "전세실거래가":17300.0,
            "전세가율":46.13,
            "장기전세가율평균":71.04,
            "전세가율거품지수":24.91,
            "검색코드":2966,
            "세대수":676.0,
            "준공년월":"1994-12-14",
            "준공년차":29.0,
            "가까운역이름":"일산",
            "가까운역거리":783.8,
            "역세권여부":"준역세권",
            "30분이내주요거점역":1,
            "1시간이내주요거점역":4,
            "3km이내백화점수":2,
            "5km이내아울렛몰수":1,
            "1km이내대형먀트수":0,
            "500m이내은행수":0,
            "500m이내병원수":11,
            "5km이내대형병원수":5,
            "500m이내공원수":4,
            "3km이내혐오시설수":0,
            "초등학교학업성취도":99.01,
            "중학교학업성취도":92.0,
            "용적률":164,
            "건폐율":16,
            "Y":37.681748,
            "X":126.760949,
            "rank":78.0,
            "area_info":"19평(65.69), 20평(69.36), 27평(89.39), 27평(90.43), 31평(104.41), 32평(107.18)",
            "last_sales":"2021-11-30,63500.0,32평(107.18)"
        },
        {
            "index":234,
            "아파트명":"일산동문5차",
            "투자타입":"일반",
            "전용면적(m2)":"81.17",
            "전용면적(평)":"24평",
            "법정동주소":"경기도 고양시 일산서구 일산동 600-32",
            "도로명주소":"경기도 고양시 일산서구 탄중로 501",
            "세대수":50,
            "입주년차":20,
            "용적률점수":"--",
            "건폐율점수":"--",
            "세대당주차수":30,
            "난방방식":100,
            "공급면적":"--",
            "전용률":"--",
            "욕실수":50,
            "현관타입":100,
            "주거총점":51.0,
            "지역구공급총점":100.0,
            "역세권":50,
            "30분내 이동가능 거점":20,
            "1시간내 이동가능 거점":40,
            "교통총점":39.0,
            "백화점":100,
            "아울렛몰":0,
            "대형마트":0,
            "은행":0,
            "병원":60,
            "종합병원":100,
            "공원":80,
            "혐오시설":0,
            "인프라총점":58.4,
            "초등학군":84.26,
            "중학군":51.8,
            "학군총점":58.292,
            "인구수":35.27,
            "인구증감":12.19,
            "인구총점":28.346,
            "일자리":2.7,
            "소득수준":51.54,
            "일자리총점":17.352,
            "가치 총점":50.1138,
            "매매실거래년":20211109.0,
            "매매실거래가":40000.0,
            "전세실거래년":20210831.0,
            "전세실거래가":26000.0,
            "전세가율":96.3,
            "장기전세가율평균":71.04,
            "전세가율거품지수":-25.26,
            "검색코드":8811,
            "세대수":427.0,
            "준공년월":"2000-09-16",
            "준공년차":23.0,
            "가까운역이름":"일산",
            "가까운역거리":762.24,
            "역세권여부":"준역세권",
            "30분이내주요거점역":1,
            "1시간이내주요거점역":4,
            "3km이내백화점수":1,
            "5km이내아울렛몰수":0,
            "1km이내대형먀트수":0,
            "500m이내은행수":0,
            "500m이내병원수":19,
            "5km이내대형병원수":4,
            "500m이내공원수":1,
            "3km이내혐오시설수":0,
            "초등학교학업성취도":84.26,
            "중학교학업성취도":85.2,
            "용적률":319,
            "건폐율":23,
            "Y":37.688932,
            "X":126.769843,
            "rank":79.0,
            "area_info":"24평(81.17), 32평(107.29), 32평(108.08), 43평(142.54), 49평(164.49)",
            "last_sales":"2021-11-09,40000.0,32평(107.29)"
        },
        {
            "index":185,
            "아파트명":"미주8차",
            "투자타입":"재건축",
            "전용면적(m2)":"81.07",
            "전용면적(평)":"24평",
            "법정동주소":"경기도 고양시 일산서구 일산동 1979",
            "도로명주소":"경기도 고양시 일산서구 일청로65번길 50",
            "세대수":0,
            "입주년차":"--",
            "용적률점수":100,
            "건폐율점수":0,
            "세대당주차수":"--",
            "난방방식":"--",
            "공급면적":70,
            "전용률":60,
            "욕실수":"--",
            "현관타입":"--",
            "주거총점":46.5,
            "지역구공급총점":100.0,
            "역세권":50,
            "30분내 이동가능 거점":20,
            "1시간내 이동가능 거점":30,
            "교통총점":37.0,
            "백화점":100,
            "아울렛몰":0,
            "대형마트":0,
            "은행":0,
            "병원":60,
            "종합병원":100,
            "공원":100,
            "혐오시설":0,
            "인프라총점":59.0,
            "초등학군":88.54,
            "중학군":51.8,
            "학군총점":59.148,
            "인구수":35.27,
            "인구증감":12.19,
            "인구총점":28.346,
            "일자리":2.7,
            "소득수준":51.54,
            "일자리총점":17.352,
            "가치 총점":48.8222,
            "매매실거래년":20210715.0,
            "매매실거래가":20800.0,
            "전세실거래년":20210814.0,
            "전세실거래가":15000.0,
            "전세가율":81.08,
            "장기전세가율평균":71.04,
            "전세가율거품지수":-10.04,
            "검색코드":1510,
            "세대수":233.0,
            "준공년월":"1991-09-05",
            "준공년차":32.0,
            "가까운역이름":"일산",
            "가까운역거리":838.38,
            "역세권여부":"준역세권",
            "30분이내주요거점역":1,
            "1시간이내주요거점역":3,
            "3km이내백화점수":1,
            "5km이내아울렛몰수":0,
            "1km이내대형먀트수":0,
            "500m이내은행수":0,
            "500m이내병원수":18,
            "5km이내대형병원수":4,
            "500m이내공원수":2,
            "3km이내혐오시설수":0,
            "초등학교학업성취도":88.54,
            "중학교학업성취도":85.2,
            "용적률":124,
            "건폐율":0,
            "Y":37.689605,
            "X":126.770377,
            "rank":80.0,
            "area_info":"24평(81.07), 33평(110.16), 34평(112.44), 34평(113.38), 37평(124.56), 66평(220.32), 68평(226.76), 75평(249.12)",
            "last_sales":"2021-07-15,20800.0,34평(113.38)"
        },
        {
            "index":248,
            "아파트명":"일산쌍용",
            "투자타입":"일반",
            "전용면적(m2)":"66.27",
            "전용면적(평)":"20평",
            "법정동주소":"경기도 고양시 일산서구 일산동 576-4",
            "도로명주소":"경기도 고양시 일산서구 탄중로 447",
            "세대수":50,
            "입주년차":0,
            "용적률점수":"--",
            "건폐율점수":"--",
            "세대당주차수":0,
            "난방방식":30,
            "공급면적":"--",
            "전용률":"--",
            "욕실수":50,
            "현관타입":10,
            "주거총점":26.5,
            "지역구공급총점":100.0,
            "역세권":50,
            "30분내 이동가능 거점":20,
            "1시간내 이동가능 거점":30,
            "교통총점":37.0,
            "백화점":100,
            "아울렛몰":80,
            "대형마트":0,
            "은행":70,
            "병원":80,
            "종합병원":100,
            "공원":100,
            "혐오시설":0,
            "인프라총점":76.0,
            "초등학군":85.53,
            "중학군":42.64,
            "학군총점":51.218,
            "인구수":35.27,
            "인구증감":12.19,
            "인구총점":28.346,
            "일자리":2.7,
            "소득수준":51.54,
            "일자리총점":17.352,
            "가치 총점":48.7327,
            "매매실거래년":20211127.0,
            "매매실거래가":41000.0,
            "전세실거래년":20211115.0,
            "전세실거래가":15500.0,
            "전세가율":70.45,
            "장기전세가율평균":71.04,
            "전세가율거품지수":0.59,
            "검색코드":2951,
            "세대수":496.0,
            "준공년월":"1997-12-30",
            "준공년차":26.0,
            "가까운역이름":"일산",
            "가까운역거리":806.09,
            "역세권여부":"준역세권",
            "30분이내주요거점역":1,
            "1시간이내주요거점역":3,
            "3km이내백화점수":1,
            "5km이내아울렛몰수":1,
            "1km이내대형먀트수":0,
            "500m이내은행수":4,
            "500m이내병원수":33,
            "5km이내대형병원수":5,
            "500m이내공원수":3,
            "3km이내혐오시설수":0,
            "초등학교학업성취도":85.53,
            "중학교학업성취도":70.0,
            "용적률":294,
            "건폐율":21,
            "Y":37.686779,
            "X":126.776818,
            "rank":81.0,
            "area_info":"20평(66.27), 24평(81.49), 31평(104.61)",
            "last_sales":"2021-11-27,41000.0,31평(104.61)"
        },
        {
            "index":529,
            "아파트명":"탄현15단지효성",
            "투자타입":"일반",
            "전용면적(m2)":"126.56",
            "전용면적(평)":"38평",
            "법정동주소":"경기도 고양시 일산서구 탄현동 1583",
            "도로명주소":"경기도 고양시 일산서구 현중로 5",
            "세대수":0,
            "입주년차":20,
            "용적률점수":"--",
            "건폐율점수":"--",
            "세대당주차수":60,
            "난방방식":100,
            "공급면적":"--",
            "전용률":"--",
            "욕실수":100,
            "현관타입":100,
            "주거총점":43.0,
            "지역구공급총점":100.0,
            "역세권":50,
            "30분내 이동가능 거점":20,
            "1시간내 이동가능 거점":30,
            "교통총점":37.0,
            "백화점":100,
            "아울렛몰":0,
            "대형마트":0,
            "은행":0,
            "병원":80,
            "종합병원":100,
            "공원":100,
            "혐오시설":0,
            "인프라총점":61.0,
            "초등학군":88.54,
            "중학군":51.8,
            "학군총점":59.148,
            "인구수":35.27,
            "인구증감":12.19,
            "인구총점":28.346,
            "일자리":2.7,
            "소득수준":51.54,
            "일자리총점":17.352,
            "가치 총점":48.7222,
            "매매실거래년":20211202.0,
            "매매실거래가":61500.0,
            "전세실거래년":20211026.0,
            "전세실거래가":32000.0,
            "전세가율":70.02,
            "장기전세가율평균":71.04,
            "전세가율거품지수":1.02,
            "검색코드":8382,
            "세대수":241.0,
            "준공년월":"2000-09-22",
            "준공년차":23.0,
            "가까운역이름":"탄현",
            "가까운역거리":677.24,
            "역세권여부":"준역세권",
            "30분이내주요거점역":1,
            "1시간이내주요거점역":3,
            "3km이내백화점수":1,
            "5km이내아울렛몰수":0,
            "1km이내대형먀트수":0,
            "500m이내은행수":0,
            "500m이내병원수":31,
            "5km이내대형병원수":4,
            "500m이내공원수":5,
            "3km이내혐오시설수":0,
            "초등학교학업성취도":88.54,
            "중학교학업성취도":85.2,
            "용적률":236,
            "건폐율":18,
            "Y":37.690955,
            "X":126.767735,
            "rank":82.0,
            "area_info":"38평(126.56), 50평(166.09)",
            "last_sales":"2021-12-02,61500.0,50평(166.09)"
        },
        {
            "index":246,
            "아파트명":"일산신원2차",
            "투자타입":"일반",
            "전용면적(m2)":"116.06",
            "전용면적(평)":"35평",
            "법정동주소":"경기도 고양시 일산서구 일산동 2121",
            "도로명주소":"경기도 고양시 일산서구 원일로 3",
            "세대수":0,
            "입주년차":20,
            "용적률점수":"--",
            "건폐율점수":"--",
            "세대당주차수":60,
            "난방방식":100,
            "공급면적":"--",
            "전용률":"--",
            "욕실수":100,
            "현관타입":100,
            "주거총점":43.0,
            "지역구공급총점":100.0,
            "역세권":50,
            "30분내 이동가능 거점":20,
            "1시간내 이동가능 거점":40,
            "교통총점":39.0,
            "백화점":100,
            "아울렛몰":0,
            "대형마트":0,
            "은행":0,
            "병원":60,
            "종합병원":100,
            "공원":80,
            "혐오시설":0,
            "인프라총점":58.4,
            "초등학군":84.26,
            "중학군":51.8,
            "학군총점":58.292,
            "인구수":35.27,
            "인구증감":12.19,
            "인구총점":28.346,
            "일자리":2.7,
            "소득수준":51.54,
            "일자리총점":17.352,
            "가치 총점":48.5138,
            "매매실거래년":20210908.0,
            "매매실거래가":39000.0,
            "전세실거래년":20200821.0,
            "전세실거래가":15000.0,
            "전세가율":34.88,
            "장기전세가율평균":71.04,
            "전세가율거품지수":36.16,
            "검색코드":3560,
            "세대수":138.0,
            "준공년월":"2003-01-30",
            "준공년차":20.0,
            "가까운역이름":"탄현",
            "가까운역거리":685.3,
            "역세권여부":"준역세권",
            "30분이내주요거점역":1,
            "1시간이내주요거점역":4,
            "3km이내백화점수":1,
            "5km이내아울렛몰수":0,
            "1km이내대형먀트수":0,
            "500m이내은행수":0,
            "500m이내병원수":23,
            "5km이내대형병원수":4,
            "500m이내공원수":1,
            "3km이내혐오시설수":0,
            "초등학교학업성취도":84.26,
            "중학교학업성취도":85.2,
            "용적률":298,
            "건폐율":17,
            "Y":37.688031,
            "X":126.762908,
            "rank":83.0,
            "area_info":"35평(116.06), 46평(155.32)",
            "last_sales":"2021-09-08,39000.0,46평(155.32)"
        },
        {
            "index":326,
            "아파트명":"후곡1단지대우벽산",
            "투자타입":"일반",
            "전용면적(m2)":"79.79",
            "전용면적(평)":"24평",
            "법정동주소":"경기도 고양시 일산서구 일산동 1040",
            "도로명주소":"경기도 고양시 일산서구 킨텍스로 456",
            "세대수":50,
            "입주년차":0,
            "용적률점수":"--",
            "건폐율점수":"--",
            "세대당주차수":0,
            "난방방식":100,
            "공급면적":"--",
            "전용률":"--",
            "욕실수":50,
            "현관타입":100,
            "주거총점":42.5,
            "지역구공급총점":100.0,
            "역세권":50,
            "30분내 이동가능 거점":20,
            "1시간내 이동가능 거점":40,
            "교통총점":39.0,
            "백화점":100,
            "아울렛몰":0,
            "대형마트":0,
            "은행":0,
            "병원":10,
            "종합병원":100,
            "공원":100,
            "혐오시설":0,
            "인프라총점":54.0,
            "초등학군":99.01,
            "중학군":58.44,
            "학군총점":66.554,
            "인구수":35.27,
            "인구증감":12.19,
            "인구총점":28.346,
            "일자리":2.7,
            "소득수준":51.54,
            "일자리총점":17.352,
            "가치 총점":48.3331,
            "매매실거래년":20211126.0,
            "매매실거래가":49000.0,
            "전세실거래년":20211017.0,
            "전세실거래가":29000.0,
            "전세가율":78.38,
            "장기전세가율평균":71.04,
            "전세가율거품지수":-7.34,
            "검색코드":8576,
            "세대수":498.0,
            "준공년월":"1995-02-27",
            "준공년차":28.0,
            "가까운역이름":"일산",
            "가까운역거리":662.62,
            "역세권여부":"준역세권",
            "30분이내주요거점역":1,
            "1시간이내주요거점역":4,
            "3km이내백화점수":2,
            "5km이내아울렛몰수":0,
            "1km이내대형먀트수":0,
            "500m이내은행수":0,
            "500m이내병원수":2,
            "5km이내대형병원수":4,
            "500m이내공원수":2,
            "3km이내혐오시설수":0,
            "초등학교학업성취도":99.01,
            "중학교학업성취도":92.0,
            "용적률":163,
            "건폐율":16,
            "Y":37.683829,
            "X":126.762649,
            "rank":84.0,
            "area_info":"24평(79.79), 27평(89.37), 32평(107.26)",
            "last_sales":"2021-11-26,49000.0,27평(89.37)"
        },
        {
            "index":275,
            "아파트명":"일산현대홈타운3차",
            "투자타입":"일반",
            "전용면적(m2)":"77.28",
            "전용면적(평)":"23평",
            "법정동주소":"경기도 고양시 일산서구 일산동 600",
            "도로명주소":"경기도 고양시 일산서구 일청로 45",
            "세대수":50,
            "입주년차":20,
            "용적률점수":"--",
            "건폐율점수":"--",
            "세대당주차수":30,
            "난방방식":100,
            "공급면적":"--",
            "전용률":"--",
            "욕실수":50,
            "현관타입":100,
            "주거총점":51.0,
            "지역구공급총점":100.0,
            "역세권":50,
            "30분내 이동가능 거점":20,
            "1시간내 이동가능 거점":20,
            "교통총점":35.0,
            "백화점":100,
            "아울렛몰":0,
            "대형마트":0,
            "은행":0,
            "병원":60,
            "종합병원":100,
            "공원":0,
            "혐오시설":0,
            "인프라총점":56.0,
            "초등학군":84.26,
            "중학군":51.8,
            "학군총점":58.292,
            "인구수":35.27,
            "인구증감":12.19,
            "인구총점":28.346,
            "일자리":2.7,
            "소득수준":51.54,
            "일자리총점":17.352,
            "가치 총점":47.9938,
            "매매실거래년":20211215.0,
            "매매실거래가":45000.0,
            "전세실거래년":20210611.0,
            "전세실거래가":17850.0,
            "전세가율":47.6,
            "장기전세가율평균":71.04,
            "전세가율거품지수":23.44,
            "검색코드":9047,
            "세대수":496.0,
            "준공년월":"2002-08-30",
            "준공년차":21.0,
            "가까운역이름":"일산",
            "가까운역거리":701.82,
            "역세권여부":"준역세권",
            "30분이내주요거점역":1,
            "1시간이내주요거점역":2,
            "3km이내백화점수":1,
            "5km이내아울렛몰수":0,
            "1km이내대형먀트수":0,
            "500m이내은행수":1,
            "500m이내병원수":22,
            "5km이내대형병원수":4,
            "500m이내공원수":0,
            "3km이내혐오시설수":0,
            "초등학교학업성취도":84.26,
            "중학교학업성취도":85.2,
            "용적률":266,
            "건폐율":14,
            "Y":37.688238,
            "X":126.771578,
            "rank":85.0,
            "area_info":"23평(77.28), 31평(103.37), 44평(145.46)",
            "last_sales":"2021-12-15,45000.0,31평(103.37)"
        },
        {
            "index":66,
            "아파트명":"성저5단지건영",
            "투자타입":"일반",
            "전용면적(m2)":"72.59",
            "전용면적(평)":"21평",
            "법정동주소":"경기도 고양시 일산서구 대화동 2095",
            "도로명주소":"경기도 고양시 일산서구 성저로 9",
            "세대수":0,
            "입주년차":0,
            "용적률점수":"--",
            "건폐율점수":"--",
            "세대당주차수":30,
            "난방방식":100,
            "공급면적":"--",
            "전용률":"--",
            "욕실수":50,
            "현관타입":100,
            "주거총점":29.5,
            "지역구공급총점":100.0,
            "역세권":50,
            "30분내 이동가능 거점":20,
            "1시간내 이동가능 거점":40,
            "교통총점":39.0,
            "백화점":100,
            "아울렛몰":0,
            "대형마트":80,
            "은행":0,
            "병원":10,
            "종합병원":100,
            "공원":100,
            "혐오시설":0,
            "인프라총점":66.0,
            "초등학군":89.42,
            "중학군":49.6,
            "학군총점":57.564,
            "인구수":35.27,
            "인구증감":12.19,
            "인구총점":28.346,
            "일자리":2.7,
            "소득수준":51.54,
            "일자리총점":17.352,
            "가치 총점":47.9846,
            "매매실거래년":"18000101",
            "매매실거래가":null,
            "전세실거래년":null,
            "전세실거래가":null,
            "전세가율":null,
            "장기전세가율평균":71.04,
            "전세가율거품지수":null,
            "검색코드":102063,
            "세대수":184.0,
            "준공년월":"1996-05-08",
            "준공년차":27.0,
            "가까운역이름":"대화",
            "가까운역거리":647.82,
            "역세권여부":"준역세권",
            "30분이내주요거점역":1,
            "1시간이내주요거점역":4,
            "3km이내백화점수":1,
            "5km이내아울렛몰수":0,
            "1km이내대형먀트수":1,
            "500m이내은행수":0,
            "500m이내병원수":2,
            "5km이내대형병원수":3,
            "500m이내공원수":4,
            "3km이내혐오시설수":0,
            "초등학교학업성취도":89.42,
            "중학교학업성취도":80.8,
            "용적률":97,
            "건폐율":24,
            "Y":37.681657,
            "X":126.749727,
            "rank":86.0,
            "area_info":"21평(72.59), 21평(72.65), 30평(99.98), 30평(99.38), 30평(100.02)",
            "last_sales":"1800-01-01,nan,21평(72.59)"
        },
        {
            "index":71,
            "아파트명":"성저6단지건영",
            "투자타입":"일반",
            "전용면적(m2)":"72.18",
            "전용면적(평)":"21평",
            "법정동주소":"경기도 고양시 일산서구 대화동 2083",
            "도로명주소":"경기도 고양시 일산서구 성저로 25",
            "세대수":0,
            "입주년차":0,
            "용적률점수":"--",
            "건폐율점수":"--",
            "세대당주차수":30,
            "난방방식":100,
            "공급면적":"--",
            "전용률":"--",
            "욕실수":50,
            "현관타입":100,
            "주거총점":29.5,
            "지역구공급총점":100.0,
            "역세권":50,
            "30분내 이동가능 거점":20,
            "1시간내 이동가능 거점":40,
            "교통총점":39.0,
            "백화점":100,
            "아울렛몰":0,
            "대형마트":80,
            "은행":0,
            "병원":10,
            "종합병원":100,
            "공원":100,
            "혐오시설":0,
            "인프라총점":66.0,
            "초등학군":89.42,
            "중학군":49.6,
            "학군총점":57.564,
            "인구수":35.27,
            "인구증감":12.19,
            "인구총점":28.346,
            "일자리":2.7,
            "소득수준":51.54,
            "일자리총점":17.352,
            "가치 총점":47.9846,
            "매매실거래년":"18000101",
            "매매실거래가":null,
            "전세실거래년":null,
            "전세실거래가":null,
            "전세가율":null,
            "장기전세가율평균":71.04,
            "전세가율거품지수":null,
            "검색코드":102064,
            "세대수":168.0,
            "준공년월":"1996-04-12",
            "준공년차":27.0,
            "가까운역이름":"대화",
            "가까운역거리":802.26,
            "역세권여부":"준역세권",
            "30분이내주요거점역":1,
            "1시간이내주요거점역":4,
            "3km이내백화점수":1,
            "5km이내아울렛몰수":0,
            "1km이내대형먀트수":1,
            "500m이내은행수":0,
            "500m이내병원수":3,
            "5km이내대형병원수":4,
            "500m이내공원수":4,
            "3km이내혐오시설수":0,
            "초등학교학업성취도":89.42,
            "중학교학업성취도":80.8,
            "용적률":97,
            "건폐율":33,
            "Y":37.682865,
            "X":126.750693,
            "rank":86.0,
            "area_info":"21평(72.18), 22평(73.2), 22평(73.14), 22평(73.27), 30평(100.72), 30평(100.77), 30평(100.32), 30평(100.12)",
            "last_sales":"1800-01-01,nan,21평(72.18)"
        },
        {
            "index":391,
            "아파트명":"강선4단지동신",
            "투자타입":"일반",
            "전용면적(m2)":"78.44",
            "전용면적(평)":"23평",
            "법정동주소":"경기도 고양시 일산서구 주엽동 46",
            "도로명주소":"경기도 고양시 일산서구 대산로 53",
            "세대수":50,
            "입주년차":0,
            "용적률점수":"--",
            "건폐율점수":"--",
            "세대당주차수":0,
            "난방방식":100,
            "공급면적":"--",
            "전용률":"--",
            "욕실수":50,
            "현관타입":100,
            "주거총점":42.5,
            "지역구공급총점":100.0,
            "역세권":50,
            "30분내 이동가능 거점":20,
            "1시간내 이동가능 거점":10,
            "교통총점":33.0,
            "백화점":100,
            "아울렛몰":80,
            "대형마트":0,
            "은행":0,
            "병원":10,
            "종합병원":100,
            "공원":100,
            "혐오시설":0,
            "인프라총점":62.0,
            "초등학군":87.1,
            "중학군":55.24,
            "학군총점":61.612,
            "인구수":35.27,
            "인구증감":12.19,
            "인구총점":28.346,
            "일자리":2.7,
            "소득수준":51.54,
            "일자리총점":17.352,
            "가치 총점":47.8918,
            "매매실거래년":20211112.0,
            "매매실거래가":59000.0,
            "전세실거래년":20220112.0,
            "전세실거래가":25000.0,
            "전세가율":59.52,
            "장기전세가율평균":71.04,
            "전세가율거품지수":11.52,
            "검색코드":1364,
            "세대수":624.0,
            "준공년월":"1993-08-30",
            "준공년차":30.0,
            "가까운역이름":"주엽",
            "가까운역거리":780.41,
            "역세권여부":"준역세권",
            "30분이내주요거점역":1,
            "1시간이내주요거점역":1,
            "3km이내백화점수":2,
            "5km이내아울렛몰수":1,
            "1km이내대형먀트수":0,
            "500m이내은행수":0,
            "500m이내병원수":4,
            "5km이내대형병원수":5,
            "500m이내공원수":3,
            "3km이내혐오시설수":0,
            "초등학교학업성취도":87.1,
            "중학교학업성취도":89.0,
            "용적률":162,
            "건폐율":17,
            "Y":37.670879,
            "X":126.770142,
            "rank":87.0,
            "area_info":"23평(78.44), 28평(93.34), 31평(103.69)",
            "last_sales":"2021-11-12,59000.0,31평(103.69)"
        },
        {
            "index":388,
            "아파트명":"강선3단지한신",
            "투자타입":"일반",
            "전용면적(m2)":"71.4",
            "전용면적(평)":"21평",
            "법정동주소":"경기도 고양시 일산서구 주엽동 43",
            "도로명주소":"경기도 고양시 일산서구 대산로 56",
            "세대수":50,
            "입주년차":0,
            "용적률점수":"--",
            "건폐율점수":"--",
            "세대당주차수":0,
            "난방방식":100,
            "공급면적":"--",
            "전용률":"--",
            "욕실수":50,
            "현관타입":10,
            "주거총점":33.5,
            "지역구공급총점":100.0,
            "역세권":50,
            "30분내 이동가능 거점":20,
            "1시간내 이동가능 거점":20,
            "교통총점":35.0,
            "백화점":100,
            "아울렛몰":80,
            "대형마트":0,
            "은행":0,
            "병원":30,
            "종합병원":100,
            "공원":100,
            "혐오시설":0,
            "인프라총점":64.0,
            "초등학군":100.0,
            "중학군":55.24,
            "학군총점":64.192,
            "인구수":35.27,
            "인구증감":12.19,
            "인구총점":28.346,
            "일자리":2.7,
            "소득수준":51.54,
            "일자리총점":17.352,
            "가치 총점":47.7788,
            "매매실거래년":20211015.0,
            "매매실거래가":61500.0,
            "전세실거래년":20220104.0,
            "전세실거래가":14000.0,
            "전세가율":40.58,
            "장기전세가율평균":71.04,
            "전세가율거품지수":30.46,
            "검색코드":1371,
            "세대수":538.0,
            "준공년월":"1994-05-06",
            "준공년차":29.0,
            "가까운역이름":"주엽",
            "가까운역거리":875.22,
            "역세권여부":"준역세권",
            "30분이내주요거점역":1,
            "1시간이내주요거점역":2,
            "3km이내백화점수":2,
            "5km이내아울렛몰수":1,
            "1km이내대형먀트수":0,
            "500m이내은행수":0,
            "500m이내병원수":7,
            "5km이내대형병원수":5,
            "500m이내공원수":3,
            "3km이내혐오시설수":0,
            "초등학교학업성취도":100.0,
            "중학교학업성취도":89.0,
            "용적률":162,
            "건폐율":16,
            "Y":37.672346,
            "X":126.770854,
            "rank":88.0,
            "area_info":"21평(71.4), 26평(86.29), 31평(104.09)",
            "last_sales":"2021-10-15,61500.0,31평(104.09)"
        },
        {
            "index":283,
            "아파트명":"일신건영휴먼빌2차",
            "투자타입":"일반",
            "전용면적(m2)":"105.8",
            "전용면적(평)":"32평",
            "법정동주소":"경기도 고양시 일산서구 일산동 1687",
            "도로명주소":"경기도 고양시 일산서구 원일로21번길 21",
            "세대수":0,
            "입주년차":40,
            "용적률점수":"--",
            "건폐율점수":"--",
            "세대당주차수":30,
            "난방방식":100,
            "공급면적":"--",
            "전용률":"--",
            "욕실수":100,
            "현관타입":100,
            "주거총점":42.5,
            "지역구공급총점":100.0,
            "역세권":50,
            "30분내 이동가능 거점":20,
            "1시간내 이동가능 거점":30,
            "교통총점":37.0,
            "백화점":100,
            "아울렛몰":0,
            "대형마트":0,
            "은행":0,
            "병원":60,
            "종합병원":100,
            "공원":80,
            "혐오시설":0,
            "인프라총점":58.4,
            "초등학군":84.26,
            "중학군":51.8,
            "학군총점":58.292,
            "인구수":35.27,
            "인구증감":12.19,
            "인구총점":28.346,
            "일자리":2.7,
            "소득수준":51.54,
            "일자리총점":17.352,
            "가치 총점":47.7138,
            "매매실거래년":20211211.0,
            "매매실거래가":50000.0,
            "전세실거래년":20211223.0,
            "전세실거래가":40000.0,
            "전세가율":80.0,
            "장기전세가율평균":71.04,
            "전세가율거품지수":-8.96,
            "검색코드":10524,
            "세대수":270.0,
            "준공년월":"2007-04-27",
            "준공년차":16.0,
            "가까운역이름":"탄현",
            "가까운역거리":742.09,
            "역세권여부":"준역세권",
            "30분이내주요거점역":1,
            "1시간이내주요거점역":3,
            "3km이내백화점수":1,
            "5km이내아울렛몰수":0,
            "1km이내대형먀트수":0,
            "500m이내은행수":0,
            "500m이내병원수":20,
            "5km이내대형병원수":4,
            "500m이내공원수":1,
            "3km이내혐오시설수":0,
            "초등학교학업성취도":84.26,
            "중학교학업성취도":85.2,
            "용적률":249,
            "건폐율":19,
            "Y":37.687866,
            "X":126.76434,
            "rank":89.0,
            "area_info":"32평(105.8)",
            "last_sales":"2021-12-11,50000.0,32평(105.8)"
        },
        {
            "index":244,
            "아파트명":"일산신원1차",
            "투자타입":"일반",
            "전용면적(m2)":"115.78",
            "전용면적(평)":"35평",
            "법정동주소":"경기도 고양시 일산서구 일산동 2125",
            "도로명주소":"경기도 고양시 일산서구 일현로 8",
            "세대수":0,
            "입주년차":20,
            "용적률점수":"--",
            "건폐율점수":"--",
            "세대당주차수":30,
            "난방방식":100,
            "공급면적":"--",
            "전용률":"--",
            "욕실수":100,
            "현관타입":100,
            "주거총점":38.5,
            "지역구공급총점":100.0,
            "역세권":50,
            "30분내 이동가능 거점":20,
            "1시간내 이동가능 거점":40,
            "교통총점":39.0,
            "백화점":100,
            "아울렛몰":0,
            "대형마트":0,
            "은행":0,
            "병원":60,
            "종합병원":100,
            "공원":80,
            "혐오시설":0,
            "인프라총점":58.4,
            "초등학군":84.26,
            "중학군":51.8,
            "학군총점":58.292,
            "인구수":35.27,
            "인구증감":12.19,
            "인구총점":28.346,
            "일자리":2.7,
            "소득수준":51.54,
            "일자리총점":17.352,
            "가치 총점":47.6138,
            "매매실거래년":20211025.0,
            "매매실거래가":37200.0,
            "전세실거래년":20210819.0,
            "전세실거래가":21000.0,
            "전세가율":56.45,
            "장기전세가율평균":71.04,
            "전세가율거품지수":14.59,
            "검색코드":3559,
            "세대수":166.0,
            "준공년월":"2002-12-31",
            "준공년차":21.0,
            "가까운역이름":"탄현",
            "가까운역거리":576.74,
            "역세권여부":"준역세권",
            "30분이내주요거점역":1,
            "1시간이내주요거점역":4,
            "3km이내백화점수":1,
            "5km이내아울렛몰수":0,
            "1km이내대형먀트수":0,
            "500m이내은행수":0,
            "500m이내병원수":24,
            "5km이내대형병원수":4,
            "500m이내공원수":1,
            "3km이내혐오시설수":0,
            "초등학교학업성취도":84.26,
            "중학교학업성취도":85.2,
            "용적률":296,
            "건폐율":18,
            "Y":37.688925,
            "X":126.762293,
            "rank":90.0,
            "area_info":"35평(115.78), 46평(154.87)",
            "last_sales":"2021-10-25,37200.0,35평(115.78)"
        },
        {
            "index":225,
            "아파트명":"일산동문1차",
            "투자타입":"일반",
            "전용면적(m2)":"79.85",
            "전용면적(평)":"24평",
            "법정동주소":"경기도 고양시 일산서구 일산동 1694",
            "도로명주소":"경기도 고양시 일산서구 산현로 34",
            "세대수":50,
            "입주년차":0,
            "용적률점수":"--",
            "건폐율점수":"--",
            "세대당주차수":30,
            "난방방식":100,
            "공급면적":"--",
            "전용률":"--",
            "욕실수":50,
            "현관타입":10,
            "주거총점":38.0,
            "지역구공급총점":100.0,
            "역세권":50,
            "30분내 이동가능 거점":20,
            "1시간내 이동가능 거점":30,
            "교통총점":37.0,
            "백화점":100,
            "아울렛몰":0,
            "대형마트":0,
            "은행":0,
            "병원":80,
            "종합병원":100,
            "공원":100,
            "혐오시설":0,
            "인프라총점":61.0,
            "초등학군":84.26,
            "중학군":51.8,
            "학군총점":58.292,
            "인구수":35.27,
            "인구증감":12.19,
            "인구총점":28.346,
            "일자리":2.7,
            "소득수준":51.54,
            "일자리총점":17.352,
            "가치 총점":47.5938,
            "매매실거래년":20211222.0,
            "매매실거래가":30000.0,
            "전세실거래년":20211130.0,
            "전세실거래가":25000.0,
            "전세가율":83.33,
            "장기전세가율평균":71.04,
            "전세가율거품지수":-12.29,
            "검색코드":1508,
            "세대수":586.0,
            "준공년월":"1996-08-09",
            "준공년차":27.0,
            "가까운역이름":"탄현",
            "가까운역거리":678.73,
            "역세권여부":"준역세권",
            "30분이내주요거점역":1,
            "1시간이내주요거점역":3,
            "3km이내백화점수":1,
            "5km이내아울렛몰수":0,
            "1km이내대형먀트수":0,
            "500m이내은행수":0,
            "500m이내병원수":31,
            "5km이내대형병원수":4,
            "500m이내공원수":3,
            "3km이내혐오시설수":0,
            "초등학교학업성취도":84.26,
            "중학교학업성취도":85.2,
            "용적률":307,
            "건폐율":23,
            "Y":37.689498,
            "X":126.766263,
            "rank":91.0,
            "area_info":"24평(79.85), 31평(105.2)",
            "last_sales":"2021-12-22,30000.0,24평(79.85)"
        },
        {
            "index":527,
            "아파트명":"탄현14단지주은",
            "투자타입":"일반",
            "전용면적(m2)":"87.19",
            "전용면적(평)":"26평",
            "법정동주소":"경기도 고양시 일산서구 탄현동 1582",
            "도로명주소":"경기도 고양시 일산서구 산현로 45",
            "세대수":0,
            "입주년차":20,
            "용적률점수":"--",
            "건폐율점수":"--",
            "세대당주차수":30,
            "난방방식":100,
            "공급면적":"--",
            "전용률":"--",
            "욕실수":50,
            "현관타입":100,
            "주거총점":33.5,
            "지역구공급총점":100.0,
            "역세권":50,
            "30분내 이동가능 거점":20,
            "1시간내 이동가능 거점":40,
            "교통총점":39.0,
            "백화점":100,
            "아울렛몰":0,
            "대형마트":0,
            "은행":0,
            "병원":60,
            "종합병원":100,
            "공원":100,
            "혐오시설":0,
            "인프라총점":59.0,
            "초등학군":88.54,
            "중학군":51.8,
            "학군총점":59.148,
            "인구수":35.27,
            "인구증감":12.19,
            "인구총점":28.346,
            "일자리":2.7,
            "소득수준":51.54,
            "일자리총점":17.352,
            "가치 총점":46.9222,
            "매매실거래년":20211202.0,
            "매매실거래가":41900.0,
            "전세실거래년":20211016.0,
            "전세실거래가":28000.0,
            "전세가율":96.55,
            "장기전세가율평균":71.04,
            "전세가율거품지수":-25.51,
            "검색코드":8745,
            "세대수":232.0,
            "준공년월":"2000-09-27",
            "준공년차":23.0,
            "가까운역이름":"탄현",
            "가까운역거리":619.89,
            "역세권여부":"준역세권",
            "30분이내주요거점역":1,
            "1시간이내주요거점역":4,
            "3km이내백화점수":1,
            "5km이내아울렛몰수":0,
            "1km이내대형먀트수":0,
            "500m이내은행수":0,
            "500m이내병원수":28,
            "5km이내대형병원수":4,
            "500m이내공원수":4,
            "3km이내혐오시설수":0,
            "초등학교학업성취도":88.54,
            "중학교학업성취도":85.2,
            "용적률":229,
            "건폐율":20,
            "Y":37.690711,
            "X":126.766753,
            "rank":92.0,
            "area_info":"26평(87.19), 32평(108.48)",
            "last_sales":"2021-12-02,41900.0,32평(108.48)"
        },
        {
            "index":241,
            "아파트명":"일산메가시티",
            "투자타입":"일반",
            "전용면적(m2)":"35.94",
            "전용면적(평)":"10평",
            "법정동주소":"경기도 고양시 일산서구 일산동 576-20",
            "도로명주소":"경기도 고양시 일산서구 원일로 117",
            "세대수":0,
            "입주년차":20,
            "용적률점수":"--",
            "건폐율점수":"--",
            "세대당주차수":0,
            "난방방식":30,
            "공급면적":"--",
            "전용률":"--",
            "욕실수":50,
            "현관타입":10,
            "주거총점":13.0,
            "지역구공급총점":100.0,
            "역세권":50,
            "30분내 이동가능 거점":20,
            "1시간내 이동가능 거점":40,
            "교통총점":39.0,
            "백화점":100,
            "아울렛몰":80,
            "대형마트":0,
            "은행":70,
            "병원":80,
            "종합병원":100,
            "공원":100,
            "혐오시설":0,
            "인프라총점":76.0,
            "초등학군":87.05,
            "중학군":42.64,
            "학군총점":51.522,
            "인구수":35.27,
            "인구증감":12.19,
            "인구총점":28.346,
            "일자리":2.7,
            "소득수준":51.54,
            "일자리총점":17.352,
            "가치 총점":46.7783,
            "매매실거래년":20211218.0,
            "매매실거래가":9450.0,
            "전세실거래년":20210201.0,
            "전세실거래가":6800.0,
            "전세가율":91.89,
            "장기전세가율평균":71.04,
            "전세가율거품지수":-20.85,
            "검색코드":12987,
            "세대수":178.0,
            "준공년월":"2003-05-26",
            "준공년차":20.0,
            "가까운역이름":"일산",
            "가까운역거리":604.48,
            "역세권여부":"준역세권",
            "30분이내주요거점역":1,
            "1시간이내주요거점역":4,
            "3km이내백화점수":2,
            "5km이내아울렛몰수":1,
            "1km이내대형먀트수":0,
            "500m이내은행수":4,
            "500m이내병원수":42,
            "5km이내대형병원수":5,
            "500m이내공원수":2,
            "3km이내혐오시설수":0,
            "초등학교학업성취도":87.05,
            "중학교학업성취도":70.0,
            "용적률":612,
            "건폐율":74,
            "Y":37.685465,
            "X":126.775218,
            "rank":93.0,
            "area_info":"10평(35.94), 13평(45.38), 20평(66.87)",
            "last_sales":"2021-12-18,9450.0,13평(45.38)"
        },
        {
            "index":79,
            "아파트명":"성저7단지건영",
            "투자타입":"일반",
            "전용면적(m2)":"72.16",
            "전용면적(평)":"21평",
            "법정동주소":"경기도 고양시 일산서구 대화동 2081",
            "도로명주소":"경기도 고양시 일산서구 성저로 47",
            "세대수":0,
            "입주년차":0,
            "용적률점수":"--",
            "건폐율점수":"--",
            "세대당주차수":30,
            "난방방식":100,
            "공급면적":"--",
            "전용률":"--",
            "욕실수":50,
            "현관타입":100,
            "주거총점":29.5,
            "지역구공급총점":100.0,
            "역세권":50,
            "30분내 이동가능 거점":20,
            "1시간내 이동가능 거점":20,
            "교통총점":35.0,
            "백화점":100,
            "아울렛몰":0,
            "대형마트":80,
            "은행":0,
            "병원":10,
            "종합병원":100,
            "공원":100,
            "혐오시설":0,
            "인프라총점":66.0,
            "초등학군":88.09,
            "중학군":49.6,
            "학군총점":57.298,
            "인구수":35.27,
            "인구증감":12.19,
            "인구총점":28.346,
            "일자리":2.7,
            "소득수준":51.54,
            "일자리총점":17.352,
            "가치 총점":46.5447,
            "매매실거래년":"18000101",
            "매매실거래가":null,
            "전세실거래년":null,
            "전세실거래가":null,
            "전세가율":null,
            "장기전세가율평균":71.04,
            "전세가율거품지수":null,
            "검색코드":102065,
            "세대수":248.0,
            "준공년월":"1996-04-17",
            "준공년차":27.0,
            "가까운역이름":"대화",
            "가까운역거리":982.57,
            "역세권여부":"준역세권",
            "30분이내주요거점역":1,
            "1시간이내주요거점역":2,
            "3km이내백화점수":1,
            "5km이내아울렛몰수":0,
            "1km이내대형먀트수":1,
            "500m이내은행수":0,
            "500m이내병원수":2,
            "5km이내대형병원수":4,
            "500m이내공원수":4,
            "3km이내혐오시설수":0,
            "초등학교학업성취도":88.09,
            "중학교학업성취도":80.8,
            "용적률":94,
            "건폐율":31,
            "Y":37.684352,
            "X":126.751519,
            "rank":94.0,
            "area_info":"21평(72.16), 22평(73.11), 22평(73.17), 22평(73.24), 30평(99.96), 30평(100.61), 30평(100.56), 30평(100.16)",
            "last_sales":"1800-01-01,nan,21평(72.16)"
        },
        {
            "index":227,
            "아파트명":"일산동문2차",
            "투자타입":"일반",
            "전용면적(m2)":"73.99",
            "전용면적(평)":"22평",
            "법정동주소":"경기도 고양시 일산서구 일산동 960-6",
            "도로명주소":"경기도 고양시 일산서구 고양대로 620",
            "세대수":50,
            "입주년차":0,
            "용적률점수":"--",
            "건폐율점수":"--",
            "세대당주차수":0,
            "난방방식":100,
            "공급면적":"--",
            "전용률":"--",
            "욕실수":50,
            "현관타입":50,
            "주거총점":37.5,
            "지역구공급총점":100.0,
            "역세권":50,
            "30분내 이동가능 거점":20,
            "1시간내 이동가능 거점":40,
            "교통총점":39.0,
            "백화점":100,
            "아울렛몰":0,
            "대형마트":0,
            "은행":0,
            "병원":30,
            "종합병원":100,
            "공원":80,
            "혐오시설":0,
            "인프라총점":55.4,
            "초등학군":84.26,
            "중학군":51.8,
            "학군총점":58.292,
            "인구수":35.27,
            "인구증감":12.19,
            "인구총점":28.346,
            "일자리":2.7,
            "소득수준":51.54,
            "일자리총점":17.352,
            "가치 총점":46.5138,
            "매매실거래년":20210827.0,
            "매매실거래가":56000.0,
            "전세실거래년":null,
            "전세실거래가":null,
            "전세가율":null,
            "장기전세가율평균":71.04,
            "전세가율거품지수":null,
            "검색코드":2961,
            "세대수":667.0,
            "준공년월":"1997-10-20",
            "준공년차":26.0,
            "가까운역이름":"일산",
            "가까운역거리":649.15,
            "역세권여부":"준역세권",
            "30분이내주요거점역":1,
            "1시간이내주요거점역":4,
            "3km이내백화점수":2,
            "5km이내아울렛몰수":0,
            "1km이내대형먀트수":0,
            "500m이내은행수":1,
            "500m이내병원수":7,
            "5km이내대형병원수":4,
            "500m이내공원수":1,
            "3km이내혐오시설수":0,
            "초등학교학업성취도":84.26,
            "중학교학업성취도":85.2,
            "용적률":342,
            "건폐율":19,
            "Y":37.68589,
            "X":126.76426,
            "rank":95.0,
            "area_info":"22평(73.99), 22평(74.51), 24평(80.28), 31평(103.58), 47평(157.27)",
            "last_sales":"2021-08-27,56000.0,47평(157.27)"
        },
        {
            "index":537,
            "아파트명":"탄현3단지부영",
            "투자타입":"일반",
            "전용면적(m2)":"65.37",
            "전용면적(평)":"19평",
            "법정동주소":"경기도 고양시 일산서구 탄현동 1484",
            "도로명주소":"경기도 고양시 일산서구 홀트로 11",
            "세대수":50,
            "입주년차":0,
            "용적률점수":"--",
            "건폐율점수":"--",
            "세대당주차수":0,
            "난방방식":100,
            "공급면적":"--",
            "전용률":"--",
            "욕실수":50,
            "현관타입":10,
            "주거총점":33.5,
            "지역구공급총점":100.0,
            "역세권":80,
            "30분내 이동가능 거점":20,
            "1시간내 이동가능 거점":50,
            "교통총점":56.0,
            "백화점":0,
            "아울렛몰":0,
            "대형마트":0,
            "은행":70,
            "병원":80,
            "종합병원":100,
            "공원":100,
            "혐오시설":0,
            "인프라총점":38.0,
            "초등학군":86.36,
            "중학군":48.7,
            "학군총점":56.232,
            "인구수":35.27,
            "인구증감":12.19,
            "인구총점":28.346,
            "일자리":2.7,
            "소득수준":51.54,
            "일자리총점":17.352,
            "가치 총점":46.1348,
            "매매실거래년":20211211.0,
            "매매실거래가":26500.0,
            "전세실거래년":20220115.0,
            "전세실거래가":13650.0,
            "전세가율":51.51,
            "장기전세가율평균":71.04,
            "전세가율거품지수":19.53,
            "검색코드":3733,
            "세대수":475.0,
            "준공년월":"1995-05-03",
            "준공년차":28.0,
            "가까운역이름":"탄현",
            "가까운역거리":377.64,
            "역세권여부":"역세권",
            "30분이내주요거점역":1,
            "1시간이내주요거점역":5,
            "3km이내백화점수":0,
            "5km이내아울렛몰수":0,
            "1km이내대형먀트수":0,
            "500m이내은행수":4,
            "500m이내병원수":33,
            "5km이내대형병원수":4,
            "500m이내공원수":6,
            "3km이내혐오시설수":0,
            "초등학교학업성취도":86.36,
            "중학교학업성취도":79.9,
            "용적률":209,
            "건폐율":19,
            "Y":37.694651,
            "X":126.765304,
            "rank":96.0,
            "area_info":"19평(65.37)",
            "last_sales":"2021-12-11,26500.0,19평(65.37)"
        },
        {
            "index":174,
            "아파트명":"미주6차",
            "투자타입":"재건축",
            "전용면적(m2)":"69.7",
            "전용면적(평)":"21평",
            "법정동주소":"경기도 고양시 일산서구 일산동 587-7",
            "도로명주소":"경기도 고양시 일산서구 탄중로471번길 19",
            "세대수":0,
            "입주년차":"--",
            "용적률점수":60,
            "건폐율점수":40,
            "세대당주차수":"--",
            "난방방식":"--",
            "공급면적":50,
            "전용률":60,
            "욕실수":"--",
            "현관타입":"--",
            "주거총점":37.5,
            "지역구공급총점":100.0,
            "역세권":50,
            "30분내 이동가능 거점":0,
            "1시간내 이동가능 거점":20,
            "교통총점":29.0,
            "백화점":100,
            "아울렛몰":0,
            "대형마트":0,
            "은행":70,
            "병원":80,
            "종합병원":100,
            "공원":80,
            "혐오시설":0,
            "인프라총점":67.4,
            "초등학군":87.05,
            "중학군":42.64,
            "학군총점":51.522,
            "인구수":35.27,
            "인구증감":12.19,
            "인구총점":28.346,
            "일자리":2.7,
            "소득수준":51.54,
            "일자리총점":17.352,
            "가치 총점":45.5983,
            "매매실거래년":20210605.0,
            "매매실거래가":23000.0,
            "전세실거래년":null,
            "전세실거래가":null,
            "전세가율":null,
            "장기전세가율평균":71.04,
            "전세가율거품지수":null,
            "검색코드":10520,
            "세대수":120.0,
            "준공년월":"1989-12-23",
            "준공년차":34.0,
            "가까운역이름":"일산",
            "가까운역거리":696.26,
            "역세권여부":"준역세권",
            "30분이내주요거점역":0,
            "1시간이내주요거점역":2,
            "3km이내백화점수":1,
            "5km이내아울렛몰수":0,
            "1km이내대형먀트수":0,
            "500m이내은행수":4,
            "500m이내병원수":36,
            "5km이내대형병원수":5,
            "500m이내공원수":1,
            "3km이내혐오시설수":0,
            "초등학교학업성취도":87.05,
            "중학교학업성취도":70.0,
            "용적률":185,
            "건폐율":37,
            "Y":37.687346,
            "X":126.774121,
            "rank":97.0,
            "area_info":"21평(69.7), 22평(74.39), 23평(79.13), 27평(90.35), 28평(93.66), 29평(96.59), 31평(104.41), 33평(111.1)",
            "last_sales":"2021-06-05,23000.0,33평(111.1)"
        },
        {
            "index":209,
            "아파트명":"에이스10차",
            "투자타입":"일반",
            "전용면적(m2)":"84.46",
            "전용면적(평)":"25평",
            "법정동주소":"경기도 고양시 일산서구 일산동 2041",
            "도로명주소":"경기도 고양시 일산서구 탄중로 518",
            "세대수":50,
            "입주년차":0,
            "용적률점수":"--",
            "건폐율점수":"--",
            "세대당주차수":30,
            "난방방식":30,
            "공급면적":"--",
            "전용률":"--",
            "욕실수":50,
            "현관타입":10,
            "주거총점":31.0,
            "지역구공급총점":100.0,
            "역세권":50,
            "30분내 이동가능 거점":20,
            "1시간내 이동가능 거점":20,
            "교통총점":35.0,
            "백화점":100,
            "아울렛몰":0,
            "대형마트":0,
            "은행":0,
            "병원":60,
            "종합병원":100,
            "공원":100,
            "혐오시설":0,
            "인프라총점":59.0,
            "초등학군":88.54,
            "중학군":51.8,
            "학군총점":59.148,
            "인구수":35.27,
            "인구증감":12.19,
            "인구총점":28.346,
            "일자리":2.7,
            "소득수준":51.54,
            "일자리총점":17.352,
            "가치 총점":45.0222,
            "매매실거래년":20211221.0,
            "매매실거래가":39500.0,
            "전세실거래년":20211228.0,
            "전세실거래가":14700.0,
            "전세가율":53.07,
            "장기전세가율평균":71.04,
            "전세가율거품지수":17.97,
            "검색코드":1513,
            "세대수":658.0,
            "준공년월":"1996-10-30",
            "준공년차":27.0,
            "가까운역이름":"탄현",
            "가까운역거리":831.28,
            "역세권여부":"준역세권",
            "30분이내주요거점역":1,
            "1시간이내주요거점역":2,
            "3km이내백화점수":1,
            "5km이내아울렛몰수":0,
            "1km이내대형먀트수":0,
            "500m이내은행수":0,
            "500m이내병원수":15,
            "5km이내대형병원수":4,
            "500m이내공원수":4,
            "3km이내혐오시설수":0,
            "초등학교학업성취도":88.54,
            "중학교학업성취도":85.2,
            "용적률":339,
            "건폐율":25,
            "Y":37.690359,
            "X":126.769321,
            "rank":98.0,
            "area_info":"25평(84.46), 33평(109.82), 33평(109.83), 40평(132.32), 45평(149.83)",
            "last_sales":"2021-12-21,39500.0,33평(109.83)"
        },
        {
            "index":118,
            "아파트명":"동양라파크",
            "투자타입":"일반",
            "전용면적(m2)":"165.64",
            "전용면적(평)":"50평",
            "법정동주소":"경기도 고양시 일산서구 덕이동 382-13",
            "도로명주소":"경기도 고양시 일산서구 탄중로101번길 60",
            "세대수":0,
            "입주년차":20,
            "용적률점수":"--",
            "건폐율점수":"--",
            "세대당주차수":80,
            "난방방식":30,
            "공급면적":"--",
            "전용률":"--",
            "욕실수":100,
            "현관타입":100,
            "주거총점":39.0,
            "지역구공급총점":100.0,
            "역세권":80,
            "30분내 이동가능 거점":20,
            "1시간내 이동가능 거점":30,
            "교통총점":52.0,
            "백화점":0,
            "아울렛몰":0,
            "대형마트":0,
            "은행":70,
            "병원":30,
            "종합병원":100,
            "공원":100,
            "혐오시설":0,
            "인프라총점":33.0,
            "초등학군":90.32,
            "중학군":52.2,
            "학군총점":59.824,
            "인구수":35.27,
            "인구증감":12.19,
            "인구총점":28.346,
            "일자리":2.7,
            "소득수준":51.54,
            "일자리총점":17.352,
            "가치 총점":44.8736,
            "매매실거래년":20210910.0,
            "매매실거래가":52000.0,
            "전세실거래년":20210930.0,
            "전세실거래가":40000.0,
            "전세가율":76.92,
            "장기전세가율평균":71.04,
            "전세가율거품지수":-5.88,
            "검색코드":8970,
            "세대수":200.0,
            "준공년월":"2002-02-28",
            "준공년차":21.0,
            "가까운역이름":"탄현",
            "가까운역거리":422.18,
            "역세권여부":"역세권",
            "30분이내주요거점역":1,
            "1시간이내주요거점역":3,
            "3km이내백화점수":0,
            "5km이내아울렛몰수":0,
            "1km이내대형먀트수":0,
            "500m이내은행수":3,
            "500m이내병원수":7,
            "5km이내대형병원수":4,
            "500m이내공원수":2,
            "3km이내혐오시설수":0,
            "초등학교학업성취도":90.32,
            "중학교학업성취도":85.2,
            "용적률":109,
            "건폐율":10,
            "Y":37.695915,
            "X":126.756926,
            "rank":99.0,
            "area_info":"50평(165.64)",
            "last_sales":"2021-09-10,52000.0,50평(165.64)"
        },
        {
            "index":511,
            "아파트명":"큰마을대림,현대",
            "투자타입":"일반",
            "전용면적(m2)":"81.17",
            "전용면적(평)":"24평",
            "법정동주소":"경기도 고양시 일산서구 탄현동 121",
            "도로명주소":"경기도 고양시 일산서구 일현로 140",
            "세대수":100,
            "입주년차":20,
            "용적률점수":"--",
            "건폐율점수":"--",
            "세대당주차수":60,
            "난방방식":100,
            "공급면적":"--",
            "전용률":"--",
            "욕실수":50,
            "현관타입":100,
            "주거총점":73.0,
            "지역구공급총점":100.0,
            "역세권":50,
            "30분내 이동가능 거점":20,
            "1시간내 이동가능 거점":20,
            "교통총점":35.0,
            "백화점":0,
            "아울렛몰":0,
            "대형마트":0,
            "은행":0,
            "병원":60,
            "종합병원":100,
            "공원":100,
            "혐오시설":0,
            "인프라총점":29.0,
            "초등학군":88.18,
            "중학군":51.58,
            "학군총점":58.9,
            "인구수":35.27,
            "인구증감":12.19,
            "인구총점":28.346,
            "일자리":2.7,
            "소득수준":51.54,
            "일자리총점":17.352,
            "가치 총점":44.385,
            "매매실거래년":20220113.0,
            "매매실거래가":45800.0,
            "전세실거래년":20220115.0,
            "전세실거래가":27500.0,
            "전세가율":75.14,
            "장기전세가율평균":71.04,
            "전세가율거품지수":-4.1,
            "검색코드":1512,
            "세대수":2588.0,
            "준공년월":"2001-12-17",
            "준공년차":22.0,
            "가까운역이름":"탄현",
            "가까운역거리":817.67,
            "역세권여부":"준역세권",
            "30분이내주요거점역":1,
            "1시간이내주요거점역":2,
            "3km이내백화점수":0,
            "5km이내아울렛몰수":0,
            "1km이내대형먀트수":0,
            "500m이내은행수":0,
            "500m이내병원수":11,
            "5km이내대형병원수":3,
            "500m이내공원수":3,
            "3km이내혐오시설수":0,
            "초등학교학업성취도":88.18,
            "중학교학업성취도":84.3,
            "용적률":240,
            "건폐율":18,
            "Y":37.700973,
            "X":126.764122,
            "rank":100.0,
            "area_info":"24평(81.17), 25평(85.43), 30평(99.51), 33평(111.06), 42평(141.12), 43평(145.16), 50평(165.9), 59평(195.94)",
            "last_sales":"2022-01-13,45800.0,33평(111.06)"
        },
        {
            "index":214,
            "아파트명":"에이스11차",
            "투자타입":"일반",
            "전용면적(m2)":"81.1",
            "전용면적(평)":"24평",
            "법정동주소":"경기도 고양시 일산서구 일산동 2019",
            "도로명주소":"경기도 고양시 일산서구 탄중로 523",
            "세대수":0,
            "입주년차":0,
            "용적률점수":"--",
            "건폐율점수":"--",
            "세대당주차수":60,
            "난방방식":30,
            "공급면적":"--",
            "전용률":"--",
            "욕실수":50,
            "현관타입":100,
            "주거총점":27.0,
            "지역구공급총점":100.0,
            "역세권":50,
            "30분내 이동가능 거점":20,
            "1시간내 이동가능 거점":20,
            "교통총점":35.0,
            "백화점":100,
            "아울렛몰":0,
            "대형마트":0,
            "은행":0,
            "병원":60,
            "종합병원":100,
            "공원":100,
            "혐오시설":0,
            "인프라총점":59.0,
            "초등학군":88.54,
            "중학군":51.8,
            "학군총점":59.148,
            "인구수":35.27,
            "인구증감":12.19,
            "인구총점":28.346,
            "일자리":2.7,
            "소득수준":51.54,
            "일자리총점":17.352,
            "가치 총점":44.2222,
            "매매실거래년":20211221.0,
            "매매실거래가":36000.0,
            "전세실거래년":20220111.0,
            "전세실거래가":15220.0,
            "전세가율":50.73,
            "장기전세가율평균":71.04,
            "전세가율거품지수":20.31,
            "검색코드":1514,
            "세대수":272.0,
            "준공년월":"1996-11-29",
            "준공년차":27.0,
            "가까운역이름":"탄현",
            "가까운역거리":809.49,
            "역세권여부":"준역세권",
            "30분이내주요거점역":1,
            "1시간이내주요거점역":2,
            "3km이내백화점수":1,
            "5km이내아울렛몰수":0,
            "1km이내대형먀트수":0,
            "500m이내은행수":0,
            "500m이내병원수":23,
            "5km이내대형병원수":4,
            "500m이내공원수":3,
            "3km이내혐오시설수":0,
            "초등학교학업성취도":88.54,
            "중학교학업성취도":85.2,
            "용적률":274,
            "건폐율":24,
            "Y":37.689729,
            "X":126.768515,
            "rank":101.0,
            "area_info":"24평(81.1), 32평(107.8)",
            "last_sales":"2021-12-21,36000.0,32평(107.8)"
        },
        {
            "index":52,
            "아파트명":"성저13단지건영",
            "투자타입":"일반",
            "전용면적(m2)":"72.97",
            "전용면적(평)":"22평",
            "법정동주소":"경기도 고양시 일산서구 대화동 2026",
            "도로명주소":"경기도 고양시 일산서구 일산로636번길 24",
            "세대수":0,
            "입주년차":0,
            "용적률점수":"--",
            "건폐율점수":"--",
            "세대당주차수":30,
            "난방방식":100,
            "공급면적":"--",
            "전용률":"--",
            "욕실수":50,
            "현관타입":100,
            "주거총점":29.5,
            "지역구공급총점":100.0,
            "역세권":50,
            "30분내 이동가능 거점":20,
            "1시간내 이동가능 거점":20,
            "교통총점":35.0,
            "백화점":100,
            "아울렛몰":0,
            "대형마트":0,
            "은행":0,
            "병원":10,
            "종합병원":100,
            "공원":100,
            "혐오시설":0,
            "인프라총점":54.0,
            "초등학군":88.09,
            "중학군":58.44,
            "학군총점":64.37,
            "인구수":35.27,
            "인구증감":12.19,
            "인구총점":28.346,
            "일자리":2.7,
            "소득수준":51.54,
            "일자리총점":17.352,
            "가치 총점":44.0055,
            "매매실거래년":"18000101",
            "매매실거래가":null,
            "전세실거래년":null,
            "전세실거래가":null,
            "전세가율":null,
            "장기전세가율평균":71.04,
            "전세가율거품지수":null,
            "검색코드":102321,
            "세대수":144.0,
            "준공년월":"1996-03-26",
            "준공년차":27.0,
            "가까운역이름":"일산",
            "가까운역거리":871.54,
            "역세권여부":"준역세권",
            "30분이내주요거점역":1,
            "1시간이내주요거점역":2,
            "3km이내백화점수":2,
            "5km이내아울렛몰수":0,
            "1km이내대형먀트수":0,
            "500m이내은행수":0,
            "500m이내병원수":3,
            "5km이내대형병원수":4,
            "500m이내공원수":4,
            "3km이내혐오시설수":0,
            "초등학교학업성취도":88.09,
            "중학교학업성취도":92.0,
            "용적률":94,
            "건폐율":32,
            "Y":37.682846,
            "X":126.75999,
            "rank":102.0,
            "area_info":"22평(72.97), 21평(72.02), 30평(99.82), 30평(100.27), 30평(100.22)",
            "last_sales":"1800-01-01,nan,22평(72.97)"
        },
        {
            "index":134,
            "아파트명":"하이파크시티일산아이파크5단지",
            "투자타입":"일반",
            "전용면적(m2)":"111.81",
            "전용면적(평)":"33평",
            "법정동주소":"경기도 고양시 일산서구 덕이동 1540",
            "도로명주소":"경기도 고양시 일산서구 하이파크3로 62",
            "세대수":80,
            "입주년차":60,
            "용적률점수":"--",
            "건폐율점수":"--",
            "세대당주차수":60,
            "난방방식":100,
            "공급면적":"--",
            "전용률":"--",
            "욕실수":100,
            "현관타입":100,
            "주거총점":79.0,
            "지역구공급총점":100.0,
            "역세권":50,
            "30분내 이동가능 거점":0,
            "1시간내 이동가능 거점":20,
            "교통총점":29.0,
            "백화점":0,
            "아울렛몰":0,
            "대형마트":0,
            "은행":20,
            "병원":30,
            "종합병원":100,
            "공원":100,
            "혐오시설":0,
            "인프라총점":28.0,
            "초등학군":90.32,
            "중학군":52.2,
            "학군총점":59.824,
            "인구수":35.27,
            "인구증감":12.19,
            "인구총점":28.346,
            "일자리":2.7,
            "소득수준":51.54,
            "일자리총점":17.352,
            "가치 총점":43.3236,
            "매매실거래년":20211223.0,
            "매매실거래가":70000.0,
            "전세실거래년":20211016.0,
            "전세실거래가":32550.0,
            "전세가율":47.38,
            "장기전세가율평균":71.04,
            "전세가율거품지수":23.66,
            "검색코드":27517,
            "세대수":863.0,
            "준공년월":"2011-01-14",
            "준공년차":12.0,
            "가까운역이름":"탄현",
            "가까운역거리":662.09,
            "역세권여부":"준역세권",
            "30분이내주요거점역":0,
            "1시간이내주요거점역":2,
            "3km이내백화점수":0,
            "5km이내아울렛몰수":0,
            "1km이내대형먀트수":0,
            "500m이내은행수":2,
            "500m이내병원수":7,
            "5km이내대형병원수":2,
            "500m이내공원수":3,
            "3km이내혐오시설수":0,
            "초등학교학업성취도":90.32,
            "중학교학업성취도":85.2,
            "용적률":221,
            "건폐율":15,
            "Y":37.696989,
            "X":126.754561,
            "rank":103.0,
            "area_info":"33평(111.81), 34평(112.7), 45평(150.74), 45평(151.39), 46평(153.01), 47평(156.7), 53평(176.56), 63평(210.01)",
            "last_sales":"2021-12-23,70000.0,46평(153.01)"
        },
        {
            "index":505,
            "아파트명":"일산임광,진흥",
            "투자타입":"일반",
            "전용면적(m2)":"83.21",
            "전용면적(평)":"25평",
            "법정동주소":"경기도 고양시 일산서구 탄현동 1634",
            "도로명주소":"경기도 고양시 일산서구 탄현로 133",
            "세대수":90,
            "입주년차":60,
            "용적률점수":"--",
            "건폐율점수":"--",
            "세대당주차수":60,
            "난방방식":100,
            "공급면적":"--",
            "전용률":"--",
            "욕실수":100,
            "현관타입":100,
            "주거총점":82.5,
            "지역구공급총점":100.0,
            "역세권":50,
            "30분내 이동가능 거점":0,
            "1시간내 이동가능 거점":20,
            "교통총점":29.0,
            "백화점":0,
            "아울렛몰":0,
            "대형마트":0,
            "은행":0,
            "병원":30,
            "종합병원":100,
            "공원":100,
            "혐오시설":0,
            "인프라총점":26.0,
            "초등학군":88.18,
            "중학군":51.58,
            "학군총점":58.9,
            "인구수":35.27,
            "인구증감":12.19,
            "인구총점":28.346,
            "일자리":2.7,
            "소득수준":51.54,
            "일자리총점":17.352,
            "가치 총점":43.285,
            "매매실거래년":20211105.0,
            "매매실거래가":60000.0,
            "전세실거래년":20211117.0,
            "전세실거래가":23000.0,
            "전세가율":53.49,
            "장기전세가율평균":71.04,
            "전세가율거품지수":17.55,
            "검색코드":100353,
            "세대수":905.0,
            "준공년월":"2009-10-07",
            "준공년차":14.0,
            "가까운역이름":"탄현",
            "가까운역거리":945.72,
            "역세권여부":"준역세권",
            "30분이내주요거점역":0,
            "1시간이내주요거점역":2,
            "3km이내백화점수":0,
            "5km이내아울렛몰수":0,
            "1km이내대형먀트수":0,
            "500m이내은행수":0,
            "500m이내병원수":7,
            "5km이내대형병원수":3,
            "500m이내공원수":2,
            "3km이내혐오시설수":0,
            "초등학교학업성취도":88.18,
            "중학교학업성취도":84.3,
            "용적률":212,
            "건폐율":21,
            "Y":37.702292,
            "X":126.763601,
            "rank":104.0,
            "area_info":"25평(83.21), 32평(106.8), 32평(107.43), 33평(109.66), 46평(153.39), 46평(153.16)",
            "last_sales":"2021-11-05,60000.0,46평(153.39)"
        },
        {
            "index":155,
            "아파트명":"하이파크시티일산파밀리에3단지",
            "투자타입":"일반",
            "전용면적(m2)":"153.55",
            "전용면적(평)":"46평",
            "법정동주소":"경기도 고양시 일산서구 덕이동 1534",
            "도로명주소":"경기도 고양시 일산서구 하이파크2로59번길 7",
            "세대수":50,
            "입주년차":60,
            "용적률점수":"--",
            "건폐율점수":"--",
            "세대당주차수":80,
            "난방방식":100,
            "공급면적":"--",
            "전용률":"--",
            "욕실수":100,
            "현관타입":50,
            "주거총점":66.5,
            "지역구공급총점":100.0,
            "역세권":50,
            "30분내 이동가능 거점":20,
            "1시간내 이동가능 거점":20,
            "교통총점":35.0,
            "백화점":0,
            "아울렛몰":0,
            "대형마트":0,
            "은행":20,
            "병원":30,
            "종합병원":100,
            "공원":100,
            "혐오시설":0,
            "인프라총점":28.0,
            "초등학군":97.51,
            "중학군":52.2,
            "학군총점":61.262,
            "인구수":35.27,
            "인구증감":12.19,
            "인구총점":28.346,
            "일자리":2.7,
            "소득수준":51.54,
            "일자리총점":17.352,
            "가치 총점":43.1393,
            "매매실거래년":20211205.0,
            "매매실거래가":74500.0,
            "전세실거래년":20220104.0,
            "전세실거래가":55000.0,
            "전세가율":73.83,
            "장기전세가율평균":71.04,
            "전세가율거품지수":-2.79,
            "검색코드":27360,
            "세대수":432.0,
            "준공년월":"2011-03-31",
            "준공년차":12.0,
            "가까운역이름":"탄현",
            "가까운역거리":931.39,
            "역세권여부":"준역세권",
            "30분이내주요거점역":1,
            "1시간이내주요거점역":2,
            "3km이내백화점수":0,
            "5km이내아울렛몰수":0,
            "1km이내대형먀트수":0,
            "500m이내은행수":2,
            "500m이내병원수":7,
            "5km이내대형병원수":2,
            "500m이내공원수":4,
            "3km이내혐오시설수":0,
            "초등학교학업성취도":97.51,
            "중학교학업성취도":85.2,
            "용적률":219,
            "건폐율":16,
            "Y":37.70051,
            "X":126.754389,
            "rank":105.0,
            "area_info":"46평(153.55), 46평(154.87), 49평(165.19)",
            "last_sales":"2021-12-05,74500.0,46평(153.55)"
        },
        {
            "index":39,
            "아파트명":"성저10단지건영",
            "투자타입":"일반",
            "전용면적(m2)":"72.37",
            "전용면적(평)":"21평",
            "법정동주소":"경기도 고양시 일산서구 대화동 2000",
            "도로명주소":"경기도 고양시 일산서구 성저로 107",
            "세대수":0,
            "입주년차":0,
            "용적률점수":"--",
            "건폐율점수":"--",
            "세대당주차수":30,
            "난방방식":100,
            "공급면적":"--",
            "전용률":"--",
            "욕실수":50,
            "현관타입":100,
            "주거총점":29.5,
            "지역구공급총점":100.0,
            "역세권":50,
            "30분내 이동가능 거점":20,
            "1시간내 이동가능 거점":20,
            "교통총점":35.0,
            "백화점":100,
            "아울렛몰":0,
            "대형마트":0,
            "은행":0,
            "병원":10,
            "종합병원":100,
            "공원":100,
            "혐오시설":0,
            "인프라총점":54.0,
            "초등학군":88.09,
            "중학군":49.6,
            "학군총점":57.298,
            "인구수":35.27,
            "인구증감":12.19,
            "인구총점":28.346,
            "일자리":2.7,
            "소득수준":51.54,
            "일자리총점":17.352,
            "가치 총점":42.9447,
            "매매실거래년":"18000101",
            "매매실거래가":null,
            "전세실거래년":null,
            "전세실거래가":null,
            "전세가율":null,
            "장기전세가율평균":71.04,
            "전세가율거품지수":null,
            "검색코드":102319,
            "세대수":120.0,
            "준공년월":"1996-02-15",
            "준공년차":27.0,
            "가까운역이름":"탄현",
            "가까운역거리":960.93,
            "역세권여부":"준역세권",
            "30분이내주요거점역":1,
            "1시간이내주요거점역":2,
            "3km이내백화점수":1,
            "5km이내아울렛몰수":0,
            "1km이내대형먀트수":0,
            "500m이내은행수":0,
            "500m이내병원수":3,
            "5km이내대형병원수":4,
            "500m이내공원수":4,
            "3km이내혐오시설수":0,
            "초등학교학업성취도":88.09,
            "중학교학업성취도":80.8,
            "용적률":94,
            "건폐율":32,
            "Y":37.685531,
            "X":126.759061,
            "rank":106.0,
            "area_info":"21평(72.37), 22평(73.33), 30평(99.8), 30평(100.4), 30평(100.44), 30평(100.0)",
            "last_sales":"1800-01-01,nan,21평(72.37)"
        },
        {
            "index":45,
            "아파트명":"성저11단지건영",
            "투자타입":"일반",
            "전용면적(m2)":"72.22",
            "전용면적(평)":"21평",
            "법정동주소":"경기도 고양시 일산서구 대화동 2002",
            "도로명주소":"경기도 고양시 일산서구 성저로 121",
            "세대수":0,
            "입주년차":0,
            "용적률점수":"--",
            "건폐율점수":"--",
            "세대당주차수":30,
            "난방방식":100,
            "공급면적":"--",
            "전용률":"--",
            "욕실수":50,
            "현관타입":100,
            "주거총점":29.5,
            "지역구공급총점":100.0,
            "역세권":50,
            "30분내 이동가능 거점":20,
            "1시간내 이동가능 거점":20,
            "교통총점":35.0,
            "백화점":100,
            "아울렛몰":0,
            "대형마트":0,
            "은행":0,
            "병원":0,
            "종합병원":100,
            "공원":100,
            "혐오시설":0,
            "인프라총점":53.0,
            "초등학군":88.09,
            "중학군":51.8,
            "학군총점":59.058,
            "인구수":35.27,
            "인구증감":12.19,
            "인구총점":28.346,
            "일자리":2.7,
            "소득수준":51.54,
            "일자리총점":17.352,
            "가치 총점":42.9087,
            "매매실거래년":"18000101",
            "매매실거래가":null,
            "전세실거래년":null,
            "전세실거래가":null,
            "전세가율":null,
            "장기전세가율평균":71.04,
            "전세가율거품지수":null,
            "검색코드":8526,
            "세대수":152.0,
            "준공년월":"1996-02-02",
            "준공년차":27.0,
            "가까운역이름":"일산",
            "가까운역거리":869.17,
            "역세권여부":"준역세권",
            "30분이내주요거점역":1,
            "1시간이내주요거점역":2,
            "3km이내백화점수":2,
            "5km이내아울렛몰수":0,
            "1km이내대형먀트수":0,
            "500m이내은행수":0,
            "500m이내병원수":1,
            "5km이내대형병원수":4,
            "500m이내공원수":3,
            "3km이내혐오시설수":0,
            "초등학교학업성취도":88.09,
            "중학교학업성취도":85.2,
            "용적률":97,
            "건폐율":32,
            "Y":37.684989,
            "X":126.76068,
            "rank":107.0,
            "area_info":"21평(72.22), 22평(73.23), 22평(73.17), 22평(73.3), 30평(99.97), 30평(99.37), 30평(100.01)",
            "last_sales":"1800-01-01,nan,21평(72.22)"
        },
        {
            "index":35,
            "아파트명":"대화5,6단지일신건영",
            "투자타입":"일반",
            "전용면적(m2)":"105.76",
            "전용면적(평)":"31평",
            "법정동주소":"경기도 고양시 일산서구 대화동 2570",
            "도로명주소":"경기도 고양시 일산서구 대화1로 61",
            "세대수":90,
            "입주년차":20,
            "용적률점수":"--",
            "건폐율점수":"--",
            "세대당주차수":30,
            "난방방식":100,
            "공급면적":"--",
            "전용률":"--",
            "욕실수":100,
            "현관타입":100,
            "주거총점":70.0,
            "지역구공급총점":100.0,
            "역세권":0,
            "30분내 이동가능 거점":20,
            "1시간내 이동가능 거점":10,
            "교통총점":8.0,
            "백화점":100,
            "아울렛몰":0,
            "대형마트":0,
            "은행":0,
            "병원":30,
            "종합병원":100,
            "공원":100,
            "혐오시설":0,
            "인프라총점":56.0,
            "초등학군":90.76,
            "중학군":53.4,
            "학군총점":60.872,
            "인구수":35.27,
            "인구증감":12.19,
            "인구총점":28.346,
            "일자리":2.7,
            "소득수준":51.54,
            "일자리총점":17.352,
            "가치 총점":42.7308,
            "매매실거래년":20211127.0,
            "매매실거래가":60000.0,
            "전세실거래년":20211130.0,
            "전세실거래가":24150.0,
            "전세가율":40.25,
            "장기전세가율평균":71.04,
            "전세가율거품지수":30.79,
            "검색코드":8129,
            "세대수":1255.0,
            "준공년월":"2003-08-04",
            "준공년차":20.0,
            "가까운역이름":"대화",
            "가까운역거리":1148.91,
            "역세권여부":"비역세권",
            "30분이내주요거점역":1,
            "1시간이내주요거점역":1,
            "3km이내백화점수":1,
            "5km이내아울렛몰수":0,
            "1km이내대형먀트수":0,
            "500m이내은행수":0,
            "500m이내병원수":5,
            "5km이내대형병원수":4,
            "500m이내공원수":4,
            "3km이내혐오시설수":0,
            "초등학교학업성취도":90.76,
            "중학교학업성취도":85.6,
            "용적률":198,
            "건폐율":12,
            "Y":37.672682,
            "X":126.735244,
            "rank":108.0,
            "area_info":"31평(105.76), 32평(106.5)",
            "last_sales":"2021-11-27,60000.0,31평(105.76)"
        },
        {
            "index":110,
            "아파트명":"킨텍스아이파크",
            "투자타입":"일반",
            "전용면적(m2)":"111.2",
            "전용면적(평)":"33평",
            "법정동주소":"경기도 고양시 일산서구 대화동 2580",
            "도로명주소":"경기도 고양시 일산서구 고양대로255번길 46",
            "세대수":80,
            "입주년차":20,
            "용적률점수":"--",
            "건폐율점수":"--",
            "세대당주차수":30,
            "난방방식":100,
            "공급면적":"--",
            "전용률":"--",
            "욕실수":100,
            "현관타입":100,
            "주거총점":66.5,
            "지역구공급총점":100.0,
            "역세권":0,
            "30분내 이동가능 거점":20,
            "1시간내 이동가능 거점":20,
            "교통총점":10.0,
            "백화점":100,
            "아울렛몰":0,
            "대형마트":0,
            "은행":0,
            "병원":30,
            "종합병원":100,
            "공원":100,
            "혐오시설":0,
            "인프라총점":56.0,
            "초등학군":87.44,
            "중학군":53.4,
            "학군총점":60.208,
            "인구수":35.27,
            "인구증감":12.19,
            "인구총점":28.346,
            "일자리":2.7,
            "소득수준":51.54,
            "일자리총점":17.352,
            "가치 총점":42.6312,
            "매매실거래년":20211020.0,
            "매매실거래가":48000.0,
            "전세실거래년":20210908.0,
            "전세실거래가":27800.0,
            "전세가율":57.92,
            "장기전세가율평균":71.04,
            "전세가율거품지수":13.12,
            "검색코드":8132,
            "세대수":811.0,
            "준공년월":"2003-06-30",
            "준공년차":20.0,
            "가까운역이름":"대화",
            "가까운역거리":1433.41,
            "역세권여부":"비역세권",
            "30분이내주요거점역":1,
            "1시간이내주요거점역":2,
            "3km이내백화점수":1,
            "5km이내아울렛몰수":0,
            "1km이내대형먀트수":0,
            "500m이내은행수":0,
            "500m이내병원수":5,
            "5km이내대형병원수":4,
            "500m이내공원수":3,
            "3km이내혐오시설수":0,
            "초등학교학업성취도":87.44,
            "중학교학업성취도":85.6,
            "용적률":203,
            "건폐율":26,
            "Y":37.668751,
            "X":126.734177,
            "rank":109.0,
            "area_info":"33평(111.2), 44평(145.5)",
            "last_sales":"2021-10-20,48000.0,33평(111.2)"
        },
        {
            "index":87,
            "아파트명":"성저9단지건영",
            "투자타입":"일반",
            "전용면적(m2)":"72.12",
            "전용면적(평)":"21평",
            "법정동주소":"경기도 고양시 일산서구 대화동 1997",
            "도로명주소":"경기도 고양시 일산서구 성저로 91",
            "세대수":0,
            "입주년차":0,
            "용적률점수":"--",
            "건폐율점수":"--",
            "세대당주차수":0,
            "난방방식":100,
            "공급면적":"--",
            "전용률":"--",
            "욕실수":50,
            "현관타입":100,
            "주거총점":25.0,
            "지역구공급총점":100.0,
            "역세권":50,
            "30분내 이동가능 거점":20,
            "1시간내 이동가능 거점":20,
            "교통총점":35.0,
            "백화점":100,
            "아울렛몰":0,
            "대형마트":0,
            "은행":0,
            "병원":10,
            "종합병원":100,
            "공원":100,
            "혐오시설":0,
            "인프라총점":54.0,
            "초등학군":88.09,
            "중학군":49.6,
            "학군총점":57.298,
            "인구수":35.27,
            "인구증감":12.19,
            "인구총점":28.346,
            "일자리":2.7,
            "소득수준":51.54,
            "일자리총점":17.352,
            "가치 총점":42.0447,
            "매매실거래년":"18000101",
            "매매실거래가":null,
            "전세실거래년":null,
            "전세실거래가":null,
            "전세가율":null,
            "장기전세가율평균":71.04,
            "전세가율거품지수":null,
            "검색코드":102067,
            "세대수":248.0,
            "준공년월":"1996-02-29",
            "준공년차":27.0,
            "가까운역이름":"탄현",
            "가까운역거리":885.88,
            "역세권여부":"준역세권",
            "30분이내주요거점역":1,
            "1시간이내주요거점역":2,
            "3km이내백화점수":1,
            "5km이내아울렛몰수":0,
            "1km이내대형먀트수":0,
            "500m이내은행수":0,
            "500m이내병원수":4,
            "5km이내대형병원수":4,
            "500m이내공원수":3,
            "3km이내혐오시설수":0,
            "초등학교학업성취도":88.09,
            "중학교학업성취도":80.8,
            "용적률":95,
            "건폐율":32,
            "Y":37.686378,
            "X":126.758253,
            "rank":110.0,
            "area_info":"21평(72.12), 22평(73.07), 30평(100.83), 30평(100.43), 30평(100.88), 30평(100.23)",
            "last_sales":"1800-01-01,nan,21평(72.12)"
        },
        {
            "index":34,
            "아파트명":"대화3단지동문",
            "투자타입":"일반",
            "전용면적(m2)":"107.1",
            "전용면적(평)":"32평",
            "법정동주소":"경기도 고양시 일산서구 대화동 2573",
            "도로명주소":"경기도 고양시 일산서구 대화1로 51",
            "세대수":80,
            "입주년차":20,
            "용적률점수":"--",
            "건폐율점수":"--",
            "세대당주차수":30,
            "난방방식":100,
            "공급면적":"--",
            "전용률":"--",
            "욕실수":100,
            "현관타입":100,
            "주거총점":66.5,
            "지역구공급총점":100.0,
            "역세권":0,
            "30분내 이동가능 거점":20,
            "1시간내 이동가능 거점":10,
            "교통총점":8.0,
            "백화점":100,
            "아울렛몰":0,
            "대형마트":0,
            "은행":0,
            "병원":30,
            "종합병원":100,
            "공원":100,
            "혐오시설":0,
            "인프라총점":56.0,
            "초등학군":90.76,
            "중학군":53.4,
            "학군총점":60.872,
            "인구수":35.27,
            "인구증감":12.19,
            "인구총점":28.346,
            "일자리":2.7,
            "소득수준":51.54,
            "일자리총점":17.352,
            "가치 총점":42.0308,
            "매매실거래년":20211204.0,
            "매매실거래가":50200.0,
            "전세실거래년":20220116.0,
            "전세실거래가":21000.0,
            "전세가율":41.83,
            "장기전세가율평균":71.04,
            "전세가율거품지수":29.21,
            "검색코드":8131,
            "세대수":706.0,
            "준공년월":"2002-10-18",
            "준공년차":21.0,
            "가까운역이름":"대화",
            "가까운역거리":1420.32,
            "역세권여부":"비역세권",
            "30분이내주요거점역":1,
            "1시간이내주요거점역":1,
            "3km이내백화점수":1,
            "5km이내아울렛몰수":0,
            "1km이내대형먀트수":0,
            "500m이내은행수":0,
            "500m이내병원수":5,
            "5km이내대형병원수":4,
            "500m이내공원수":2,
            "3km이내혐오시설수":0,
            "초등학교학업성취도":90.76,
            "중학교학업성취도":85.6,
            "용적률":198,
            "건폐율":12,
            "Y":37.672719,
            "X":126.732002,
            "rank":111.0,
            "area_info":"32평(107.1)",
            "last_sales":"2021-12-04,50200.0,32평(107.1)"
        },
        {
            "index":232,
            "아파트명":"일산동문3차",
            "투자타입":"일반",
            "전용면적(m2)":"79.03",
            "전용면적(평)":"23평",
            "법정동주소":"경기도 고양시 일산서구 일산동 973-31",
            "도로명주소":"경기도 고양시 일산서구 고양대로 596",
            "세대수":0,
            "입주년차":0,
            "용적률점수":"--",
            "건폐율점수":"--",
            "세대당주차수":0,
            "난방방식":100,
            "공급면적":"--",
            "전용률":"--",
            "욕실수":50,
            "현관타입":10,
            "주거총점":16.0,
            "지역구공급총점":100.0,
            "역세권":50,
            "30분내 이동가능 거점":20,
            "1시간내 이동가능 거점":30,
            "교통총점":37.0,
            "백화점":100,
            "아울렛몰":0,
            "대형마트":0,
            "은행":0,
            "병원":30,
            "종합병원":100,
            "공원":100,
            "혐오시설":0,
            "인프라총점":56.0,
            "초등학군":84.26,
            "중학군":51.8,
            "학군총점":58.292,
            "인구수":35.27,
            "인구증감":12.19,
            "인구총점":28.346,
            "일자리":2.7,
            "소득수준":51.54,
            "일자리총점":17.352,
            "가치 총점":41.6938,
            "매매실거래년":20210911.0,
            "매매실거래가":31000.0,
            "전세실거래년":20210924.0,
            "전세실거래가":28000.0,
            "전세가율":90.32,
            "장기전세가율평균":71.04,
            "전세가율거품지수":-19.28,
            "검색코드":2958,
            "세대수":222.0,
            "준공년월":"1997-10-20",
            "준공년차":26.0,
            "가까운역이름":"일산",
            "가까운역거리":781.31,
            "역세권여부":"준역세권",
            "30분이내주요거점역":1,
            "1시간이내주요거점역":3,
            "3km이내백화점수":1,
            "5km이내아울렛몰수":0,
            "1km이내대형먀트수":0,
            "500m이내은행수":0,
            "500m이내병원수":7,
            "5km이내대형병원수":4,
            "500m이내공원수":2,
            "3km이내혐오시설수":0,
            "초등학교학업성취도":84.26,
            "중학교학업성취도":85.2,
            "용적률":287,
            "건폐율":22,
            "Y":37.686636,
            "X":126.76309,
            "rank":112.0,
            "area_info":"23평(79.03), 31평(105.49)",
            "last_sales":"2021-09-11,31000.0,23평(79.03)"
        },
        {
            "index":544,
            "아파트명":"탄현6단지현대,한신",
            "투자타입":"일반",
            "전용면적(m2)":"85.28",
            "전용면적(평)":"25평",
            "법정동주소":"경기도 고양시 일산서구 탄현동 1479",
            "도로명주소":"경기도 고양시 일산서구 현중로 64",
            "세대수":90,
            "입주년차":0,
            "용적률점수":"--",
            "건폐율점수":"--",
            "세대당주차수":0,
            "난방방식":100,
            "공급면적":"--",
            "전용률":"--",
            "욕실수":50,
            "현관타입":100,
            "주거총점":56.5,
            "지역구공급총점":100.0,
            "역세권":50,
            "30분내 이동가능 거점":20,
            "1시간내 이동가능 거점":30,
            "교통총점":37.0,
            "백화점":0,
            "아울렛몰":0,
            "대형마트":0,
            "은행":0,
            "병원":60,
            "종합병원":100,
            "공원":100,
            "혐오시설":0,
            "인프라총점":29.0,
            "초등학군":89.75,
            "중학군":48.7,
            "학군총점":56.91,
            "인구수":35.27,
            "인구증감":12.19,
            "인구총점":28.346,
            "일자리":2.7,
            "소득수준":51.54,
            "일자리총점":17.352,
            "가치 총점":41.4865,
            "매매실거래년":20211207.0,
            "매매실거래가":35000.0,
            "전세실거래년":20211218.0,
            "전세실거래가":22700.0,
            "전세가율":64.86,
            "장기전세가율평균":71.04,
            "전세가율거품지수":6.18,
            "검색코드":1522,
            "세대수":968.0,
            "준공년월":"1994-10-21",
            "준공년차":29.0,
            "가까운역이름":"탄현",
            "가까운역거리":769.36,
            "역세권여부":"준역세권",
            "30분이내주요거점역":1,
            "1시간이내주요거점역":3,
            "3km이내백화점수":0,
            "5km이내아울렛몰수":0,
            "1km이내대형먀트수":0,
            "500m이내은행수":1,
            "500m이내병원수":12,
            "5km이내대형병원수":4,
            "500m이내공원수":7,
            "3km이내혐오시설수":0,
            "초등학교학업성취도":89.75,
            "중학교학업성취도":79.9,
            "용적률":209,
            "건폐율":18,
            "Y":37.696871,
            "X":126.769055,
            "rank":113.0,
            "area_info":"25평(85.28), 25평(85.28), 31평(105.58), 31평(105.73)",
            "last_sales":"2021-12-07,35000.0,25평(85.28)"
        },
        {
            "index":31,
            "아파트명":"대화2단지한라",
            "투자타입":"일반",
            "전용면적(m2)":"117.48",
            "전용면적(평)":"35평",
            "법정동주소":"경기도 고양시 일산서구 대화동 1580",
            "도로명주소":"경기도 고양시 일산서구 대화2로 68",
            "세대수":50,
            "입주년차":20,
            "용적률점수":"--",
            "건폐율점수":"--",
            "세대당주차수":80,
            "난방방식":100,
            "공급면적":"--",
            "전용률":"--",
            "욕실수":100,
            "현관타입":100,
            "주거총점":63.5,
            "지역구공급총점":100.0,
            "역세권":0,
            "30분내 이동가능 거점":20,
            "1시간내 이동가능 거점":10,
            "교통총점":8.0,
            "백화점":100,
            "아울렛몰":0,
            "대형마트":0,
            "은행":0,
            "병원":30,
            "종합병원":100,
            "공원":100,
            "혐오시설":0,
            "인프라총점":56.0,
            "초등학군":90.76,
            "중학군":53.4,
            "학군총점":60.872,
            "인구수":35.27,
            "인구증감":12.19,
            "인구총점":28.346,
            "일자리":2.7,
            "소득수준":51.54,
            "일자리총점":17.352,
            "가치 총점":41.4308,
            "매매실거래년":20211202.0,
            "매매실거래가":70000.0,
            "전세실거래년":20211226.0,
            "전세실거래가":22000.0,
            "전세가율":44.9,
            "장기전세가율평균":71.04,
            "전세가율거품지수":26.14,
            "검색코드":3555,
            "세대수":460.0,
            "준공년월":"2002-09-06",
            "준공년차":21.0,
            "가까운역이름":"대화",
            "가까운역거리":1616.38,
            "역세권여부":"비역세권",
            "30분이내주요거점역":1,
            "1시간이내주요거점역":1,
            "3km이내백화점수":1,
            "5km이내아울렛몰수":0,
            "1km이내대형먀트수":0,
            "500m이내은행수":0,
            "500m이내병원수":5,
            "5km이내대형병원수":4,
            "500m이내공원수":2,
            "3km이내혐오시설수":0,
            "초등학교학업성취도":90.76,
            "중학교학업성취도":85.6,
            "용적률":199,
            "건폐율":12,
            "Y":37.671886,
            "X":126.729987,
            "rank":114.0,
            "area_info":"35평(117.48), 52평(172.31), 63평(208.48)",
            "last_sales":"2021-12-02,70000.0,63평(208.48)"
        },
        {
            "index":536,
            "아파트명":"탄현2단지삼익",
            "투자타입":"일반",
            "전용면적(m2)":"78.62",
            "전용면적(평)":"23평",
            "법정동주소":"경기도 고양시 일산서구 탄현동 1487",
            "도로명주소":"경기도 고양시 일산서구 현중로 33",
            "세대수":30,
            "입주년차":0,
            "용적률점수":"--",
            "건폐율점수":"--",
            "세대당주차수":0,
            "난방방식":100,
            "공급면적":"--",
            "전용률":"--",
            "욕실수":50,
            "현관타입":100,
            "주거총점":35.5,
            "지역구공급총점":100.0,
            "역세권":50,
            "30분내 이동가능 거점":20,
            "1시간내 이동가능 거점":50,
            "교통총점":41.0,
            "백화점":0,
            "아울렛몰":0,
            "대형마트":0,
            "은행":70,
            "병원":80,
            "종합병원":100,
            "공원":100,
            "혐오시설":0,
            "인프라총점":38.0,
            "초등학군":86.36,
            "중학군":48.7,
            "학군총점":56.232,
            "인구수":35.27,
            "인구증감":12.19,
            "인구총점":28.346,
            "일자리":2.7,
            "소득수준":51.54,
            "일자리총점":17.352,
            "가치 총점":41.2848,
            "매매실거래년":20211115.0,
            "매매실거래가":32900.0,
            "전세실거래년":20220115.0,
            "전세실거래가":18370.0,
            "전세가율":55.84,
            "장기전세가율평균":71.04,
            "전세가율거품지수":15.2,
            "검색코드":1520,
            "세대수":390.0,
            "준공년월":"1994-12-14",
            "준공년차":29.0,
            "가까운역이름":"탄현",
            "가까운역거리":506.81,
            "역세권여부":"준역세권",
            "30분이내주요거점역":1,
            "1시간이내주요거점역":5,
            "3km이내백화점수":0,
            "5km이내아울렛몰수":0,
            "1km이내대형먀트수":0,
            "500m이내은행수":3,
            "500m이내병원수":34,
            "5km이내대형병원수":4,
            "500m이내공원수":7,
            "3km이내혐오시설수":0,
            "초등학교학업성취도":86.36,
            "중학교학업성취도":79.9,
            "용적률":209,
            "건폐율":19,
            "Y":37.69401,
            "X":126.766846,
            "rank":115.0,
            "area_info":"23평(78.62)",
            "last_sales":"2021-11-15,32900.0,23평(78.62)"
        },
        {
            "index":550,
            "아파트명":"탄현8단지동성",
            "투자타입":"일반",
            "전용면적(m2)":"124.74",
            "전용면적(평)":"37평",
            "법정동주소":"경기도 고양시 일산서구 탄현동 1476",
            "도로명주소":"경기도 고양시 일산서구 일현로 128",
            "세대수":50,
            "입주년차":0,
            "용적률점수":"--",
            "건폐율점수":"--",
            "세대당주차수":30,
            "난방방식":100,
            "공급면적":"--",
            "전용률":"--",
            "욕실수":100,
            "현관타입":100,
            "주거총점":52.0,
            "지역구공급총점":100.0,
            "역세권":50,
            "30분내 이동가능 거점":20,
            "1시간내 이동가능 거점":30,
            "교통총점":37.0,
            "백화점":0,
            "아울렛몰":0,
            "대형마트":0,
            "은행":0,
            "병원":60,
            "종합병원":100,
            "공원":100,
            "혐오시설":0,
            "인프라총점":29.0,
            "초등학군":89.75,
            "중학군":51.58,
            "학군총점":59.214,
            "인구수":35.27,
            "인구증감":12.19,
            "인구총점":28.346,
            "일자리":2.7,
            "소득수준":51.54,
            "일자리총점":17.352,
            "가치 총점":40.9321,
            "매매실거래년":20211215.0,
            "매매실거래가":39000.0,
            "전세실거래년":20211210.0,
            "전세실거래가":37000.0,
            "전세가율":94.87,
            "장기전세가율평균":71.04,
            "전세가율거품지수":-23.83,
            "검색코드":1519,
            "세대수":652.0,
            "준공년월":"1994-10-21",
            "준공년차":29.0,
            "가까운역이름":"탄현",
            "가까운역거리":759.57,
            "역세권여부":"준역세권",
            "30분이내주요거점역":1,
            "1시간이내주요거점역":3,
            "3km이내백화점수":0,
            "5km이내아울렛몰수":0,
            "1km이내대형먀트수":0,
            "500m이내은행수":1,
            "500m이내병원수":12,
            "5km이내대형병원수":3,
            "500m이내공원수":6,
            "3km이내혐오시설수":0,
            "초등학교학업성취도":89.75,
            "중학교학업성취도":84.3,
            "용적률":219,
            "건폐율":20,
            "Y":37.699163,
            "X":126.766772,
            "rank":116.0,
            "area_info":"37평(124.74), 37평(124.81), 44평(146.89)",
            "last_sales":"2021-12-15,39000.0,37평(124.74)"
        },
        {
            "index":531,
            "아파트명":"탄현16단지풍림",
            "투자타입":"일반",
            "전용면적(m2)":"80.85",
            "전용면적(평)":"24평",
            "법정동주소":"경기도 고양시 일산서구 탄현동 1585",
            "도로명주소":"경기도 고양시 일산서구 현중로 10",
            "세대수":90,
            "입주년차":20,
            "용적률점수":"--",
            "건폐율점수":"--",
            "세대당주차수":30,
            "난방방식":100,
            "공급면적":"--",
            "전용률":"--",
            "욕실수":50,
            "현관타입":100,
            "주거총점":65.0,
            "지역구공급총점":100.0,
            "역세권":50,
            "30분내 이동가능 거점":20,
            "1시간내 이동가능 거점":20,
            "교통총점":35.0,
            "백화점":0,
            "아울렛몰":0,
            "대형마트":0,
            "은행":0,
            "병원":30,
            "종합병원":100,
            "공원":100,
            "혐오시설":0,
            "인프라총점":26.0,
            "초등학군":88.54,
            "중학군":42.64,
            "학군총점":51.82,
            "인구수":35.27,
            "인구증감":12.19,
            "인구총점":28.346,
            "일자리":2.7,
            "소득수준":51.54,
            "일자리총점":17.352,
            "가치 총점":40.823,
            "매매실거래년":20220109.0,
            "매매실거래가":35900.0,
            "전세실거래년":20220115.0,
            "전세실거래가":17850.0,
            "전세가율":49.72,
            "장기전세가율평균":71.04,
            "전세가율거품지수":21.32,
            "검색코드":8281,
            "세대수":980.0,
            "준공년월":"2000-10-13",
            "준공년차":23.0,
            "가까운역이름":"탄현",
            "가까운역거리":786.11,
            "역세권여부":"준역세권",
            "30분이내주요거점역":1,
            "1시간이내주요거점역":2,
            "3km이내백화점수":0,
            "5km이내아울렛몰수":0,
            "1km이내대형먀트수":0,
            "500m이내은행수":0,
            "500m이내병원수":8,
            "5km이내대형병원수":4,
            "500m이내공원수":5,
            "3km이내혐오시설수":0,
            "초등학교학업성취도":88.54,
            "중학교학업성취도":70.0,
            "용적률":224,
            "건폐율":17,
            "Y":37.692147,
            "X":126.7697,
            "rank":117.0,
            "area_info":"24평(80.85)",
            "last_sales":"2022-01-09,35900.0,24평(80.85)"
        },
        {
            "index":37,
            "아파트명":"대화7단지양우내안애",
            "투자타입":"일반",
            "전용면적(m2)":"77.17",
            "전용면적(평)":"23평",
            "법정동주소":"경기도 고양시 일산서구 대화동 2579",
            "도로명주소":"경기도 고양시 일산서구 대화1로 70",
            "세대수":50,
            "입주년차":20,
            "용적률점수":"--",
            "건폐율점수":"--",
            "세대당주차수":30,
            "난방방식":100,
            "공급면적":"--",
            "전용률":"--",
            "욕실수":100,
            "현관타입":100,
            "주거총점":56.0,
            "지역구공급총점":100.0,
            "역세권":0,
            "30분내 이동가능 거점":20,
            "1시간내 이동가능 거점":20,
            "교통총점":10.0,
            "백화점":100,
            "아울렛몰":0,
            "대형마트":0,
            "은행":0,
            "병원":30,
            "종합병원":100,
            "공원":100,
            "혐오시설":0,
            "인프라총점":56.0,
            "초등학군":90.76,
            "중학군":53.4,
            "학군총점":60.872,
            "인구수":35.27,
            "인구증감":12.19,
            "인구총점":28.346,
            "일자리":2.7,
            "소득수준":51.54,
            "일자리총점":17.352,
            "가치 총점":40.6308,
            "매매실거래년":20211113.0,
            "매매실거래가":55000.0,
            "전세실거래년":20210117.0,
            "전세실거래가":21500.0,
            "전세가율":45.74,
            "장기전세가율평균":71.04,
            "전세가율거품지수":25.3,
            "검색코드":8130,
            "세대수":655.0,
            "준공년월":"2003-06-30",
            "준공년차":20.0,
            "가까운역이름":"대화",
            "가까운역거리":1332.55,
            "역세권여부":"비역세권",
            "30분이내주요거점역":1,
            "1시간이내주요거점역":2,
            "3km이내백화점수":1,
            "5km이내아울렛몰수":0,
            "1km이내대형먀트수":0,
            "500m이내은행수":0,
            "500m이내병원수":5,
            "5km이내대형병원수":4,
            "500m이내공원수":3,
            "3km이내혐오시설수":0,
            "초등학교학업성취도":90.76,
            "중학교학업성취도":85.6,
            "용적률":198,
            "건폐율":14,
            "Y":37.670864,
            "X":126.733942,
            "rank":118.0,
            "area_info":"23평(77.17), 31평(105.03)",
            "last_sales":"2021-11-13,55000.0,31평(105.03)"
        },
        {
            "index":541,
            "아파트명":"탄현5단지건영",
            "투자타입":"일반",
            "전용면적(m2)":"86.28",
            "전용면적(평)":"26평",
            "법정동주소":"경기도 고양시 일산서구 탄현동 1477",
            "도로명주소":"경기도 고양시 일산서구 현중로 61",
            "세대수":50,
            "입주년차":0,
            "용적률점수":"--",
            "건폐율점수":"--",
            "세대당주차수":0,
            "난방방식":100,
            "공급면적":"--",
            "전용률":"--",
            "욕실수":50,
            "현관타입":10,
            "주거총점":33.5,
            "지역구공급총점":100.0,
            "역세권":50,
            "30분내 이동가능 거점":20,
            "1시간내 이동가능 거점":50,
            "교통총점":41.0,
            "백화점":0,
            "아울렛몰":0,
            "대형마트":0,
            "은행":70,
            "병원":60,
            "종합병원":100,
            "공원":100,
            "혐오시설":0,
            "인프라총점":36.0,
            "초등학군":86.36,
            "중학군":48.7,
            "학군총점":56.232,
            "인구수":35.27,
            "인구증감":12.19,
            "인구총점":28.346,
            "일자리":2.7,
            "소득수준":51.54,
            "일자리총점":17.352,
            "가치 총점":40.2848,
            "매매실거래년":20211219.0,
            "매매실거래가":45500.0,
            "전세실거래년":20220107.0,
            "전세실거래가":18900.0,
            "전세가율":51.92,
            "장기전세가율평균":71.04,
            "전세가율거품지수":19.12,
            "검색코드":1517,
            "세대수":624.0,
            "준공년월":"1995-02-28",
            "준공년차":28.0,
            "가까운역이름":"탄현",
            "가까운역거리":557.78,
            "역세권여부":"준역세권",
            "30분이내주요거점역":1,
            "1시간이내주요거점역":5,
            "3km이내백화점수":0,
            "5km이내아울렛몰수":0,
            "1km이내대형먀트수":0,
            "500m이내은행수":3,
            "500m이내병원수":18,
            "5km이내대형병원수":4,
            "500m이내공원수":7,
            "3km이내혐오시설수":0,
            "초등학교학업성취도":86.36,
            "중학교학업성취도":79.9,
            "용적률":209,
            "건폐율":18,
            "Y":37.696592,
            "X":126.766531,
            "rank":119.0,
            "area_info":"26평(86.28), 26평(86.68), 31평(105.66)",
            "last_sales":"2021-12-19,45500.0,31평(105.66)"
        },
        {
            "index":483,
            "아파트명":"쌍용",
            "투자타입":"일반",
            "전용면적(m2)":"112.01",
            "전용면적(평)":"33평",
            "법정동주소":"경기도 고양시 일산서구 탄현동 130",
            "도로명주소":"경기도 고양시 일산서구 일현로 151",
            "세대수":0,
            "입주년차":40,
            "용적률점수":"--",
            "건폐율점수":"--",
            "세대당주차수":30,
            "난방방식":30,
            "공급면적":"--",
            "전용률":"--",
            "욕실수":100,
            "현관타입":100,
            "주거총점":35.5,
            "지역구공급총점":100.0,
            "역세권":50,
            "30분내 이동가능 거점":20,
            "1시간내 이동가능 거점":30,
            "교통총점":37.0,
            "백화점":0,
            "아울렛몰":0,
            "대형마트":0,
            "은행":70,
            "병원":60,
            "종합병원":100,
            "공원":100,
            "혐오시설":0,
            "인프라총점":36.0,
            "초등학군":89.75,
            "중학군":51.58,
            "학군총점":59.214,
            "인구수":35.27,
            "인구증감":12.19,
            "인구총점":28.346,
            "일자리":2.7,
            "소득수준":51.54,
            "일자리총점":17.352,
            "가치 총점":39.7321,
            "매매실거래년":20210925.0,
            "매매실거래가":46000.0,
            "전세실거래년":20220107.0,
            "전세실거래가":24150.0,
            "전세가율":52.5,
            "장기전세가율평균":71.04,
            "전세가율거품지수":18.54,
            "검색코드":10793,
            "세대수":214.0,
            "준공년월":"2005-01-20",
            "준공년차":18.0,
            "가까운역이름":"탄현",
            "가까운역거리":631.67,
            "역세권여부":"준역세권",
            "30분이내주요거점역":1,
            "1시간이내주요거점역":3,
            "3km이내백화점수":0,
            "5km이내아울렛몰수":0,
            "1km이내대형먀트수":0,
            "500m이내은행수":3,
            "500m이내병원수":12,
            "5km이내대형병원수":3,
            "500m이내공원수":4,
            "3km이내혐오시설수":0,
            "초등학교학업성취도":89.75,
            "중학교학업성취도":84.3,
            "용적률":272,
            "건폐율":17,
            "Y":37.698872,
            "X":126.764826,
            "rank":120.0,
            "area_info":"33평(112.01), 42평(141.2)",
            "last_sales":"2021-09-25,46000.0,33평(112.01)"
        },
        {
            "index":28,
            "아파트명":"대화1단지LG(GS자이)",
            "투자타입":"일반",
            "전용면적(m2)":"158.93",
            "전용면적(평)":"48평",
            "법정동주소":"경기도 고양시 일산서구 대화동 1499",
            "도로명주소":"경기도 고양시 일산서구 대화1로 21",
            "세대수":30,
            "입주년차":20,
            "용적률점수":"--",
            "건폐율점수":"--",
            "세대당주차수":80,
            "난방방식":100,
            "공급면적":"--",
            "전용률":"--",
            "욕실수":100,
            "현관타입":100,
            "주거총점":56.5,
            "지역구공급총점":100.0,
            "역세권":0,
            "30분내 이동가능 거점":20,
            "1시간내 이동가능 거점":10,
            "교통총점":8.0,
            "백화점":100,
            "아울렛몰":0,
            "대형마트":0,
            "은행":0,
            "병원":10,
            "종합병원":100,
            "공원":80,
            "혐오시설":0,
            "인프라총점":53.4,
            "초등학군":90.76,
            "중학군":53.4,
            "학군총점":60.872,
            "인구수":35.27,
            "인구증감":12.19,
            "인구총점":28.346,
            "일자리":2.7,
            "소득수준":51.54,
            "일자리총점":17.352,
            "가치 총점":39.2508,
            "매매실거래년":20211108.0,
            "매매실거래가":70500.0,
            "전세실거래년":20211024.0,
            "전세실거래가":55000.0,
            "전세가율":83.33,
            "장기전세가율평균":71.04,
            "전세가율거품지수":-12.29,
            "검색코드":3556,
            "세대수":329.0,
            "준공년월":"2002-05-23",
            "준공년차":21.0,
            "가까운역이름":"대화",
            "가까운역거리":1829.84,
            "역세권여부":"비역세권",
            "30분이내주요거점역":1,
            "1시간이내주요거점역":1,
            "3km이내백화점수":1,
            "5km이내아울렛몰수":0,
            "1km이내대형먀트수":0,
            "500m이내은행수":0,
            "500m이내병원수":3,
            "5km이내대형병원수":4,
            "500m이내공원수":1,
            "3km이내혐오시설수":0,
            "초등학교학업성취도":90.76,
            "중학교학업성취도":85.6,
            "용적률":199,
            "건폐율":19,
            "Y":37.669958,
            "X":126.728274,
            "rank":121.0,
            "area_info":"48평(158.93), 53평(176.47), 64평(211.63)",
            "last_sales":"2021-11-08,70500.0,64평(211.63)"
        },
        {
            "index":548,
            "아파트명":"탄현7단지부영",
            "투자타입":"일반",
            "전용면적(m2)":"68.87",
            "전용면적(평)":"20평",
            "법정동주소":"경기도 고양시 일산서구 탄현동 1480",
            "도로명주소":"경기도 고양시 일산서구 탄현로 64",
            "세대수":80,
            "입주년차":0,
            "용적률점수":"--",
            "건폐율점수":"--",
            "세대당주차수":0,
            "난방방식":100,
            "공급면적":"--",
            "전용률":"--",
            "욕실수":50,
            "현관타입":10,
            "주거총점":44.0,
            "지역구공급총점":100.0,
            "역세권":50,
            "30분내 이동가능 거점":20,
            "1시간내 이동가능 거점":20,
            "교통총점":35.0,
            "백화점":0,
            "아울렛몰":0,
            "대형마트":0,
            "은행":0,
            "병원":60,
            "종합병원":100,
            "공원":100,
            "혐오시설":0,
            "인프라총점":29.0,
            "초등학군":89.75,
            "중학군":48.7,
            "학군총점":56.91,
            "인구수":35.27,
            "인구증감":12.19,
            "인구총점":28.346,
            "일자리":2.7,
            "소득수준":51.54,
            "일자리총점":17.352,
            "가치 총점":38.2865,
            "매매실거래년":20211228.0,
            "매매실거래가":23250.0,
            "전세실거래년":20220115.0,
            "전세실거래가":13650.0,
            "전세가율":58.71,
            "장기전세가율평균":71.04,
            "전세가율거품지수":12.33,
            "검색코드":3734,
            "세대수":726.0,
            "준공년월":"1995-05-03",
            "준공년차":28.0,
            "가까운역이름":"탄현",
            "가까운역거리":916.59,
            "역세권여부":"준역세권",
            "30분이내주요거점역":1,
            "1시간이내주요거점역":2,
            "3km이내백화점수":0,
            "5km이내아울렛몰수":0,
            "1km이내대형먀트수":0,
            "500m이내은행수":0,
            "500m이내병원수":10,
            "5km이내대형병원수":4,
            "500m이내공원수":6,
            "3km이내혐오시설수":0,
            "초등학교학업성취도":89.75,
            "중학교학업성취도":79.9,
            "용적률":209,
            "건폐율":20,
            "Y":37.697463,
            "X":126.770553,
            "rank":122.0,
            "area_info":"20평(68.87), 24평(81.99)",
            "last_sales":"2021-12-28,23250.0,20평(68.87)"
        },
        {
            "index":519,
            "아파트명":"탄현10단지동문",
            "투자타입":"일반",
            "전용면적(m2)":"88.68",
            "전용면적(평)":"26평",
            "법정동주소":"경기도 고양시 일산서구 탄현동 1470",
            "도로명주소":"경기도 고양시 일산서구 탄현로 93",
            "세대수":30,
            "입주년차":0,
            "용적률점수":"--",
            "건폐율점수":"--",
            "세대당주차수":0,
            "난방방식":100,
            "공급면적":"--",
            "전용률":"--",
            "욕실수":50,
            "현관타입":100,
            "주거총점":35.5,
            "지역구공급총점":100.0,
            "역세권":50,
            "30분내 이동가능 거점":20,
            "1시간내 이동가능 거점":20,
            "교통총점":35.0,
            "백화점":0,
            "아울렛몰":0,
            "대형마트":0,
            "은행":0,
            "병원":60,
            "종합병원":100,
            "공원":100,
            "혐오시설":0,
            "인프라총점":29.0,
            "초등학군":88.18,
            "중학군":51.58,
            "학군총점":58.9,
            "인구수":35.27,
            "인구증감":12.19,
            "인구총점":28.346,
            "일자리":2.7,
            "소득수준":51.54,
            "일자리총점":17.352,
            "가치 총점":36.885,
            "매매실거래년":20211222.0,
            "매매실거래가":41000.0,
            "전세실거래년":20211115.0,
            "전세실거래가":18900.0,
            "전세가율":59.06,
            "장기전세가율평균":71.04,
            "전세가율거품지수":11.98,
            "검색코드":1509,
            "세대수":350.0,
            "준공년월":"1995-06-20",
            "준공년차":28.0,
            "가까운역이름":"탄현",
            "가까운역거리":864.31,
            "역세권여부":"준역세권",
            "30분이내주요거점역":1,
            "1시간이내주요거점역":2,
            "3km이내백화점수":0,
            "5km이내아울렛몰수":0,
            "1km이내대형먀트수":0,
            "500m이내은행수":1,
            "500m이내병원수":12,
            "5km이내대형병원수":3,
            "500m이내공원수":4,
            "3km이내혐오시설수":0,
            "초등학교학업성취도":88.18,
            "중학교학업성취도":84.3,
            "용적률":209,
            "건폐율":17,
            "Y":37.7003,
            "X":126.76688,
            "rank":123.0,
            "area_info":"26평(88.68), 31평(103.55)",
            "last_sales":"2021-12-22,41000.0,31평(103.55)"
        },
        {
            "index":553,
            "아파트명":"탄현9단지일신",
            "투자타입":"일반",
            "전용면적(m2)":"70.46",
            "전용면적(평)":"21평",
            "법정동주소":"경기도 고양시 일산서구 탄현동 1473",
            "도로명주소":"경기도 고양시 일산서구 탄현로 80",
            "세대수":50,
            "입주년차":0,
            "용적률점수":"--",
            "건폐율점수":"--",
            "세대당주차수":0,
            "난방방식":100,
            "공급면적":"--",
            "전용률":"--",
            "욕실수":50,
            "현관타입":10,
            "주거총점":33.5,
            "지역구공급총점":100.0,
            "역세권":50,
            "30분내 이동가능 거점":20,
            "1시간내 이동가능 거점":20,
            "교통총점":35.0,
            "백화점":0,
            "아울렛몰":0,
            "대형마트":0,
            "은행":0,
            "병원":60,
            "종합병원":100,
            "공원":100,
            "혐오시설":0,
            "인프라총점":29.0,
            "초등학군":89.75,
            "중학군":51.58,
            "학군총점":59.214,
            "인구수":35.27,
            "인구증감":12.19,
            "인구총점":28.346,
            "일자리":2.7,
            "소득수준":51.54,
            "일자리총점":17.352,
            "가치 총점":36.5321,
            "매매실거래년":20211227.0,
            "매매실거래가":33000.0,
            "전세실거래년":20211222.0,
            "전세실거래가":25500.0,
            "전세가율":93.58,
            "장기전세가율평균":71.04,
            "전세가율거품지수":-22.54,
            "검색코드":10642,
            "세대수":416.0,
            "준공년월":"1994-10-21",
            "준공년차":29.0,
            "가까운역이름":"탄현",
            "가까운역거리":881.9,
            "역세권여부":"준역세권",
            "30분이내주요거점역":1,
            "1시간이내주요거점역":2,
            "3km이내백화점수":0,
            "5km이내아울렛몰수":0,
            "1km이내대형먀트수":0,
            "500m이내은행수":1,
            "500m이내병원수":13,
            "5km이내대형병원수":3,
            "500m이내공원수":5,
            "3km이내혐오시설수":0,
            "초등학교학업성취도":89.75,
            "중학교학업성취도":84.3,
            "용적률":209,
            "건폐율":19,
            "Y":37.69888,
            "X":126.76901,
            "rank":124.0,
            "area_info":"21평(70.46), 23평(78.25)",
            "last_sales":"2021-12-27,33000.0,23평(78.25)"
        },
        {
            "index":538,
            "아파트명":"탄현4단지건영",
            "투자타입":"일반",
            "전용면적(m2)":"67.89",
            "전용면적(평)":"20평",
            "법정동주소":"경기도 고양시 일산서구 탄현동 1481",
            "도로명주소":"경기도 고양시 일산서구 홀트로 57",
            "세대수":50,
            "입주년차":0,
            "용적률점수":"--",
            "건폐율점수":"--",
            "세대당주차수":0,
            "난방방식":100,
            "공급면적":"--",
            "전용률":"--",
            "욕실수":50,
            "현관타입":10,
            "주거총점":33.5,
            "지역구공급총점":100.0,
            "역세권":50,
            "30분내 이동가능 거점":20,
            "1시간내 이동가능 거점":20,
            "교통총점":35.0,
            "백화점":0,
            "아울렛몰":0,
            "대형마트":0,
            "은행":0,
            "병원":60,
            "종합병원":100,
            "공원":100,
            "혐오시설":0,
            "인프라총점":29.0,
            "초등학군":86.36,
            "중학군":48.7,
            "학군총점":56.232,
            "인구수":35.27,
            "인구증감":12.19,
            "인구총점":28.346,
            "일자리":2.7,
            "소득수준":51.54,
            "일자리총점":17.352,
            "가치 총점":36.0848,
            "매매실거래년":20211223.0,
            "매매실거래가":27600.0,
            "전세실거래년":20220112.0,
            "전세실거래가":15225.0,
            "전세가율":55.16,
            "장기전세가율평균":71.04,
            "전세가율거품지수":15.88,
            "검색코드":1516,
            "세대수":642.0,
            "준공년월":"1994-12-14",
            "준공년차":29.0,
            "가까운역이름":"탄현",
            "가까운역거리":791.19,
            "역세권여부":"준역세권",
            "30분이내주요거점역":1,
            "1시간이내주요거점역":2,
            "3km이내백화점수":0,
            "5km이내아울렛몰수":0,
            "1km이내대형먀트수":0,
            "500m이내은행수":1,
            "500m이내병원수":14,
            "5km이내대형병원수":4,
            "500m이내공원수":6,
            "3km이내혐오시설수":0,
            "초등학교학업성취도":86.36,
            "중학교학업성취도":79.9,
            "용적률":209,
            "건폐율":19,
            "Y":37.695501,
            "X":126.769882,
            "rank":125.0,
            "area_info":"20평(67.89), 26평(86.13), 26평(86.53)",
            "last_sales":"2021-12-23,27600.0,20평(67.89)"
        },
        {
            "index":142,
            "아파트명":"하이파크시티일산파밀리에2단지",
            "투자타입":"일반",
            "전용면적(m2)":"113.22",
            "전용면적(평)":"34평",
            "법정동주소":"경기도 고양시 일산서구 덕이동 1529",
            "도로명주소":"경기도 고양시 일산서구 하이파크3로 111",
            "세대수":90,
            "입주년차":60,
            "용적률점수":"--",
            "건폐율점수":"--",
            "세대당주차수":80,
            "난방방식":100,
            "공급면적":"--",
            "전용률":"--",
            "욕실수":100,
            "현관타입":50,
            "주거총점":80.5,
            "지역구공급총점":100.0,
            "역세권":0,
            "30분내 이동가능 거점":20,
            "1시간내 이동가능 거점":20,
            "교통총점":10.0,
            "백화점":0,
            "아울렛몰":0,
            "대형마트":0,
            "은행":20,
            "병원":30,
            "종합병원":80,
            "공원":100,
            "혐오시설":0,
            "인프라총점":24.0,
            "초등학군":97.51,
            "중학군":52.2,
            "학군총점":61.262,
            "인구수":35.27,
            "인구증감":12.19,
            "인구총점":28.346,
            "일자리":2.7,
            "소득수준":51.54,
            "일자리총점":17.352,
            "가치 총점":35.9893,
            "매매실거래년":20210728.0,
            "매매실거래가":92200.0,
            "전세실거래년":20211211.0,
            "전세실거래가":31000.0,
            "전세가율":59.62,
            "장기전세가율평균":71.04,
            "전세가율거품지수":11.42,
            "검색코드":27359,
            "세대수":1208.0,
            "준공년월":"2011-03-31",
            "준공년차":12.0,
            "가까운역이름":"탄현",
            "가까운역거리":1124.11,
            "역세권여부":"비역세권",
            "30분이내주요거점역":1,
            "1시간이내주요거점역":2,
            "3km이내백화점수":0,
            "5km이내아울렛몰수":0,
            "1km이내대형먀트수":0,
            "500m이내은행수":2,
            "500m이내병원수":7,
            "5km이내대형병원수":1,
            "500m이내공원수":4,
            "3km이내혐오시설수":0,
            "초등학교학업성취도":97.51,
            "중학교학업성취도":85.2,
            "용적률":241,
            "건폐율":14,
            "Y":37.700887,
            "X":126.751706,
            "rank":126.0,
            "area_info":"34평(113.22), 34평(113.47), 46평(153.78), 46평(154.71), 49평(165.0), 55평(183.9), 55평(184.79), 64평(213.8), 77평(255.41), 77평(255.51), 77평(255.88), 89평(296.29), 91평(301.52)",
            "last_sales":"2021-07-28,92200.0,64평(213.8)"
        },
        {
            "index":495,
            "아파트명":"일산에듀포레푸르지오",
            "투자타입":"일반",
            "전용면적(m2)":"84.32",
            "전용면적(평)":"25평",
            "법정동주소":"경기도 고양시 일산서구 탄현동 1650",
            "도로명주소":"경기도 고양시 일산서구 탄현로 136",
            "세대수":100,
            "입주년차":80,
            "용적률점수":"--",
            "건폐율점수":"--",
            "세대당주차수":60,
            "난방방식":100,
            "공급면적":"--",
            "전용률":"--",
            "욕실수":100,
            "현관타입":100,
            "주거총점":90.0,
            "지역구공급총점":100.0,
            "역세권":0,
            "30분내 이동가능 거점":0,
            "1시간내 이동가능 거점":20,
            "교통총점":4.0,
            "백화점":0,
            "아울렛몰":0,
            "대형마트":0,
            "은행":0,
            "병원":10,
            "종합병원":100,
            "공원":100,
            "혐오시설":0,
            "인프라총점":24.0,
            "초등학군":88.18,
            "중학군":51.58,
            "학군총점":58.9,
            "인구수":35.27,
            "인구증감":12.19,
            "인구총점":28.346,
            "일자리":2.7,
            "소득수준":51.54,
            "일자리총점":17.352,
            "가치 총점":35.435,
            "매매실거래년":20211215.0,
            "매매실거래가":61000.0,
            "전세실거래년":20211229.0,
            "전세실거래가":40000.0,
            "전세가율":78.43,
            "장기전세가율평균":71.04,
            "전세가율거품지수":-7.39,
            "검색코드":112758,
            "세대수":1690.0,
            "준공년월":"2018-10-17",
            "준공년차":5.0,
            "가까운역이름":"야당",
            "가까운역거리":1068.87,
            "역세권여부":"비역세권",
            "30분이내주요거점역":0,
            "1시간이내주요거점역":2,
            "3km이내백화점수":0,
            "5km이내아울렛몰수":0,
            "1km이내대형먀트수":0,
            "500m이내은행수":0,
            "500m이내병원수":4,
            "5km이내대형병원수":3,
            "500m이내공원수":2,
            "3km이내혐오시설수":0,
            "초등학교학업성취도":88.18,
            "중학교학업성취도":84.3,
            "용적률":216,
            "건폐율":15,
            "Y":37.704137,
            "X":126.767717,
            "rank":127.0,
            "area_info":"25평(84.32), 26평(88.83), 26평(88.95), 30평(99.92), 30평(100.71), 30평(101.43), 34평(112.49), 34평(113.66), 34평(113.07), 37평(124.76)",
            "last_sales":"2021-12-15,61000.0,34평(113.66)"
        },
        {
            "index":158,
            "아파트명":"하이파크시티일산파밀리에4단지",
            "투자타입":"일반",
            "전용면적(m2)":"112.93",
            "전용면적(평)":"34평",
            "법정동주소":"경기도 고양시 일산서구 덕이동 1535",
            "도로명주소":"경기도 고양시 일산서구 하이파크3로 61",
            "세대수":100,
            "입주년차":60,
            "용적률점수":"--",
            "건폐율점수":"--",
            "세대당주차수":60,
            "난방방식":100,
            "공급면적":"--",
            "전용률":"--",
            "욕실수":100,
            "현관타입":50,
            "주거총점":81.0,
            "지역구공급총점":100.0,
            "역세권":0,
            "30분내 이동가능 거점":0,
            "1시간내 이동가능 거점":20,
            "교통총점":4.0,
            "백화점":0,
            "아울렛몰":0,
            "대형마트":0,
            "은행":20,
            "병원":30,
            "종합병원":100,
            "공원":100,
            "혐오시설":0,
            "인프라총점":28.0,
            "초등학군":90.32,
            "중학군":52.2,
            "학군총점":59.824,
            "인구수":35.27,
            "인구증감":12.19,
            "인구총점":28.346,
            "일자리":2.7,
            "소득수준":51.54,
            "일자리총점":17.352,
            "가치 총점":34.9736,
            "매매실거래년":20211113.0,
            "매매실거래가":85000.0,
            "전세실거래년":20211124.0,
            "전세실거래가":31500.0,
            "전세가율":48.46,
            "장기전세가율평균":71.04,
            "전세가율거품지수":22.58,
            "검색코드":27361,
            "세대수":1676.0,
            "준공년월":"2011-03-31",
            "준공년차":12.0,
            "가까운역이름":"탄현",
            "가까운역거리":1015.7,
            "역세권여부":"비역세권",
            "30분이내주요거점역":0,
            "1시간이내주요거점역":2,
            "3km이내백화점수":0,
            "5km이내아울렛몰수":0,
            "1km이내대형먀트수":0,
            "500m이내은행수":2,
            "500m이내병원수":6,
            "5km이내대형병원수":2,
            "500m이내공원수":4,
            "3km이내혐오시설수":0,
            "초등학교학업성취도":90.32,
            "중학교학업성취도":85.2,
            "용적률":241,
            "건폐율":14,
            "Y":37.69734,
            "X":126.75033,
            "rank":128.0,
            "area_info":"34평(112.93), 34평(113.17), 39평(130.92), 40평(133.03), 46평(153.06), 46평(153.69), 49평(165.0), 55평(183.81), 55평(184.35), 64평(214.42), 77평(255.41), 77평(255.58), 77평(255.98), 89평(295.91), 90평(300.81), 105평(348.49)",
            "last_sales":"2021-11-13,85000.0,55평(184.35)"
        },
        {
            "index":203,
            "아파트명":"신영",
            "투자타입":"재건축",
            "전용면적(m2)":"56.16",
            "전용면적(평)":"16평",
            "법정동주소":"경기도 고양시 일산서구 일산동 1818",
            "도로명주소":"경기도 고양시 일산서구 고봉로329번길 50",
            "세대수":0,
            "입주년차":"--",
            "용적률점수":80,
            "건폐율점수":40,
            "세대당주차수":"--",
            "난방방식":"--",
            "공급면적":50,
            "전용률":60,
            "욕실수":"--",
            "현관타입":"--",
            "주거총점":45.5,
            "지역구공급총점":100.0,
            "역세권":50,
            "30분내 이동가능 거점":0,
            "1시간내 이동가능 거점":20,
            "교통총점":29.0,
            "백화점":0,
            "아울렛몰":0,
            "대형마트":0,
            "은행":0,
            "병원":30,
            "종합병원":100,
            "공원":100,
            "혐오시설":0,
            "인프라총점":26.0,
            "초등학군":88.54,
            "중학군":42.64,
            "학군총점":51.82,
            "인구수":35.27,
            "인구증감":12.19,
            "인구총점":28.346,
            "일자리":2.7,
            "소득수준":51.54,
            "일자리총점":17.352,
            "가치 총점":34.823,
            "매매실거래년":20211110.0,
            "매매실거래가":15700.0,
            "전세실거래년":20211019.0,
            "전세실거래가":12000.0,
            "전세가율":76.43,
            "장기전세가율평균":71.04,
            "전세가율거품지수":-5.39,
            "검색코드":9535,
            "세대수":120.0,
            "준공년월":"1987-02-19",
            "준공년차":36.0,
            "가까운역이름":"일산",
            "가까운역거리":951.93,
            "역세권여부":"준역세권",
            "30분이내주요거점역":0,
            "1시간이내주요거점역":2,
            "3km이내백화점수":0,
            "5km이내아울렛몰수":0,
            "1km이내대형먀트수":0,
            "500m이내은행수":0,
            "500m이내병원수":8,
            "5km이내대형병원수":4,
            "500m이내공원수":2,
            "3km이내혐오시설수":0,
            "초등학교학업성취도":88.54,
            "중학교학업성취도":70.0,
            "용적률":168,
            "건폐율":35,
            "Y":37.68979,
            "X":126.77454,
            "rank":129.0,
            "area_info":"16평(56.16), 17평(58.17), 18평(59.83), 18평(62.06), 19평(63.5), 20평(67.6)",
            "last_sales":"2021-11-10,15700.0,18평(62.06)"
        },
        {
            "index":17,
            "아파트명":"가좌6단지벽산블루밍",
            "투자타입":"일반",
            "전용면적(m2)":"83.48",
            "전용면적(평)":"25평",
            "법정동주소":"경기도 고양시 일산서구 가좌동 1086",
            "도로명주소":"경기도 고양시 일산서구 가좌2로 22",
            "세대수":90,
            "입주년차":40,
            "용적률점수":"--",
            "건폐율점수":"--",
            "세대당주차수":60,
            "난방방식":30,
            "공급면적":"--",
            "전용률":"--",
            "욕실수":100,
            "현관타입":100,
            "주거총점":71.5,
            "지역구공급총점":100.0,
            "역세권":0,
            "30분내 이동가능 거점":20,
            "1시간내 이동가능 거점":10,
            "교통총점":8.0,
            "백화점":0,
            "아울렛몰":80,
            "대형마트":0,
            "은행":0,
            "병원":10,
            "종합병원":80,
            "공원":80,
            "혐오시설":0,
            "인프라총점":27.4,
            "초등학군":89.05,
            "중학군":48.06,
            "학군총점":56.258,
            "인구수":35.27,
            "인구증감":12.19,
            "인구총점":28.346,
            "일자리":2.7,
            "소득수준":51.54,
            "일자리총점":17.352,
            "가치 총점":33.7587,
            "매매실거래년":20211227.0,
            "매매실거래가":50000.0,
            "전세실거래년":20220103.0,
            "전세실거래가":31000.0,
            "전세가율":88.83,
            "장기전세가율평균":71.04,
            "전세가율거품지수":-17.79,
            "검색코드":13338,
            "세대수":989.0,
            "준공년월":"2005-09-22",
            "준공년차":18.0,
            "가까운역이름":"대화",
            "가까운역거리":2630.14,
            "역세권여부":"비역세권",
            "30분이내주요거점역":1,
            "1시간이내주요거점역":1,
            "3km이내백화점수":0,
            "5km이내아울렛몰수":1,
            "1km이내대형먀트수":0,
            "500m이내은행수":0,
            "500m이내병원수":4,
            "5km이내대형병원수":1,
            "500m이내공원수":1,
            "3km이내혐오시설수":0,
            "초등학교학업성취도":89.05,
            "중학교학업성취도":78.9,
            "용적률":199,
            "건폐율":13,
            "Y":37.689888,
            "X":126.723296,
            "rank":130.0,
            "area_info":"25평(83.48), 33평(111.9), 39평(131.05), 46평(155.21), 56평(188.07)",
            "last_sales":"2021-12-27,50000.0,33평(111.9)"
        },
        {
            "index":284,
            "아파트명":"탄현주은",
            "투자타입":"일반",
            "전용면적(m2)":"86.99",
            "전용면적(평)":"26평",
            "법정동주소":"경기도 고양시 일산서구 일산동 1997",
            "도로명주소":"경기도 고양시 일산서구 산현로92번길 20",
            "세대수":0,
            "입주년차":20,
            "용적률점수":"--",
            "건폐율점수":"--",
            "세대당주차수":30,
            "난방방식":100,
            "공급면적":"--",
            "전용률":"--",
            "욕실수":50,
            "현관타입":10,
            "주거총점":24.5,
            "지역구공급총점":100.0,
            "역세권":50,
            "30분내 이동가능 거점":20,
            "1시간내 이동가능 거점":20,
            "교통총점":35.0,
            "백화점":0,
            "아울렛몰":0,
            "대형마트":0,
            "은행":0,
            "병원":60,
            "종합병원":100,
            "공원":100,
            "혐오시설":0,
            "인프라총점":29.0,
            "초등학군":88.54,
            "중학군":42.64,
            "학군총점":51.82,
            "인구수":35.27,
            "인구증감":12.19,
            "인구총점":28.346,
            "일자리":2.7,
            "소득수준":51.54,
            "일자리총점":17.352,
            "가치 총점":33.623,
            "매매실거래년":20211125.0,
            "매매실거래가":27000.0,
            "전세실거래년":20211207.0,
            "전세실거래가":25000.0,
            "전세가율":92.59,
            "장기전세가율평균":71.04,
            "전세가율거품지수":-21.55,
            "검색코드":1507,
            "세대수":228.0,
            "준공년월":"1999-12-10",
            "준공년차":24.0,
            "가까운역이름":"탄현",
            "가까운역거리":966.66,
            "역세권여부":"준역세권",
            "30분이내주요거점역":1,
            "1시간이내주요거점역":2,
            "3km이내백화점수":0,
            "5km이내아울렛몰수":0,
            "1km이내대형먀트수":0,
            "500m이내은행수":0,
            "500m이내병원수":16,
            "5km이내대형병원수":4,
            "500m이내공원수":2,
            "3km이내혐오시설수":0,
            "초등학교학업성취도":88.54,
            "중학교학업성취도":70.0,
            "용적률":286,
            "건폐율":21,
            "Y":37.690731,
            "X":126.771254,
            "rank":131.0,
            "area_info":"26평(86.99), 26평(86.99), 31평(102.92), 33평(109.91)",
            "last_sales":"2021-11-25,27000.0,26평(86.99)"
        },
        {
            "index":251,
            "아파트명":"일산에이스9차",
            "투자타입":"일반",
            "전용면적(m2)":"83.53",
            "전용면적(평)":"25평",
            "법정동주소":"경기도 고양시 일산서구 일산동 583-66",
            "도로명주소":"경기도 고양시 일산서구 고봉로329번길 6",
            "세대수":30,
            "입주년차":0,
            "용적률점수":"--",
            "건폐율점수":"--",
            "세대당주차수":0,
            "난방방식":30,
            "공급면적":"--",
            "전용률":"--",
            "욕실수":50,
            "현관타입":10,
            "주거총점":19.5,
            "지역구공급총점":100.0,
            "역세권":50,
            "30분내 이동가능 거점":0,
            "1시간내 이동가능 거점":30,
            "교통총점":31.0,
            "백화점":0,
            "아울렛몰":0,
            "대형마트":0,
            "은행":70,
            "병원":60,
            "종합병원":100,
            "공원":100,
            "혐오시설":0,
            "인프라총점":36.0,
            "초등학군":85.53,
            "중학군":42.64,
            "학군총점":51.218,
            "인구수":35.27,
            "인구증감":12.19,
            "인구총점":28.346,
            "일자리":2.7,
            "소득수준":51.54,
            "일자리총점":17.352,
            "가치 총점":33.2327,
            "매매실거래년":20211215.0,
            "매매실거래가":26800.0,
            "전세실거래년":20211124.0,
            "전세실거래가":21000.0,
            "전세가율":78.36,
            "장기전세가율평균":71.04,
            "전세가율거품지수":-7.32,
            "검색코드":2603,
            "세대수":332.0,
            "준공년월":"1994-10-28",
            "준공년차":29.0,
            "가까운역이름":"일산",
            "가까운역거리":855.3,
            "역세권여부":"준역세권",
            "30분이내주요거점역":0,
            "1시간이내주요거점역":3,
            "3km이내백화점수":0,
            "5km이내아울렛몰수":0,
            "1km이내대형먀트수":0,
            "500m이내은행수":3,
            "500m이내병원수":24,
            "5km이내대형병원수":5,
            "500m이내공원수":2,
            "3km이내혐오시설수":0,
            "초등학교학업성취도":85.53,
            "중학교학업성취도":70.0,
            "용적률":279,
            "건폐율":21,
            "Y":37.688006,
            "X":126.776038,
            "rank":132.0,
            "area_info":"25평(83.53), 32평(107.24), 47평(157.78)",
            "last_sales":"2021-12-15,26800.0,25평(83.53)"
        },
        {
            "index":22,
            "아파트명":"가좌7단지꿈에그린",
            "투자타입":"일반",
            "전용면적(m2)":"87.78",
            "전용면적(평)":"26평",
            "법정동주소":"경기도 고양시 일산서구 가좌동 1105",
            "도로명주소":"경기도 고양시 일산서구 송포로 207",
            "세대수":50,
            "입주년차":60,
            "용적률점수":"--",
            "건폐율점수":"--",
            "세대당주차수":80,
            "난방방식":30,
            "공급면적":"--",
            "전용률":"--",
            "욕실수":100,
            "현관타입":100,
            "주거총점":64.5,
            "지역구공급총점":100.0,
            "역세권":0,
            "30분내 이동가능 거점":20,
            "1시간내 이동가능 거점":10,
            "교통총점":8.0,
            "백화점":0,
            "아울렛몰":80,
            "대형마트":0,
            "은행":0,
            "병원":30,
            "종합병원":80,
            "공원":80,
            "혐오시설":0,
            "인프라총점":29.4,
            "초등학군":90.2,
            "중학군":48.06,
            "학군총점":56.488,
            "인구수":35.27,
            "인구증감":12.19,
            "인구총점":28.346,
            "일자리":2.7,
            "소득수준":51.54,
            "일자리총점":17.352,
            "가치 총점":32.9932,
            "매매실거래년":20220112.0,
            "매매실거래가":85000.0,
            "전세실거래년":20210827.0,
            "전세실거래가":23100.0,
            "전세가율":56.34,
            "장기전세가율평균":71.04,
            "전세가율거품지수":14.7,
            "검색코드":27326,
            "세대수":545.0,
            "준공년월":"2010-03-29",
            "준공년차":13.0,
            "가까운역이름":"대화",
            "가까운역거리":2416.51,
            "역세권여부":"비역세권",
            "30분이내주요거점역":1,
            "1시간이내주요거점역":1,
            "3km이내백화점수":0,
            "5km이내아울렛몰수":1,
            "1km이내대형먀트수":0,
            "500m이내은행수":1,
            "500m이내병원수":5,
            "5km이내대형병원수":1,
            "500m이내공원수":1,
            "3km이내혐오시설수":0,
            "초등학교학업성취도":90.2,
            "중학교학업성취도":78.9,
            "용적률":199,
            "건폐율":17,
            "Y":37.683972,
            "X":126.721981,
            "rank":133.0,
            "area_info":"26평(87.78), 26평(87.9), 37평(125.28), 49평(164.08), 49평(164.01), 57평(191.58)",
            "last_sales":"2022-01-12,85000.0,57평(191.58)"
        },
        {
            "index":2,
            "아파트명":"가좌2단지대우푸르지오",
            "투자타입":"일반",
            "전용면적(m2)":"92.72",
            "전용면적(평)":"28평",
            "법정동주소":"경기도 고양시 일산서구 가좌동 1089",
            "도로명주소":"경기도 고양시 일산서구 가좌3로 45",
            "세대수":90,
            "입주년차":40,
            "용적률점수":"--",
            "건폐율점수":"--",
            "세대당주차수":30,
            "난방방식":30,
            "공급면적":"--",
            "전용률":"--",
            "욕실수":100,
            "현관타입":100,
            "주거총점":67.0,
            "지역구공급총점":100.0,
            "역세권":0,
            "30분내 이동가능 거점":20,
            "1시간내 이동가능 거점":10,
            "교통총점":8.0,
            "백화점":0,
            "아울렛몰":80,
            "대형마트":0,
            "은행":0,
            "병원":10,
            "종합병원":80,
            "공원":80,
            "혐오시설":0,
            "인프라총점":27.4,
            "초등학군":90.2,
            "중학군":48.06,
            "학군총점":56.488,
            "인구수":35.27,
            "인구증감":12.19,
            "인구총점":28.346,
            "일자리":2.7,
            "소득수준":51.54,
            "일자리총점":17.352,
            "가치 총점":32.8932,
            "매매실거래년":20211217.0,
            "매매실거래가":38000.0,
            "전세실거래년":20210902.0,
            "전세실거래가":33000.0,
            "전세가율":86.84,
            "장기전세가율평균":71.04,
            "전세가율거품지수":-15.8,
            "검색코드":11829,
            "세대수":1210.0,
            "준공년월":"2005-07-26",
            "준공년차":18.0,
            "가까운역이름":"대화",
            "가까운역거리":2933.9,
            "역세권여부":"비역세권",
            "30분이내주요거점역":1,
            "1시간이내주요거점역":1,
            "3km이내백화점수":0,
            "5km이내아울렛몰수":1,
            "1km이내대형먀트수":0,
            "500m이내은행수":0,
            "500m이내병원수":4,
            "5km이내대형병원수":1,
            "500m이내공원수":1,
            "3km이내혐오시설수":0,
            "초등학교학업성취도":90.2,
            "중학교학업성취도":78.9,
            "용적률":199,
            "건폐율":13,
            "Y":37.686975,
            "X":126.717201,
            "rank":134.0,
            "area_info":"28평(92.72), 32평(106.27), 32평(107.5), 44평(145.46), 51평(170.07)",
            "last_sales":"2021-12-17,38000.0,28평(92.72)"
        },
        {
            "index":7,
            "아파트명":"가좌3단지청원벽산블루밍",
            "투자타입":"일반",
            "전용면적(m2)":"96.73",
            "전용면적(평)":"29평",
            "법정동주소":"경기도 고양시 일산서구 가좌동 1088",
            "도로명주소":"경기도 고양시 일산서구 가좌2로 53",
            "세대수":80,
            "입주년차":20,
            "용적률점수":"--",
            "건폐율점수":"--",
            "세대당주차수":60,
            "난방방식":30,
            "공급면적":"--",
            "전용률":"--",
            "욕실수":100,
            "현관타입":100,
            "주거총점":64.0,
            "지역구공급총점":100.0,
            "역세권":0,
            "30분내 이동가능 거점":20,
            "1시간내 이동가능 거점":10,
            "교통총점":8.0,
            "백화점":0,
            "아울렛몰":80,
            "대형마트":0,
            "은행":0,
            "병원":30,
            "종합병원":80,
            "공원":80,
            "혐오시설":0,
            "인프라총점":29.4,
            "초등학군":89.05,
            "중학군":48.06,
            "학군총점":56.258,
            "인구수":35.27,
            "인구증감":12.19,
            "인구총점":28.346,
            "일자리":2.7,
            "소득수준":51.54,
            "일자리총점":17.352,
            "가치 총점":32.8587,
            "매매실거래년":20211201.0,
            "매매실거래가":62500.0,
            "전세실거래년":20211123.0,
            "전세실거래가":34000.0,
            "전세가율":86.73,
            "장기전세가율평균":71.04,
            "전세가율거품지수":-15.69,
            "검색코드":9763,
            "세대수":782.0,
            "준공년월":"2002-10-14",
            "준공년차":21.0,
            "가까운역이름":"대화",
            "가까운역거리":2927.27,
            "역세권여부":"비역세권",
            "30분이내주요거점역":1,
            "1시간이내주요거점역":1,
            "3km이내백화점수":0,
            "5km이내아울렛몰수":1,
            "1km이내대형먀트수":0,
            "500m이내은행수":0,
            "500m이내병원수":5,
            "5km이내대형병원수":1,
            "500m이내공원수":1,
            "3km이내혐오시설수":0,
            "초등학교학업성취도":89.05,
            "중학교학업성취도":78.9,
            "용적률":169,
            "건폐율":12,
            "Y":37.689489,
            "X":126.718938,
            "rank":135.0,
            "area_info":"29평(96.73), 33평(110.83), 34평(112.64), 43평(142.82), 48평(161.47), 57평(190.48)",
            "last_sales":"2021-12-01,62500.0,57평(190.48)"
        },
        {
            "index":13,
            "아파트명":"가좌5단지벽산블루밍",
            "투자타입":"일반",
            "전용면적(m2)":"83.4",
            "전용면적(평)":"25평",
            "법정동주소":"경기도 고양시 일산서구 가좌동 1087",
            "도로명주소":"경기도 고양시 일산서구 가좌1로 10",
            "세대수":90,
            "입주년차":40,
            "용적률점수":"--",
            "건폐율점수":"--",
            "세대당주차수":30,
            "난방방식":30,
            "공급면적":"--",
            "전용률":"--",
            "욕실수":100,
            "현관타입":100,
            "주거총점":67.0,
            "지역구공급총점":100.0,
            "역세권":0,
            "30분내 이동가능 거점":20,
            "1시간내 이동가능 거점":10,
            "교통총점":8.0,
            "백화점":0,
            "아울렛몰":80,
            "대형마트":0,
            "은행":0,
            "병원":30,
            "종합병원":80,
            "공원":0,
            "혐오시설":0,
            "인프라총점":27.0,
            "초등학군":89.05,
            "중학군":48.06,
            "학군총점":56.258,
            "인구수":35.27,
            "인구증감":12.19,
            "인구총점":28.346,
            "일자리":2.7,
            "소득수준":51.54,
            "일자리총점":17.352,
            "가치 총점":32.7387,
            "매매실거래년":20211105.0,
            "매매실거래가":53500.0,
            "전세실거래년":20211227.0,
            "전세실거래가":31000.0,
            "전세가율":88.57,
            "장기전세가율평균":71.04,
            "전세가율거품지수":-17.53,
            "검색코드":13337,
            "세대수":951.0,
            "준공년월":"2005-09-22",
            "준공년차":18.0,
            "가까운역이름":"대화",
            "가까운역거리":2905.39,
            "역세권여부":"비역세권",
            "30분이내주요거점역":1,
            "1시간이내주요거점역":1,
            "3km이내백화점수":0,
            "5km이내아울렛몰수":1,
            "1km이내대형먀트수":0,
            "500m이내은행수":0,
            "500m이내병원수":5,
            "5km이내대형병원수":1,
            "500m이내공원수":0,
            "3km이내혐오시설수":0,
            "초등학교학업성취도":89.05,
            "중학교학업성취도":78.9,
            "용적률":199,
            "건폐율":14,
            "Y":37.690829,
            "X":126.72031,
            "rank":136.0,
            "area_info":"25평(83.4), 33평(111.86), 39평(131.27), 46평(155.23)",
            "last_sales":"2021-11-05,53500.0,39평(131.27)"
        },
        {
            "index":290,
            "아파트명":"풍원",
            "투자타입":"일반",
            "전용면적(m2)":"76.83",
            "전용면적(평)":"23평",
            "법정동주소":"경기도 고양시 일산서구 일산동 2084",
            "도로명주소":"경기도 고양시 일산서구 일청로91번길 66",
            "세대수":0,
            "입주년차":0,
            "용적률점수":"--",
            "건폐율점수":"--",
            "세대당주차수":30,
            "난방방식":30,
            "공급면적":"--",
            "전용률":"--",
            "욕실수":50,
            "현관타입":100,
            "주거총점":22.5,
            "지역구공급총점":100.0,
            "역세권":50,
            "30분내 이동가능 거점":20,
            "1시간내 이동가능 거점":20,
            "교통총점":35.0,
            "백화점":0,
            "아울렛몰":0,
            "대형마트":0,
            "은행":0,
            "병원":30,
            "종합병원":100,
            "공원":100,
            "혐오시설":0,
            "인프라총점":26.0,
            "초등학군":88.54,
            "중학군":42.64,
            "학군총점":51.82,
            "인구수":35.27,
            "인구증감":12.19,
            "인구총점":28.346,
            "일자리":2.7,
            "소득수준":51.54,
            "일자리총점":17.352,
            "가치 총점":32.323,
            "매매실거래년":20210819.0,
            "매매실거래가":30000.0,
            "전세실거래년":null,
            "전세실거래가":null,
            "전세가율":null,
            "장기전세가율평균":71.04,
            "전세가율거품지수":null,
            "검색코드":1506,
            "세대수":102.0,
            "준공년월":"1996-05-25",
            "준공년차":27.0,
            "가까운역이름":"탄현",
            "가까운역거리":936.84,
            "역세권여부":"준역세권",
            "30분이내주요거점역":1,
            "1시간이내주요거점역":2,
            "3km이내백화점수":0,
            "5km이내아울렛몰수":0,
            "1km이내대형먀트수":0,
            "500m이내은행수":0,
            "500m이내병원수":8,
            "5km이내대형병원수":4,
            "500m이내공원수":2,
            "3km이내혐오시설수":0,
            "초등학교학업성취도":88.54,
            "중학교학업성취도":70.0,
            "용적률":310,
            "건폐율":25,
            "Y":37.69139,
            "X":126.7712,
            "rank":137.0,
            "area_info":"23평(76.83), 23평(77.24), 29평(98.75)",
            "last_sales":"2021-08-19,30000.0,29평(98.75)"
        },
        {
            "index":124,
            "아파트명":"하이파크시티일산아이파크1단지",
            "투자타입":"일반",
            "전용면적(m2)":"111.6",
            "전용면적(평)":"33평",
            "법정동주소":"경기도 고양시 일산서구 덕이동 1524",
            "도로명주소":"경기도 고양시 일산서구 하이파크로 113",
            "세대수":50,
            "입주년차":60,
            "용적률점수":"--",
            "건폐율점수":"--",
            "세대당주차수":60,
            "난방방식":100,
            "공급면적":"--",
            "전용률":"--",
            "욕실수":100,
            "현관타입":100,
            "주거총점":68.5,
            "지역구공급총점":100.0,
            "역세권":0,
            "30분내 이동가능 거점":20,
            "1시간내 이동가능 거점":20,
            "교통총점":10.0,
            "백화점":0,
            "아울렛몰":0,
            "대형마트":0,
            "은행":0,
            "병원":0,
            "종합병원":80,
            "공원":100,
            "혐오시설":0,
            "인프라총점":19.0,
            "초등학군":97.51,
            "중학군":52.2,
            "학군총점":61.262,
            "인구수":35.27,
            "인구증감":12.19,
            "인구총점":28.346,
            "일자리":2.7,
            "소득수준":51.54,
            "일자리총점":17.352,
            "가치 총점":32.0893,
            "매매실거래년":20210907.0,
            "매매실거래가":86000.0,
            "전세실거래년":20211022.0,
            "전세실거래가":13650.0,
            "전세가율":22.38,
            "장기전세가율평균":71.04,
            "전세가율거품지수":48.66,
            "검색코드":27516,
            "세대수":693.0,
            "준공년월":"2011-01-14",
            "준공년차":12.0,
            "가까운역이름":"야당",
            "가까운역거리":1098.33,
            "역세권여부":"비역세권",
            "30분이내주요거점역":1,
            "1시간이내주요거점역":2,
            "3km이내백화점수":0,
            "5km이내아울렛몰수":0,
            "1km이내대형먀트수":0,
            "500m이내은행수":0,
            "500m이내병원수":0,
            "5km이내대형병원수":1,
            "500m이내공원수":2,
            "3km이내혐오시설수":0,
            "초등학교학업성취도":97.51,
            "중학교학업성취도":85.2,
            "용적률":238,
            "건폐율":17,
            "Y":37.704335,
            "X":126.754019,
            "rank":138.0,
            "area_info":"33평(111.6), 34평(112.49), 33평(112.27), 45평(149.22), 45평(151.25), 46평(152.51), 46평(152.1), 47평(156.2), 53평(176.4), 62평(207.87)",
            "last_sales":"2021-09-07,86000.0,47평(156.2)"
        },
        {
            "index":182,
            "아파트명":"미주7차",
            "투자타입":"재건축",
            "전용면적(m2)":"98.94",
            "전용면적(평)":"29평",
            "법정동주소":"경기도 고양시 일산서구 일산동 1978",
            "도로명주소":"경기도 고양시 일산서구 일청로65번길 28",
            "세대수":0,
            "입주년차":"--",
            "용적률점수":0,
            "건폐율점수":40,
            "세대당주차수":"--",
            "난방방식":"--",
            "공급면적":70,
            "전용률":60,
            "욕실수":"--",
            "현관타입":"--",
            "주거총점":14.5,
            "지역구공급총점":100.0,
            "역세권":50,
            "30분내 이동가능 거점":20,
            "1시간내 이동가능 거점":20,
            "교통총점":35.0,
            "백화점":0,
            "아울렛몰":0,
            "대형마트":0,
            "은행":0,
            "병원":60,
            "종합병원":100,
            "공원":100,
            "혐오시설":0,
            "인프라총점":29.0,
            "초등학군":88.54,
            "중학군":42.64,
            "학군총점":51.82,
            "인구수":35.27,
            "인구증감":12.19,
            "인구총점":28.346,
            "일자리":2.7,
            "소득수준":51.54,
            "일자리총점":17.352,
            "가치 총점":31.623,
            "매매실거래년":20211202.0,
            "매매실거래가":20800.0,
            "전세실거래년":20210901.0,
            "전세실거래가":20000.0,
            "전세가율":96.15,
            "장기전세가율평균":71.04,
            "전세가율거품지수":-25.11,
            "검색코드":1511,
            "세대수":165.0,
            "준공년월":"1990-11-26",
            "준공년차":33.0,
            "가까운역이름":"일산",
            "가까운역거리":940.05,
            "역세권여부":"준역세권",
            "30분이내주요거점역":1,
            "1시간이내주요거점역":2,
            "3km이내백화점수":0,
            "5km이내아울렛몰수":0,
            "1km이내대형먀트수":0,
            "500m이내은행수":0,
            "500m이내병원수":15,
            "5km이내대형병원수":4,
            "500m이내공원수":2,
            "3km이내혐오시설수":0,
            "초등학교학업성취도":88.54,
            "중학교학업성취도":70.0,
            "용적률":221,
            "건폐율":39,
            "Y":37.69028,
            "X":126.77243,
            "rank":139.0,
            "area_info":"29평(98.94), 34평(113.73), 36평(120.52)",
            "last_sales":"2021-12-02,20800.0,29평(98.94)"
        },
        {
            "index":256,
            "아파트명":"일산푸르지오",
            "투자타입":"일반",
            "전용면적(m2)":"66.73",
            "전용면적(평)":"20평",
            "법정동주소":"경기도 고양시 일산서구 일산동 1945-1",
            "도로명주소":"경기도 고양시 일산서구 일청로 75",
            "세대수":50,
            "입주년차":60,
            "용적률점수":"--",
            "건폐율점수":"--",
            "세대당주차수":30,
            "난방방식":100,
            "공급면적":"--",
            "전용률":"--",
            "욕실수":50,
            "현관타입":100,
            "주거총점":59.0,
            "지역구공급총점":100.0,
            "역세권":0,
            "30분내 이동가능 거점":20,
            "1시간내 이동가능 거점":20,
            "교통총점":10.0,
            "백화점":0,
            "아울렛몰":0,
            "대형마트":0,
            "은행":0,
            "병원":30,
            "종합병원":100,
            "공원":100,
            "혐오시설":0,
            "인프라총점":26.0,
            "초등학군":88.54,
            "중학군":42.64,
            "학군총점":51.82,
            "인구수":35.27,
            "인구증감":12.19,
            "인구총점":28.346,
            "일자리":2.7,
            "소득수준":51.54,
            "일자리총점":17.352,
            "가치 총점":30.873,
            "매매실거래년":20211013.0,
            "매매실거래가":65000.0,
            "전세실거래년":20180525.0,
            "전세실거래가":4000.0,
            "전세가율":12.12,
            "장기전세가율평균":71.04,
            "전세가율거품지수":58.92,
            "검색코드":106795,
            "세대수":589.0,
            "준공년월":"2013-08-06",
            "준공년차":10.0,
            "가까운역이름":"일산",
            "가까운역거리":1015.08,
            "역세권여부":"비역세권",
            "30분이내주요거점역":1,
            "1시간이내주요거점역":2,
            "3km이내백화점수":0,
            "5km이내아울렛몰수":0,
            "1km이내대형먀트수":0,
            "500m이내은행수":0,
            "500m이내병원수":9,
            "5km이내대형병원수":4,
            "500m이내공원수":2,
            "3km이내혐오시설수":0,
            "초등학교학업성취도":88.54,
            "중학교학업성취도":70.0,
            "용적률":249,
            "건폐율":23,
            "Y":37.69078,
            "X":126.773328,
            "rank":140.0,
            "area_info":"20평(66.73), 23평(76.8), 23평(78.27), 31평(105.47), 32평(107.58), 32평(107.89), 32평(107.92), 32평(108.08), 39평(131.06), 43평(144.42), 43평(144.65), 43평(144.98), 44평(145.62)",
            "last_sales":"2021-10-13,65000.0,39평(131.06)"
        },
        {
            "index":0,
            "아파트명":"가좌1단지양우내안애",
            "투자타입":"일반",
            "전용면적(m2)":"82.83",
            "전용면적(평)":"25평",
            "법정동주소":"경기도 고양시 일산서구 가좌동 1090",
            "도로명주소":"경기도 고양시 일산서구 가좌4로 29",
            "세대수":50,
            "입주년차":40,
            "용적률점수":"--",
            "건폐율점수":"--",
            "세대당주차수":30,
            "난방방식":30,
            "공급면적":"--",
            "전용률":"--",
            "욕실수":100,
            "현관타입":100,
            "주거총점":53.0,
            "지역구공급총점":100.0,
            "역세권":0,
            "30분내 이동가능 거점":20,
            "1시간내 이동가능 거점":10,
            "교통총점":8.0,
            "백화점":0,
            "아울렛몰":80,
            "대형마트":0,
            "은행":0,
            "병원":30,
            "종합병원":80,
            "공원":80,
            "혐오시설":0,
            "인프라총점":29.4,
            "초등학군":90.2,
            "중학군":48.06,
            "학군총점":56.488,
            "인구수":35.27,
            "인구증감":12.19,
            "인구총점":28.346,
            "일자리":2.7,
            "소득수준":51.54,
            "일자리총점":17.352,
            "가치 총점":30.6932,
            "매매실거래년":20211228.0,
            "매매실거래가":41250.0,
            "전세실거래년":20211210.0,
            "전세실거래가":27000.0,
            "전세가율":87.95,
            "장기전세가율평균":71.04,
            "전세가율거품지수":-16.91,
            "검색코드":9690,
            "세대수":459.0,
            "준공년월":"2005-10-26",
            "준공년차":18.0,
            "가까운역이름":"대화",
            "가까운역거리":2858.29,
            "역세권여부":"비역세권",
            "30분이내주요거점역":1,
            "1시간이내주요거점역":1,
            "3km이내백화점수":0,
            "5km이내아울렛몰수":1,
            "1km이내대형먀트수":0,
            "500m이내은행수":1,
            "500m이내병원수":5,
            "5km이내대형병원수":1,
            "500m이내공원수":1,
            "3km이내혐오시설수":0,
            "초등학교학업성취도":90.2,
            "중학교학업성취도":78.9,
            "용적률":198,
            "건폐율":14,
            "Y":37.684919,
            "X":126.717067,
            "rank":141.0,
            "area_info":"25평(82.83), 32평(105.88)",
            "last_sales":"2021-12-28,41250.0,32평(105.88)"
        },
        {
            "index":116,
            "아파트명":"덕이동문굿모닝힐3차",
            "투자타입":"일반",
            "전용면적(m2)":"101.5",
            "전용면적(평)":"30평",
            "법정동주소":"경기도 고양시 일산서구 덕이동 676-1",
            "도로명주소":"경기도 고양시 일산서구 장자길118번길 27",
            "세대수":0,
            "입주년차":20,
            "용적률점수":"--",
            "건폐율점수":"--",
            "세대당주차수":30,
            "난방방식":30,
            "공급면적":"--",
            "전용률":"--",
            "욕실수":100,
            "현관타입":100,
            "주거총점":31.5,
            "지역구공급총점":100.0,
            "역세권":0,
            "30분내 이동가능 거점":20,
            "1시간내 이동가능 거점":10,
            "교통총점":8.0,
            "백화점":0,
            "아울렛몰":80,
            "대형마트":80,
            "은행":0,
            "병원":0,
            "종합병원":80,
            "공원":0,
            "혐오시설":0,
            "인프라총점":36.0,
            "초등학군":88.41,
            "중학군":52.2,
            "학군총점":59.442,
            "인구수":35.27,
            "인구증감":12.19,
            "인구총점":28.346,
            "일자리":2.7,
            "소득수준":51.54,
            "일자리총점":17.352,
            "가치 총점":28.8163,
            "매매실거래년":20211102.0,
            "매매실거래가":39000.0,
            "전세실거래년":20220109.0,
            "전세실거래가":27000.0,
            "전세가율":69.23,
            "장기전세가율평균":71.04,
            "전세가율거품지수":1.81,
            "검색코드":9822,
            "세대수":270.0,
            "준공년월":"2003-11-25",
            "준공년차":20.0,
            "가까운역이름":"탄현",
            "가까운역거리":1919.16,
            "역세권여부":"비역세권",
            "30분이내주요거점역":1,
            "1시간이내주요거점역":1,
            "3km이내백화점수":0,
            "5km이내아울렛몰수":1,
            "1km이내대형먀트수":1,
            "500m이내은행수":0,
            "500m이내병원수":1,
            "5km이내대형병원수":1,
            "500m이내공원수":0,
            "3km이내혐오시설수":0,
            "초등학교학업성취도":88.41,
            "중학교학업성취도":85.2,
            "용적률":99,
            "건폐율":8,
            "Y":37.702951,
            "X":126.742418,
            "rank":142.0,
            "area_info":"30평(101.5)",
            "last_sales":"2021-11-02,39000.0,30평(101.5)"
        },
        {
            "index":198,
            "아파트명":"삼성",
            "투자타입":"일반",
            "전용면적(m2)":"82.51",
            "전용면적(평)":"24평",
            "법정동주소":"경기도 고양시 일산서구 일산동 1876",
            "도로명주소":"경기도 고양시 일산서구 고봉로 351-17",
            "세대수":30,
            "입주년차":20,
            "용적률점수":"--",
            "건폐율점수":"--",
            "세대당주차수":60,
            "난방방식":100,
            "공급면적":"--",
            "전용률":"--",
            "욕실수":50,
            "현관타입":100,
            "주거총점":48.5,
            "지역구공급총점":100.0,
            "역세권":0,
            "30분내 이동가능 거점":0,
            "1시간내 이동가능 거점":20,
            "교통총점":4.0,
            "백화점":0,
            "아울렛몰":0,
            "대형마트":0,
            "은행":20,
            "병원":30,
            "종합병원":100,
            "공원":100,
            "혐오시설":0,
            "인프라총점":28.0,
            "초등학군":88.54,
            "중학군":42.64,
            "학군총점":51.82,
            "인구수":35.27,
            "인구증감":12.19,
            "인구총점":28.346,
            "일자리":2.7,
            "소득수준":51.54,
            "일자리총점":17.352,
            "가치 총점":27.273,
            "매매실거래년":20211026.0,
            "매매실거래가":29000.0,
            "전세실거래년":20211210.0,
            "전세실거래가":13000.0,
            "전세가율":44.83,
            "장기전세가율평균":71.04,
            "전세가율거품지수":26.21,
            "검색코드":8645,
            "세대수":378.0,
            "준공년월":"2000-11-03",
            "준공년차":23.0,
            "가까운역이름":"일산",
            "가까운역거리":1050.32,
            "역세권여부":"비역세권",
            "30분이내주요거점역":0,
            "1시간이내주요거점역":2,
            "3km이내백화점수":0,
            "5km이내아울렛몰수":0,
            "1km이내대형먀트수":0,
            "500m이내은행수":2,
            "500m이내병원수":5,
            "5km이내대형병원수":4,
            "500m이내공원수":4,
            "3km이내혐오시설수":0,
            "초등학교학업성취도":88.54,
            "중학교학업성취도":70.0,
            "용적률":322,
            "건폐율":24,
            "Y":37.690265,
            "X":126.775797,
            "rank":143.0,
            "area_info":"24평(82.51), 33평(109.17), 47평(155.46), 50평(166.37), 60평(200.98)",
            "last_sales":"2021-10-26,29000.0,24평(82.51)"
        },
        {
            "index":119,
            "아파트명":"중앙하이츠빌",
            "투자타입":"일반",
            "전용면적(m2)":"110.8",
            "전용면적(평)":"33평",
            "법정동주소":"경기도 고양시 일산서구 덕이동 1076",
            "도로명주소":"경기도 고양시 일산서구 덕이로 238",
            "세대수":0,
            "입주년차":20,
            "용적률점수":"--",
            "건폐율점수":"--",
            "세대당주차수":60,
            "난방방식":30,
            "공급면적":"--",
            "전용률":"--",
            "욕실수":100,
            "현관타입":100,
            "주거총점":36.0,
            "지역구공급총점":100.0,
            "역세권":0,
            "30분내 이동가능 거점":20,
            "1시간내 이동가능 거점":10,
            "교통총점":8.0,
            "백화점":0,
            "아울렛몰":80,
            "대형마트":0,
            "은행":0,
            "병원":0,
            "종합병원":80,
            "공원":0,
            "혐오시설":0,
            "인프라총점":24.0,
            "초등학군":88.41,
            "중학군":52.2,
            "학군총점":59.442,
            "인구수":35.27,
            "인구증감":12.19,
            "인구총점":28.346,
            "일자리":2.7,
            "소득수준":51.54,
            "일자리총점":17.352,
            "가치 총점":26.1163,
            "매매실거래년":20211224.0,
            "매매실거래가":38500.0,
            "전세실거래년":20211120.0,
            "전세실거래가":29000.0,
            "전세가율":75.32,
            "장기전세가율평균":71.04,
            "전세가율거품지수":-4.28,
            "검색코드":8630,
            "세대수":236.0,
            "준공년월":"2001-10-31",
            "준공년차":22.0,
            "가까운역이름":"탄현",
            "가까운역거리":2129.04,
            "역세권여부":"비역세권",
            "30분이내주요거점역":1,
            "1시간이내주요거점역":1,
            "3km이내백화점수":0,
            "5km이내아울렛몰수":1,
            "1km이내대형먀트수":0,
            "500m이내은행수":0,
            "500m이내병원수":0,
            "5km이내대형병원수":1,
            "500m이내공원수":0,
            "3km이내혐오시설수":0,
            "초등학교학업성취도":88.41,
            "중학교학업성취도":85.2,
            "용적률":99,
            "건폐율":8,
            "Y":37.699433,
            "X":126.737874,
            "rank":144.0,
            "area_info":"33평(110.8), 46평(155.27)",
            "last_sales":"2021-12-24,38500.0,33평(110.8)"
        },
        {
            "index":114,
            "아파트명":"덕이동문2차",
            "투자타입":"일반",
            "전용면적(m2)":"90.88",
            "전용면적(평)":"27평",
            "법정동주소":"경기도 고양시 일산서구 덕이동 1037",
            "도로명주소":"경기도 고양시 일산서구 덕산로 282",
            "세대수":0,
            "입주년차":20,
            "용적률점수":"--",
            "건폐율점수":"--",
            "세대당주차수":30,
            "난방방식":30,
            "공급면적":"--",
            "전용률":"--",
            "욕실수":100,
            "현관타입":100,
            "주거총점":31.5,
            "지역구공급총점":100.0,
            "역세권":0,
            "30분내 이동가능 거점":20,
            "1시간내 이동가능 거점":10,
            "교통총점":8.0,
            "백화점":0,
            "아울렛몰":80,
            "대형마트":0,
            "은행":0,
            "병원":0,
            "종합병원":80,
            "공원":0,
            "혐오시설":0,
            "인프라총점":24.0,
            "초등학군":88.31,
            "중학군":48.06,
            "학군총점":56.11,
            "인구수":35.27,
            "인구증감":12.19,
            "인구총점":28.346,
            "일자리":2.7,
            "소득수준":51.54,
            "일자리총점":17.352,
            "가치 총점":24.7165,
            "매매실거래년":20211110.0,
            "매매실거래가":35000.0,
            "전세실거래년":20200728.0,
            "전세실거래가":17500.0,
            "전세가율":57.38,
            "장기전세가율평균":71.04,
            "전세가율거품지수":13.66,
            "검색코드":10669,
            "세대수":288.0,
            "준공년월":"2002-09-25",
            "준공년차":21.0,
            "가까운역이름":"탄현",
            "가까운역거리":2398.84,
            "역세권여부":"비역세권",
            "30분이내주요거점역":1,
            "1시간이내주요거점역":1,
            "3km이내백화점수":0,
            "5km이내아울렛몰수":1,
            "1km이내대형먀트수":0,
            "500m이내은행수":0,
            "500m이내병원수":0,
            "5km이내대형병원수":1,
            "500m이내공원수":0,
            "3km이내혐오시설수":0,
            "초등학교학업성취도":88.31,
            "중학교학업성취도":78.9,
            "용적률":98,
            "건폐율":8,
            "Y":37.694921,
            "X":126.733846,
            "rank":145.0,
            "area_info":"27평(90.88), 31평(103.83)",
            "last_sales":"2021-11-10,35000.0,31평(103.83)"
        },
        {
            "index":112,
            "아파트명":"덕이동문1차",
            "투자타입":"일반",
            "전용면적(m2)":"96.86",
            "전용면적(평)":"29평",
            "법정동주소":"경기도 고양시 일산서구 덕이동 1106",
            "도로명주소":"경기도 고양시 일산서구 덕이로 281-9",
            "세대수":0,
            "입주년차":20,
            "용적률점수":"--",
            "건폐율점수":"--",
            "세대당주차수":0,
            "난방방식":30,
            "공급면적":"--",
            "전용률":"--",
            "욕실수":100,
            "현관타입":100,
            "주거총점":27.0,
            "지역구공급총점":100.0,
            "역세권":0,
            "30분내 이동가능 거점":20,
            "1시간내 이동가능 거점":10,
            "교통총점":8.0,
            "백화점":0,
            "아울렛몰":80,
            "대형마트":0,
            "은행":0,
            "병원":0,
            "종합병원":80,
            "공원":0,
            "혐오시설":0,
            "인프라총점":24.0,
            "초등학군":100.0,
            "중학군":48.06,
            "학군총점":58.448,
            "인구수":35.27,
            "인구증감":12.19,
            "인구총점":28.346,
            "일자리":2.7,
            "소득수준":51.54,
            "일자리총점":17.352,
            "가치 총점":24.1672,
            "매매실거래년":20211104.0,
            "매매실거래가":33000.0,
            "전세실거래년":20210609.0,
            "전세실거래가":23000.0,
            "전세가율":82.14,
            "장기전세가율평균":71.04,
            "전세가율거품지수":-11.1,
            "검색코드":10445,
            "세대수":296.0,
            "준공년월":"2001-10-13",
            "준공년차":22.0,
            "가까운역이름":"탄현",
            "가까운역거리":2767.37,
            "역세권여부":"비역세권",
            "30분이내주요거점역":1,
            "1시간이내주요거점역":1,
            "3km이내백화점수":0,
            "5km이내아울렛몰수":1,
            "1km이내대형먀트수":0,
            "500m이내은행수":0,
            "500m이내병원수":0,
            "5km이내대형병원수":1,
            "500m이내공원수":0,
            "3km이내혐오시설수":0,
            "초등학교학업성취도":100.0,
            "중학교학업성취도":78.9,
            "용적률":0,
            "건폐율":0,
            "Y":37.701433,
            "X":126.731059,
            "rank":146.0,
            "area_info":"29평(96.86), 33평(109.8)",
            "last_sales":"2021-11-04,33000.0,33평(109.8)"
        }
    ]
}