{
    "schema":{
        "fields":[
            {
                "name":"index",
                "type":"integer"
            },
            {
                "name":"아파트명",
                "type":"string"
            },
            {
                "name":"투자타입",
                "type":"string"
            },
            {
                "name":"전용면적(m2)",
                "type":"string"
            },
            {
                "name":"전용면적(평)",
                "type":"string"
            },
            {
                "name":"법정동주소",
                "type":"string"
            },
            {
                "name":"도로명주소",
                "type":"string"
            },
            {
                "name":"세대수",
                "type":"integer"
            },
            {
                "name":"입주년차",
                "type":"string"
            },
            {
                "name":"용적률점수",
                "type":"string"
            },
            {
                "name":"건폐율점수",
                "type":"string"
            },
            {
                "name":"세대당주차수",
                "type":"string"
            },
            {
                "name":"난방방식",
                "type":"string"
            },
            {
                "name":"공급면적",
                "type":"string"
            },
            {
                "name":"전용률",
                "type":"string"
            },
            {
                "name":"욕실수",
                "type":"string"
            },
            {
                "name":"현관타입",
                "type":"string"
            },
            {
                "name":"주거총점",
                "type":"number"
            },
            {
                "name":"지역구공급총점",
                "type":"number"
            },
            {
                "name":"역세권",
                "type":"integer"
            },
            {
                "name":"30분내 이동가능 거점",
                "type":"integer"
            },
            {
                "name":"1시간내 이동가능 거점",
                "type":"integer"
            },
            {
                "name":"교통총점",
                "type":"number"
            },
            {
                "name":"백화점",
                "type":"integer"
            },
            {
                "name":"아울렛몰",
                "type":"integer"
            },
            {
                "name":"대형마트",
                "type":"integer"
            },
            {
                "name":"은행",
                "type":"integer"
            },
            {
                "name":"병원",
                "type":"integer"
            },
            {
                "name":"종합병원",
                "type":"integer"
            },
            {
                "name":"공원",
                "type":"integer"
            },
            {
                "name":"혐오시설",
                "type":"integer"
            },
            {
                "name":"인프라총점",
                "type":"number"
            },
            {
                "name":"초등학군",
                "type":"number"
            },
            {
                "name":"중학군",
                "type":"number"
            },
            {
                "name":"학군총점",
                "type":"number"
            },
            {
                "name":"인구수",
                "type":"number"
            },
            {
                "name":"인구증감",
                "type":"number"
            },
            {
                "name":"인구총점",
                "type":"number"
            },
            {
                "name":"일자리",
                "type":"number"
            },
            {
                "name":"소득수준",
                "type":"number"
            },
            {
                "name":"일자리총점",
                "type":"number"
            },
            {
                "name":"가치 총점",
                "type":"number"
            },
            {
                "name":"매매실거래년",
                "type":"string"
            },
            {
                "name":"매매실거래가",
                "type":"number"
            },
            {
                "name":"전세실거래년",
                "type":"number"
            },
            {
                "name":"전세실거래가",
                "type":"number"
            },
            {
                "name":"전세가율",
                "type":"number"
            },
            {
                "name":"장기전세가율평균",
                "type":"number"
            },
            {
                "name":"전세가율거품지수",
                "type":"number"
            },
            {
                "name":"검색코드",
                "type":"integer"
            },
            {
                "name":"세대수",
                "type":"number"
            },
            {
                "name":"준공년월",
                "type":"string"
            },
            {
                "name":"준공년차",
                "type":"number"
            },
            {
                "name":"가까운역이름",
                "type":"string"
            },
            {
                "name":"가까운역거리",
                "type":"number"
            },
            {
                "name":"역세권여부",
                "type":"string"
            },
            {
                "name":"30분이내주요거점역",
                "type":"integer"
            },
            {
                "name":"1시간이내주요거점역",
                "type":"integer"
            },
            {
                "name":"3km이내백화점수",
                "type":"integer"
            },
            {
                "name":"5km이내아울렛몰수",
                "type":"integer"
            },
            {
                "name":"1km이내대형먀트수",
                "type":"integer"
            },
            {
                "name":"500m이내은행수",
                "type":"integer"
            },
            {
                "name":"500m이내병원수",
                "type":"integer"
            },
            {
                "name":"5km이내대형병원수",
                "type":"integer"
            },
            {
                "name":"500m이내공원수",
                "type":"integer"
            },
            {
                "name":"3km이내혐오시설수",
                "type":"integer"
            },
            {
                "name":"초등학교학업성취도",
                "type":"number"
            },
            {
                "name":"중학교학업성취도",
                "type":"number"
            },
            {
                "name":"용적률",
                "type":"integer"
            },
            {
                "name":"건폐율",
                "type":"integer"
            },
            {
                "name":"Y",
                "type":"number"
            },
            {
                "name":"X",
                "type":"number"
            },
            {
                "name":"rank",
                "type":"number"
            },
            {
                "name":"area_info",
                "type":"string"
            },
            {
                "name":"last_sales",
                "type":"string"
            }
        ],
        "primaryKey":[
            "index"
        ],
        "pandas_version":"1.4.0"
    },
    "data":[
        {
            "index":873,
            "아파트명":"풍무푸르지오",
            "투자타입":"일반",
            "전용면적(m2)":"82.59",
            "전용면적(평)":"24평",
            "법정동주소":"경기도 김포시 풍무동 김포풍무2지구도시개발사업25블록1로트",
            "도로명주소":"경기도 김포시 유현로 200",
            "세대수":100,
            "입주년차":80,
            "용적률점수":"--",
            "건폐율점수":"--",
            "세대당주차수":30,
            "난방방식":30,
            "공급면적":"--",
            "전용률":"--",
            "욕실수":100,
            "현관타입":100,
            "주거총점":78.5,
            "지역구공급총점":50.0,
            "역세권":0,
            "30분내 이동가능 거점":20,
            "1시간내 이동가능 거점":70,
            "교통총점":20.0,
            "백화점":0,
            "아울렛몰":80,
            "대형마트":80,
            "은행":0,
            "병원":60,
            "종합병원":80,
            "공원":100,
            "혐오시설":0,
            "인프라총점":45.0,
            "초등학군":87.18,
            "중학군":47.94,
            "학군총점":55.788,
            "인구수":50.28,
            "인구증감":43.56,
            "인구총점":48.264,
            "일자리":22.9,
            "소득수준":53.37,
            "일자리총점":32.041,
            "가치 총점":44.5682,
            "매매실거래년":20211118.0,
            "매매실거래가":95000.0,
            "전세실거래년":20211204.0,
            "전세실거래가":29400.0,
            "전세가율":44.89,
            "장기전세가율평균":67.15,
            "전세가율거품지수":22.26,
            "검색코드":107015,
            "세대수":2712.0,
            "준공년월":"2016-06-01",
            "준공년차":7.0,
            "가까운역이름":"계양",
            "가까운역거리":4116.18,
            "역세권여부":"비역세권",
            "30분이내주요거점역":1,
            "1시간이내주요거점역":7,
            "3km이내백화점수":0,
            "5km이내아울렛몰수":1,
            "1km이내대형먀트수":1,
            "500m이내은행수":0,
            "500m이내병원수":13,
            "5km이내대형병원수":1,
            "500m이내공원수":6,
            "3km이내혐오시설수":0,
            "초등학교학업성취도":87.18,
            "중학교학업성취도":77.9,
            "용적률":199,
            "건폐율":16,
            "Y":37.608414,
            "X":126.732856,
            "rank":1.0,
            "area_info":"24평(82.59), 25평(82.98), 25평(82.81), 29평(98.79), 29평(98.95), 34평(113.82), 34평(113.65), 34평(113.51), 34평(114.98), 34평(114.09), 34평(114.41), 42평(140.57), 43평(145.07), 43평(145.07)",
            "last_sales":"2021-11-18,95000.0,43평(145.07)"
        },
        {
            "index":809,
            "아파트명":"김포풍무센트럴푸르지오",
            "투자타입":"일반",
            "전용면적(m2)":"85.74",
            "전용면적(평)":"25평",
            "법정동주소":"경기도 김포시 풍무동 풍무2지구24블럭1로트",
            "도로명주소":"경기도 김포시 유현로 215",
            "세대수":100,
            "입주년차":80,
            "용적률점수":"--",
            "건폐율점수":"--",
            "세대당주차수":60,
            "난방방식":30,
            "공급면적":"--",
            "전용률":"--",
            "욕실수":100,
            "현관타입":100,
            "주거총점":83.0,
            "지역구공급총점":50.0,
            "역세권":0,
            "30분내 이동가능 거점":20,
            "1시간내 이동가능 거점":70,
            "교통총점":20.0,
            "백화점":0,
            "아울렛몰":0,
            "대형마트":80,
            "은행":0,
            "병원":60,
            "종합병원":80,
            "공원":100,
            "혐오시설":0,
            "인프라총점":37.0,
            "초등학군":82.39,
            "중학군":47.94,
            "학군총점":54.83,
            "인구수":50.28,
            "인구증감":43.56,
            "인구총점":48.264,
            "일자리":22.9,
            "소득수준":53.37,
            "일자리총점":32.041,
            "가치 총점":42.9245,
            "매매실거래년":20220102.0,
            "매매실거래가":71000.0,
            "전세실거래년":20220109.0,
            "전세실거래가":40000.0,
            "전세가율":63.59,
            "장기전세가율평균":67.15,
            "전세가율거품지수":3.56,
            "검색코드":111120,
            "세대수":2467.0,
            "준공년월":"2018-06-01",
            "준공년차":5.0,
            "가까운역이름":"계양",
            "가까운역거리":4365.71,
            "역세권여부":"비역세권",
            "30분이내주요거점역":1,
            "1시간이내주요거점역":7,
            "3km이내백화점수":0,
            "5km이내아울렛몰수":0,
            "1km이내대형먀트수":1,
            "500m이내은행수":0,
            "500m이내병원수":17,
            "5km이내대형병원수":1,
            "500m이내공원수":6,
            "3km이내혐오시설수":0,
            "초등학교학업성취도":82.39,
            "중학교학업성취도":77.9,
            "용적률":0,
            "건폐율":0,
            "Y":37.610218,
            "X":126.72771,
            "rank":2.0,
            "area_info":"25평(85.74), 25평(85.74), 25평(85.51), 29평(98.64), 29평(98.59), 34평(113.15), 34평(113.21), 34평(113.68), 34평(113.78), 39평(130.84), 43평(145.04)",
            "last_sales":"2022-01-02,71000.0,34평(113.68)"
        },
        {
            "index":175,
            "아파트명":"수기마을힐스테이트2단지",
            "투자타입":"일반",
            "전용면적(m2)":"115.17",
            "전용면적(평)":"34평",
            "법정동주소":"경기도 김포시 고촌읍 신곡리 1256",
            "도로명주소":"경기도 김포시 수기로 67-53",
            "세대수":90,
            "입주년차":40,
            "용적률점수":"--",
            "건폐율점수":"--",
            "세대당주차수":60,
            "난방방식":30,
            "공급면적":"--",
            "전용률":"--",
            "욕실수":100,
            "현관타입":100,
            "주거총점":71.5,
            "지역구공급총점":50.0,
            "역세권":0,
            "30분내 이동가능 거점":20,
            "1시간내 이동가능 거점":90,
            "교통총점":24.0,
            "백화점":0,
            "아울렛몰":100,
            "대형마트":0,
            "은행":0,
            "병원":60,
            "종합병원":80,
            "공원":100,
            "혐오시설":0,
            "인프라총점":35.0,
            "초등학군":87.38,
            "중학군":57.7,
            "학군총점":63.636,
            "인구수":50.28,
            "인구증감":43.56,
            "인구총점":48.264,
            "일자리":22.9,
            "소득수준":53.37,
            "일자리총점":32.041,
            "가치 총점":42.7454,
            "매매실거래년":20220108.0,
            "매매실거래가":90900.0,
            "전세실거래년":20220112.0,
            "전세실거래가":35700.0,
            "전세가율":49.04,
            "장기전세가율평균":67.15,
            "전세가율거품지수":18.11,
            "검색코드":24701,
            "세대수":1149.0,
            "준공년월":"2008-04-14",
            "준공년차":15.0,
            "가까운역이름":"개화",
            "가까운역거리":3341.62,
            "역세권여부":"비역세권",
            "30분이내주요거점역":1,
            "1시간이내주요거점역":9,
            "3km이내백화점수":0,
            "5km이내아울렛몰수":2,
            "1km이내대형먀트수":0,
            "500m이내은행수":1,
            "500m이내병원수":16,
            "5km이내대형병원수":1,
            "500m이내공원수":6,
            "3km이내혐오시설수":0,
            "초등학교학업성취도":87.38,
            "중학교학업성취도":92.7,
            "용적률":214,
            "건폐율":19,
            "Y":37.597904,
            "X":126.769079,
            "rank":3.0,
            "area_info":"34평(115.17), 34평(115.68), 34평(115.53), 39평(129.77), 39평(131.56), 39평(132.21), 49평(163.5), 49평(165.15), 49평(165.2), 49평(165.2), 58평(194.54), 58평(194.17)",
            "last_sales":"2022-01-08,90900.0,49평(165.2)"
        },
        {
            "index":52,
            "아파트명":"오스타파라곤1블록",
            "투자타입":"일반",
            "전용면적(m2)":"112.98",
            "전용면적(평)":"34평",
            "법정동주소":"경기도 김포시 걸포동 1558",
            "도로명주소":"경기도 김포시 걸포1로 11",
            "세대수":50,
            "입주년차":60,
            "용적률점수":"--",
            "건폐율점수":"--",
            "세대당주차수":60,
            "난방방식":100,
            "공급면적":"--",
            "전용률":"--",
            "욕실수":100,
            "현관타입":100,
            "주거총점":68.5,
            "지역구공급총점":50.0,
            "역세권":0,
            "30분내 이동가능 거점":0,
            "1시간내 이동가능 거점":80,
            "교통총점":16.0,
            "백화점":0,
            "아울렛몰":0,
            "대형마트":100,
            "은행":0,
            "병원":60,
            "종합병원":100,
            "공원":100,
            "혐오시설":0,
            "인프라총점":44.0,
            "초등학군":100.0,
            "중학군":49.64,
            "학군총점":59.712,
            "인구수":50.28,
            "인구증감":43.56,
            "인구총점":48.264,
            "일자리":22.9,
            "소득수준":53.37,
            "일자리총점":32.041,
            "가치 총점":41.4568,
            "매매실거래년":20181203.0,
            "매매실거래가":68000.0,
            "전세실거래년":null,
            "전세실거래가":null,
            "전세가율":null,
            "장기전세가율평균":67.15,
            "전세가율거품지수":null,
            "검색코드":26924,
            "세대수":606.0,
            "준공년월":"2010-12-30",
            "준공년차":13.0,
            "가까운역이름":"마전",
            "가까운역거리":5272.36,
            "역세권여부":"비역세권",
            "30분이내주요거점역":0,
            "1시간이내주요거점역":8,
            "3km이내백화점수":0,
            "5km이내아울렛몰수":0,
            "1km이내대형먀트수":3,
            "500m이내은행수":0,
            "500m이내병원수":10,
            "5km이내대형병원수":2,
            "500m이내공원수":5,
            "3km이내혐오시설수":0,
            "초등학교학업성취도":100.0,
            "중학교학업성취도":81.4,
            "용적률":220,
            "건폐율":19,
            "Y":37.634763,
            "X":126.704119,
            "rank":4.0,
            "area_info":"34평(112.98), 34평(112.97), 34평(113.36), 34평(114.31), 34평(114.39), 39평(131.17), 46평(152.36), 51평(168.98), 51평(168.97), 51평(169.24), 53평(175.79), 60평(201.18), 64평(214.15)",
            "last_sales":"2018-12-03,68000.0,64평(214.15)"
        },
        {
            "index":65,
            "아파트명":"오스타파라곤2블록",
            "투자타입":"일반",
            "전용면적(m2)":"112.84",
            "전용면적(평)":"34평",
            "법정동주소":"경기도 김포시 걸포동 1561",
            "도로명주소":"경기도 김포시 걸포1로 10",
            "세대수":50,
            "입주년차":60,
            "용적률점수":"--",
            "건폐율점수":"--",
            "세대당주차수":60,
            "난방방식":100,
            "공급면적":"--",
            "전용률":"--",
            "욕실수":100,
            "현관타입":100,
            "주거총점":68.5,
            "지역구공급총점":50.0,
            "역세권":0,
            "30분내 이동가능 거점":20,
            "1시간내 이동가능 거점":60,
            "교통총점":18.0,
            "백화점":0,
            "아울렛몰":0,
            "대형마트":100,
            "은행":0,
            "병원":60,
            "종합병원":100,
            "공원":100,
            "혐오시설":0,
            "인프라총점":44.0,
            "초등학군":86.03,
            "중학군":43.9,
            "학군총점":52.326,
            "인구수":50.28,
            "인구증감":43.56,
            "인구총점":48.264,
            "일자리":22.9,
            "소득수준":53.37,
            "일자리총점":32.041,
            "가치 총점":41.0489,
            "매매실거래년":20160705.0,
            "매매실거래가":85000.0,
            "전세실거래년":null,
            "전세실거래가":null,
            "전세가율":null,
            "장기전세가율평균":67.15,
            "전세가율거품지수":null,
            "검색코드":26801,
            "세대수":590.0,
            "준공년월":"2010-12-30",
            "준공년차":13.0,
            "가까운역이름":"마전",
            "가까운역거리":5221.23,
            "역세권여부":"비역세권",
            "30분이내주요거점역":1,
            "1시간이내주요거점역":6,
            "3km이내백화점수":0,
            "5km이내아울렛몰수":0,
            "1km이내대형먀트수":3,
            "500m이내은행수":0,
            "500m이내병원수":13,
            "5km이내대형병원수":2,
            "500m이내공원수":5,
            "3km이내혐오시설수":0,
            "초등학교학업성취도":86.03,
            "중학교학업성취도":72.5,
            "용적률":223,
            "건폐율":19,
            "Y":37.633149,
            "X":126.705676,
            "rank":5.0,
            "area_info":"34평(112.84), 34평(112.83), 34평(113.22), 44평(148.3), 45평(150.56), 45평(150.34), 51평(170.08), 51평(170.1), 59평(195.81), 59평(195.9), 64평(213.82)",
            "last_sales":"2016-07-05,85000.0,64평(213.82)"
        },
        {
            "index":414,
            "아파트명":"풍년2단지신일",
            "투자타입":"일반",
            "전용면적(m2)":"114.9",
            "전용면적(평)":"34평",
            "법정동주소":"경기도 김포시 북변동 812",
            "도로명주소":"경기도 김포시 김포대로926번길 88-27",
            "세대수":30,
            "입주년차":20,
            "용적률점수":"--",
            "건폐율점수":"--",
            "세대당주차수":60,
            "난방방식":30,
            "공급면적":"--",
            "전용률":"--",
            "욕실수":100,
            "현관타입":100,
            "주거총점":46.5,
            "지역구공급총점":50.0,
            "역세권":0,
            "30분내 이동가능 거점":20,
            "1시간내 이동가능 거점":80,
            "교통총점":22.0,
            "백화점":0,
            "아울렛몰":0,
            "대형마트":100,
            "은행":70,
            "병원":80,
            "종합병원":80,
            "공원":100,
            "혐오시설":0,
            "인프라총점":49.0,
            "초등학군":93.52,
            "중학군":54.34,
            "학군총점":62.176,
            "인구수":50.28,
            "인구증감":43.56,
            "인구총점":48.264,
            "일자리":22.9,
            "소득수준":53.37,
            "일자리총점":32.041,
            "가치 총점":41.0264,
            "매매실거래년":20211223.0,
            "매매실거래가":56000.0,
            "전세실거래년":20211020.0,
            "전세실거래가":39000.0,
            "전세가율":69.64,
            "장기전세가율평균":67.15,
            "전세가율거품지수":-2.49,
            "검색코드":4708,
            "세대수":396.0,
            "준공년월":"1999-04-29",
            "준공년차":24.0,
            "가까운역이름":"완정",
            "가까운역거리":5138.69,
            "역세권여부":"비역세권",
            "30분이내주요거점역":1,
            "1시간이내주요거점역":8,
            "3km이내백화점수":0,
            "5km이내아울렛몰수":0,
            "1km이내대형먀트수":2,
            "500m이내은행수":4,
            "500m이내병원수":43,
            "5km이내대형병원수":1,
            "500m이내공원수":6,
            "3km이내혐오시설수":0,
            "초등학교학업성취도":93.52,
            "중학교학업성취도":88.3,
            "용적률":209,
            "건폐율":17,
            "Y":37.62269,
            "X":126.71783,
            "rank":6.0,
            "area_info":"34평(114.9), 42평(141.01)",
            "last_sales":"2021-12-23,56000.0,34평(114.9)"
        },
        {
            "index":90,
            "아파트명":"한강메트로자이1단지",
            "투자타입":"일반",
            "전용면적(m2)":"85.73",
            "전용면적(평)":"25평",
            "법정동주소":"경기도 김포시 걸포동 걸포3지구도시개발사업씨-1",
            "도로명주소":"경기도 김포시 걸포2로 83",
            "세대수":90,
            "입주년차":100,
            "용적률점수":"--",
            "건폐율점수":"--",
            "세대당주차수":30,
            "난방방식":100,
            "공급면적":"--",
            "전용률":"--",
            "욕실수":100,
            "현관타입":100,
            "주거총점":86.0,
            "지역구공급총점":50.0,
            "역세권":0,
            "30분내 이동가능 거점":0,
            "1시간내 이동가능 거점":80,
            "교통총점":16.0,
            "백화점":0,
            "아울렛몰":0,
            "대형마트":0,
            "은행":0,
            "병원":60,
            "종합병원":100,
            "공원":100,
            "혐오시설":0,
            "인프라총점":29.0,
            "초등학군":100.0,
            "중학군":49.64,
            "학군총점":59.712,
            "인구수":50.28,
            "인구증감":43.56,
            "인구총점":48.264,
            "일자리":22.9,
            "소득수준":53.37,
            "일자리총점":32.041,
            "가치 총점":40.4568,
            "매매실거래년":20210813.0,
            "매매실거래가":98500.0,
            "전세실거래년":null,
            "전세실거래가":null,
            "전세가율":null,
            "장기전세가율평균":67.15,
            "전세가율거품지수":null,
            "검색코드":117071,
            "세대수":1142.0,
            "준공년월":"2020-08-11",
            "준공년차":3.0,
            "가까운역이름":"마전",
            "가까운역거리":4931.75,
            "역세권여부":"비역세권",
            "30분이내주요거점역":0,
            "1시간이내주요거점역":8,
            "3km이내백화점수":0,
            "5km이내아울렛몰수":0,
            "1km이내대형먀트수":0,
            "500m이내은행수":1,
            "500m이내병원수":15,
            "5km이내대형병원수":2,
            "500m이내공원수":2,
            "3km이내혐오시설수":0,
            "초등학교학업성취도":100.0,
            "중학교학업성취도":81.4,
            "용적률":477,
            "건폐율":42,
            "Y":37.632755,
            "X":126.70108,
            "rank":7.0,
            "area_info":"25평(85.73), 31평(104.65), 33평(111.84), 34평(112.5), 34평(113.51), 39평(130.3)",
            "last_sales":"2021-08-13,98500.0,34평(113.51)"
        },
        {
            "index":700,
            "아파트명":"수정마을쌍용예가",
            "투자타입":"일반",
            "전용면적(m2)":"109.95",
            "전용면적(평)":"33평",
            "법정동주소":"경기도 김포시 장기동 2004-4",
            "도로명주소":"경기도 김포시 김포한강2로 11",
            "세대수":90,
            "입주년차":60,
            "용적률점수":"--",
            "건폐율점수":"--",
            "세대당주차수":60,
            "난방방식":100,
            "공급면적":"--",
            "전용률":"--",
            "욕실수":100,
            "현관타입":100,
            "주거총점":82.5,
            "지역구공급총점":50.0,
            "역세권":0,
            "30분내 이동가능 거점":0,
            "1시간내 이동가능 거점":40,
            "교통총점":8.0,
            "백화점":0,
            "아울렛몰":0,
            "대형마트":80,
            "은행":0,
            "병원":60,
            "종합병원":100,
            "공원":100,
            "혐오시설":0,
            "인프라총점":41.0,
            "초등학군":91.8,
            "중학군":50.82,
            "학군총점":59.016,
            "인구수":50.28,
            "인구증감":43.56,
            "인구총점":48.264,
            "일자리":22.9,
            "소득수준":53.37,
            "일자리총점":32.041,
            "가치 총점":40.4524,
            "매매실거래년":20211127.0,
            "매매실거래가":59300.0,
            "전세실거래년":20220115.0,
            "전세실거래가":26250.0,
            "전세가율":69.08,
            "장기전세가율평균":67.15,
            "전세가율거품지수":-1.93,
            "검색코드":100674,
            "세대수":1474.0,
            "준공년월":"2011-06-29",
            "준공년차":12.0,
            "가까운역이름":"검단사거리",
            "가까운역거리":4983.99,
            "역세권여부":"비역세권",
            "30분이내주요거점역":0,
            "1시간이내주요거점역":4,
            "3km이내백화점수":0,
            "5km이내아울렛몰수":0,
            "1km이내대형먀트수":1,
            "500m이내은행수":0,
            "500m이내병원수":14,
            "5km이내대형병원수":3,
            "500m이내공원수":3,
            "3km이내혐오시설수":0,
            "초등학교학업성취도":91.8,
            "중학교학업성취도":83.9,
            "용적률":199,
            "건폐율":17,
            "Y":37.642542,
            "X":126.680835,
            "rank":8.0,
            "area_info":"33평(109.95), 33평(110.97), 33평(110.92), 33평(110.57), 33평(110.65), 33평(110.57), 34평(112.7), 34평(113.61), 34평(114.61)",
            "last_sales":"2021-11-27,59300.0,33평(110.65)"
        },
        {
            "index":76,
            "아파트명":"오스타파라곤3블록",
            "투자타입":"일반",
            "전용면적(m2)":"139.4",
            "전용면적(평)":"42평",
            "법정동주소":"경기도 김포시 걸포동 1555",
            "도로명주소":"경기도 김포시 걸포1로 39",
            "세대수":50,
            "입주년차":60,
            "용적률점수":"--",
            "건폐율점수":"--",
            "세대당주차수":80,
            "난방방식":100,
            "공급면적":"--",
            "전용률":"--",
            "욕실수":100,
            "현관타입":100,
            "주거총점":71.5,
            "지역구공급총점":50.0,
            "역세권":0,
            "30분내 이동가능 거점":0,
            "1시간내 이동가능 거점":60,
            "교통총점":12.0,
            "백화점":0,
            "아울렛몰":0,
            "대형마트":100,
            "은행":0,
            "병원":60,
            "종합병원":100,
            "공원":100,
            "혐오시설":0,
            "인프라총점":44.0,
            "초등학군":86.03,
            "중학군":43.9,
            "학군총점":52.326,
            "인구수":50.28,
            "인구증감":43.56,
            "인구총점":48.264,
            "일자리":22.9,
            "소득수준":53.37,
            "일자리총점":32.041,
            "가치 총점":39.5489,
            "매매실거래년":20211124.0,
            "매매실거래가":88500.0,
            "전세실거래년":20210928.0,
            "전세실거래가":50000.0,
            "전세가율":69.74,
            "장기전세가율평균":67.15,
            "전세가율거품지수":-2.59,
            "검색코드":26802,
            "세대수":440.0,
            "준공년월":"2010-12-30",
            "준공년차":13.0,
            "가까운역이름":"마전",
            "가까운역거리":5494.79,
            "역세권여부":"비역세권",
            "30분이내주요거점역":0,
            "1시간이내주요거점역":6,
            "3km이내백화점수":0,
            "5km이내아울렛몰수":0,
            "1km이내대형먀트수":3,
            "500m이내은행수":0,
            "500m이내병원수":10,
            "5km이내대형병원수":2,
            "500m이내공원수":5,
            "3km이내혐오시설수":0,
            "초등학교학업성취도":86.03,
            "중학교학업성취도":72.5,
            "용적률":221,
            "건폐율":19,
            "Y":37.636055,
            "X":126.706124,
            "rank":9.0,
            "area_info":"42평(139.4), 45평(151.91), 46평(152.12), 51평(169.57), 51평(170.27), 51평(170.29), 58평(192.28), 58평(193.88), 58평(194.45), 59평(197.83), 64평(214.05), 65평(215.78), 74평(246.75), 75평(249.63)",
            "last_sales":"2021-11-24,88500.0,58평(194.45)"
        },
        {
            "index":709,
            "아파트명":"청송마을모아미래도엘가",
            "투자타입":"일반",
            "전용면적(m2)":"109.76",
            "전용면적(평)":"33평",
            "법정동주소":"경기도 김포시 장기동 1869-5",
            "도로명주소":"경기도 김포시 김포한강2로 273",
            "세대수":90,
            "입주년차":80,
            "용적률점수":"--",
            "건폐율점수":"--",
            "세대당주차수":60,
            "난방방식":100,
            "공급면적":"--",
            "전용률":"--",
            "욕실수":100,
            "현관타입":100,
            "주거총점":86.5,
            "지역구공급총점":50.0,
            "역세권":0,
            "30분내 이동가능 거점":0,
            "1시간내 이동가능 거점":70,
            "교통총점":14.0,
            "백화점":0,
            "아울렛몰":0,
            "대형마트":0,
            "은행":0,
            "병원":30,
            "종합병원":100,
            "공원":100,
            "혐오시설":0,
            "인프라총점":26.0,
            "초등학군":100.0,
            "중학군":50.96,
            "학군총점":60.768,
            "인구수":50.28,
            "인구증감":43.56,
            "인구총점":48.264,
            "일자리":22.9,
            "소득수준":53.37,
            "일자리총점":32.041,
            "가치 총점":39.1152,
            "매매실거래년":20211112.0,
            "매매실거래가":54000.0,
            "전세실거래년":20220106.0,
            "전세실거래가":37000.0,
            "전세가율":67.89,
            "장기전세가율평균":67.15,
            "전세가율거품지수":-0.74,
            "검색코드":128038,
            "세대수":1060.0,
            "준공년월":"2014-06-16",
            "준공년차":9.0,
            "가까운역이름":"검단사거리",
            "가까운역거리":5353.3,
            "역세권여부":"비역세권",
            "30분이내주요거점역":0,
            "1시간이내주요거점역":7,
            "3km이내백화점수":0,
            "5km이내아울렛몰수":0,
            "1km이내대형먀트수":0,
            "500m이내은행수":0,
            "500m이내병원수":8,
            "5km이내대형병원수":2,
            "500m이내공원수":3,
            "3km이내혐오시설수":0,
            "초등학교학업성취도":100.0,
            "중학교학업성취도":83.2,
            "용적률":229,
            "건폐율":19,
            "Y":37.649824,
            "X":126.662202,
            "rank":10.0,
            "area_info":"33평(109.76), 33평(109.83), 33평(110.89), 33평(111.31)",
            "last_sales":"2021-11-12,54000.0,33평(111.31)"
        },
        {
            "index":736,
            "아파트명":"초당마을우남퍼스트빌",
            "투자타입":"일반",
            "전용면적(m2)":"128.99",
            "전용면적(평)":"39평",
            "법정동주소":"경기도 김포시 장기동 2065-1",
            "도로명주소":"경기도 김포시 김포한강2로 103",
            "세대수":90,
            "입주년차":60,
            "용적률점수":"--",
            "건폐율점수":"--",
            "세대당주차수":80,
            "난방방식":100,
            "공급면적":"--",
            "전용률":"--",
            "욕실수":100,
            "현관타입":50,
            "주거총점":80.5,
            "지역구공급총점":50.0,
            "역세권":0,
            "30분내 이동가능 거점":0,
            "1시간내 이동가능 거점":20,
            "교통총점":4.0,
            "백화점":0,
            "아울렛몰":0,
            "대형마트":80,
            "은행":0,
            "병원":60,
            "종합병원":100,
            "공원":100,
            "혐오시설":0,
            "인프라총점":41.0,
            "초등학군":91.8,
            "중학군":53.98,
            "학군총점":61.544,
            "인구수":50.28,
            "인구증감":43.56,
            "인구총점":48.264,
            "일자리":22.9,
            "소득수준":53.37,
            "일자리총점":32.041,
            "가치 총점":39.0316,
            "매매실거래년":20211130.0,
            "매매실거래가":78900.0,
            "전세실거래년":20211220.0,
            "전세실거래가":45000.0,
            "전세가율":65.22,
            "장기전세가율평균":67.15,
            "전세가율거품지수":1.93,
            "검색코드":27234,
            "세대수":1202.0,
            "준공년월":"2011-06-15",
            "준공년차":12.0,
            "가까운역이름":"검단사거리",
            "가까운역거리":4166.22,
            "역세권여부":"비역세권",
            "30분이내주요거점역":0,
            "1시간이내주요거점역":2,
            "3km이내백화점수":0,
            "5km이내아울렛몰수":0,
            "1km이내대형먀트수":1,
            "500m이내은행수":0,
            "500m이내병원수":12,
            "5km이내대형병원수":4,
            "500m이내공원수":3,
            "3km이내혐오시설수":0,
            "초등학교학업성취도":91.8,
            "중학교학업성취도":87.7,
            "용적률":219,
            "건폐율":15,
            "Y":37.637251,
            "X":126.672601,
            "rank":11.0,
            "area_info":"39평(128.99), 39평(129.22), 43평(142.81), 43평(145.29), 47평(157.17), 53평(176.17), 75평(250.59)",
            "last_sales":"2021-11-30,78900.0,43평(145.29)"
        },
        {
            "index":418,
            "아파트명":"풍년2단지청구한라",
            "투자타입":"일반",
            "전용면적(m2)":"73.32",
            "전용면적(평)":"22평",
            "법정동주소":"경기도 김포시 북변동 815",
            "도로명주소":"경기도 김포시 사우중로73번길 11",
            "세대수":90,
            "입주년차":0,
            "용적률점수":"--",
            "건폐율점수":"--",
            "세대당주차수":0,
            "난방방식":30,
            "공급면적":"--",
            "전용률":"--",
            "욕실수":100,
            "현관타입":100,
            "주거총점":54.5,
            "지역구공급총점":50.0,
            "역세권":0,
            "30분내 이동가능 거점":20,
            "1시간내 이동가능 거점":80,
            "교통총점":22.0,
            "백화점":0,
            "아울렛몰":0,
            "대형마트":0,
            "은행":100,
            "병원":80,
            "종합병원":80,
            "공원":100,
            "혐오시설":0,
            "인프라총점":37.0,
            "초등학군":93.52,
            "중학군":54.34,
            "학군총점":62.176,
            "인구수":50.28,
            "인구증감":43.56,
            "인구총점":48.264,
            "일자리":22.9,
            "소득수준":53.37,
            "일자리총점":32.041,
            "가치 총점":39.0264,
            "매매실거래년":20211211.0,
            "매매실거래가":41000.0,
            "전세실거래년":20220108.0,
            "전세실거래가":23100.0,
            "전세가율":56.34,
            "장기전세가율평균":67.15,
            "전세가율거품지수":10.81,
            "검색코드":4702,
            "세대수":900.0,
            "준공년월":"1998-12-17",
            "준공년차":25.0,
            "가까운역이름":"완정",
            "가까운역거리":5202.36,
            "역세권여부":"비역세권",
            "30분이내주요거점역":1,
            "1시간이내주요거점역":8,
            "3km이내백화점수":0,
            "5km이내아울렛몰수":0,
            "1km이내대형먀트수":0,
            "500m이내은행수":5,
            "500m이내병원수":43,
            "5km이내대형병원수":1,
            "500m이내공원수":9,
            "3km이내혐오시설수":0,
            "초등학교학업성취도":93.52,
            "중학교학업성취도":88.3,
            "용적률":192,
            "건폐율":20,
            "Y":37.6224,
            "X":126.71907,
            "rank":12.0,
            "area_info":"22평(73.32), 22평(73.2)",
            "last_sales":"2021-12-11,41000.0,22평(73.32)"
        },
        {
            "index":115,
            "아파트명":"한강파크뷰우방아이유쉘",
            "투자타입":"일반",
            "전용면적(m2)":"97.9",
            "전용면적(평)":"29평",
            "법정동주소":"경기도 김포시 걸포동 294-38번지 일원(걸포2지구 2BL 1L)",
            "도로명주소":"경기도 김포시 걸포1로 40",
            "세대수":50,
            "입주년차":100,
            "용적률점수":"--",
            "건폐율점수":"--",
            "세대당주차수":30,
            "난방방식":30,
            "공급면적":"--",
            "전용률":"--",
            "욕실수":100,
            "현관타입":100,
            "주거총점":65.0,
            "지역구공급총점":50.0,
            "역세권":0,
            "30분내 이동가능 거점":0,
            "1시간내 이동가능 거점":70,
            "교통총점":14.0,
            "백화점":0,
            "아울렛몰":0,
            "대형마트":100,
            "은행":0,
            "병원":60,
            "종합병원":100,
            "공원":100,
            "혐오시설":0,
            "인프라총점":44.0,
            "초등학군":86.03,
            "중학군":43.9,
            "학군총점":52.326,
            "인구수":50.28,
            "인구증감":43.56,
            "인구총점":48.264,
            "일자리":22.9,
            "소득수준":53.37,
            "일자리총점":32.041,
            "가치 총점":38.9489,
            "매매실거래년":20220111.0,
            "매매실거래가":71700.0,
            "전세실거래년":20210816.0,
            "전세실거래가":27825.0,
            "전세가율":38.75,
            "장기전세가율평균":67.15,
            "전세가율거품지수":28.4,
            "검색코드":115228,
            "세대수":540.0,
            "준공년월":"2019-05-01",
            "준공년차":4.0,
            "가까운역이름":"마전",
            "가까운역거리":5513.76,
            "역세권여부":"비역세권",
            "30분이내주요거점역":0,
            "1시간이내주요거점역":7,
            "3km이내백화점수":0,
            "5km이내아울렛몰수":0,
            "1km이내대형먀트수":3,
            "500m이내은행수":0,
            "500m이내병원수":10,
            "5km이내대형병원수":2,
            "500m이내공원수":4,
            "3km이내혐오시설수":0,
            "초등학교학업성취도":86.03,
            "중학교학업성취도":72.5,
            "용적률":0,
            "건폐율":0,
            "Y":37.634964,
            "X":126.708104,
            "rank":13.0,
            "area_info":"29평(97.9), 29평(97.99), 29평(97.47), 32평(108.57), 32평(108.8), 33평(109.97), 33평(110.2)",
            "last_sales":"2022-01-11,71700.0,33평(110.2)"
        },
        {
            "index":688,
            "아파트명":"고창마을케이씨씨스위첸",
            "투자타입":"일반",
            "전용면적(m2)":"81.64",
            "전용면적(평)":"24평",
            "법정동주소":"경기도 김포시 장기동 1886-2",
            "도로명주소":"경기도 김포시 김포한강2로 208",
            "세대수":90,
            "입주년차":60,
            "용적률점수":"--",
            "건폐율점수":"--",
            "세대당주차수":30,
            "난방방식":100,
            "공급면적":"--",
            "전용률":"--",
            "욕실수":100,
            "현관타입":100,
            "주거총점":78.0,
            "지역구공급총점":50.0,
            "역세권":0,
            "30분내 이동가능 거점":0,
            "1시간내 이동가능 거점":30,
            "교통총점":6.0,
            "백화점":0,
            "아울렛몰":0,
            "대형마트":0,
            "은행":100,
            "병원":80,
            "종합병원":100,
            "공원":100,
            "혐오시설":0,
            "인프라총점":41.0,
            "초등학군":79.72,
            "중학군":50.96,
            "학군총점":56.712,
            "인구수":50.28,
            "인구증감":43.56,
            "인구총점":48.264,
            "일자리":22.9,
            "소득수준":53.37,
            "일자리총점":32.041,
            "가치 총점":38.5068,
            "매매실거래년":20220115.0,
            "매매실거래가":50700.0,
            "전세실거래년":20220115.0,
            "전세실거래가":21500.0,
            "전세가율":40.95,
            "장기전세가율평균":67.15,
            "전세가율거품지수":26.2,
            "검색코드":100380,
            "세대수":1090.0,
            "준공년월":"2011-10-31",
            "준공년차":12.0,
            "가까운역이름":"검단사거리",
            "가까운역거리":4910.45,
            "역세권여부":"비역세권",
            "30분이내주요거점역":0,
            "1시간이내주요거점역":3,
            "3km이내백화점수":0,
            "5km이내아울렛몰수":0,
            "1km이내대형먀트수":0,
            "500m이내은행수":5,
            "500m이내병원수":47,
            "5km이내대형병원수":3,
            "500m이내공원수":5,
            "3km이내혐오시설수":0,
            "초등학교학업성취도":79.72,
            "중학교학업성취도":83.2,
            "용적률":179,
            "건폐율":16,
            "Y":37.645741,
            "X":126.66326,
            "rank":14.0,
            "area_info":"24평(81.64), 24평(81.08), 24평(81.04), 24평(81.48), 24평(81.0)",
            "last_sales":"2022-01-15,50700.0,24평(81.08)"
        },
        {
            "index":887,
            "아파트명":"한화유로메트로1단지",
            "투자타입":"일반",
            "전용면적(m2)":"112.51",
            "전용면적(평)":"34평",
            "법정동주소":"경기도 김포시 풍무동 770",
            "도로명주소":"경기도 김포시 풍무로68번길 39",
            "세대수":90,
            "입주년차":80,
            "용적률점수":"--",
            "건폐율점수":"--",
            "세대당주차수":30,
            "난방방식":30,
            "공급면적":"--",
            "전용률":"--",
            "욕실수":100,
            "현관타입":100,
            "주거총점":75.0,
            "지역구공급총점":50.0,
            "역세권":0,
            "30분내 이동가능 거점":0,
            "1시간내 이동가능 거점":20,
            "교통총점":4.0,
            "백화점":0,
            "아울렛몰":0,
            "대형마트":80,
            "은행":20,
            "병원":60,
            "종합병원":100,
            "공원":100,
            "혐오시설":0,
            "인프라총점":43.0,
            "초등학군":87.18,
            "중학군":54.4,
            "학군총점":60.956,
            "인구수":50.28,
            "인구증감":43.56,
            "인구총점":48.264,
            "일자리":22.9,
            "소득수준":53.37,
            "일자리총점":32.041,
            "가치 총점":38.4434,
            "매매실거래년":20211225.0,
            "매매실거래가":57500.0,
            "전세실거래년":20211218.0,
            "전세실거래가":31500.0,
            "전세가율":54.78,
            "장기전세가율평균":67.15,
            "전세가율거품지수":12.37,
            "검색코드":104017,
            "세대수":965.0,
            "준공년월":"2014-05-23",
            "준공년차":9.0,
            "가까운역이름":"계양",
            "가까운역거리":3613.75,
            "역세권여부":"비역세권",
            "30분이내주요거점역":0,
            "1시간이내주요거점역":2,
            "3km이내백화점수":0,
            "5km이내아울렛몰수":0,
            "1km이내대형먀트수":1,
            "500m이내은행수":2,
            "500m이내병원수":27,
            "5km이내대형병원수":2,
            "500m이내공원수":5,
            "3km이내혐오시설수":0,
            "초등학교학업성취도":87.18,
            "중학교학업성취도":88.8,
            "용적률":199,
            "건폐율":18,
            "Y":37.60269,
            "X":126.724279,
            "rank":15.0,
            "area_info":"34평(112.51), 34평(113.8), 34평(113.04), 34평(113.64), 39평(131.96), 39평(131.68), 39평(132.06), 39평(132.07), 46평(152.43)",
            "last_sales":"2021-12-25,57500.0,34평(112.51)"
        },
        {
            "index":760,
            "아파트명":"한강신도시초당마을중흥S-클래스리버티",
            "투자타입":"일반",
            "전용면적(m2)":"90.5",
            "전용면적(평)":"27평",
            "법정동주소":"경기도 김포시 장기동 2058-1",
            "도로명주소":"경기도 김포시 김포한강2로 113",
            "세대수":90,
            "입주년차":60,
            "용적률점수":"--",
            "건폐율점수":"--",
            "세대당주차수":30,
            "난방방식":100,
            "공급면적":"--",
            "전용률":"--",
            "욕실수":100,
            "현관타입":100,
            "주거총점":78.0,
            "지역구공급총점":50.0,
            "역세권":0,
            "30분내 이동가능 거점":0,
            "1시간내 이동가능 거점":30,
            "교통총점":6.0,
            "백화점":0,
            "아울렛몰":0,
            "대형마트":80,
            "은행":0,
            "병원":30,
            "종합병원":100,
            "공원":100,
            "혐오시설":0,
            "인프라총점":38.0,
            "초등학군":91.8,
            "중학군":53.98,
            "학군총점":61.544,
            "인구수":50.28,
            "인구증감":43.56,
            "인구총점":48.264,
            "일자리":22.9,
            "소득수준":53.37,
            "일자리총점":32.041,
            "가치 총점":38.3316,
            "매매실거래년":20211030.0,
            "매매실거래가":54800.0,
            "전세실거래년":20211216.0,
            "전세실거래가":12520.0,
            "전세가율":22.85,
            "장기전세가율평균":67.15,
            "전세가율거품지수":44.3,
            "검색코드":101351,
            "세대수":1470.0,
            "준공년월":"2012-06-28",
            "준공년차":11.0,
            "가까운역이름":"검단사거리",
            "가까운역거리":4214.04,
            "역세권여부":"비역세권",
            "30분이내주요거점역":0,
            "1시간이내주요거점역":3,
            "3km이내백화점수":0,
            "5km이내아울렛몰수":0,
            "1km이내대형먀트수":1,
            "500m이내은행수":0,
            "500m이내병원수":7,
            "5km이내대형병원수":3,
            "500m이내공원수":4,
            "3km이내혐오시설수":0,
            "초등학교학업성취도":91.8,
            "중학교학업성취도":87.7,
            "용적률":204,
            "건폐율":16,
            "Y":37.638452,
            "X":126.669512,
            "rank":16.0,
            "area_info":"27평(90.5), 27평(90.49), 33평(109.83), 33평(109.7)",
            "last_sales":"2021-10-30,54800.0,27평(90.5)"
        },
        {
            "index":313,
            "아파트명":"한가람마을우미린",
            "투자타입":"일반",
            "전용면적(m2)":"131.8",
            "전용면적(평)":"39평",
            "법정동주소":"경기도 김포시 구래동 6873-8",
            "도로명주소":"경기도 김포시 김포한강5로 417",
            "세대수":90,
            "입주년차":60,
            "용적률점수":"--",
            "건폐율점수":"--",
            "세대당주차수":60,
            "난방방식":100,
            "공급면적":"--",
            "전용률":"--",
            "욕실수":100,
            "현관타입":100,
            "주거총점":82.5,
            "지역구공급총점":50.0,
            "역세권":0,
            "30분내 이동가능 거점":0,
            "1시간내 이동가능 거점":20,
            "교통총점":4.0,
            "백화점":0,
            "아울렛몰":0,
            "대형마트":80,
            "은행":20,
            "병원":80,
            "종합병원":80,
            "공원":100,
            "혐오시설":0,
            "인프라총점":41.0,
            "초등학군":91.72,
            "중학군":43.48,
            "학군총점":53.128,
            "인구수":50.28,
            "인구증감":43.56,
            "인구총점":48.264,
            "일자리":22.9,
            "소득수준":53.37,
            "일자리총점":32.041,
            "가치 총점":38.1692,
            "매매실거래년":20211013.0,
            "매매실거래가":63500.0,
            "전세실거래년":20220103.0,
            "전세실거래가":41000.0,
            "전세가율":67.43,
            "장기전세가율평균":67.15,
            "전세가율거품지수":-0.28,
            "검색코드":101459,
            "세대수":1058.0,
            "준공년월":"2011-10-28",
            "준공년차":12.0,
            "가까운역이름":"검단사거리",
            "가까운역거리":5942.7,
            "역세권여부":"비역세권",
            "30분이내주요거점역":0,
            "1시간이내주요거점역":2,
            "3km이내백화점수":0,
            "5km이내아울렛몰수":0,
            "1km이내대형먀트수":1,
            "500m이내은행수":2,
            "500m이내병원수":30,
            "5km이내대형병원수":1,
            "500m이내공원수":2,
            "3km이내혐오시설수":0,
            "초등학교학업성취도":91.72,
            "중학교학업성취도":69.4,
            "용적률":201,
            "건폐율":14,
            "Y":37.649266,
            "X":126.625976,
            "rank":17.0,
            "area_info":"39평(131.8), 39평(131.65), 47평(156.03), 47평(156.53)",
            "last_sales":"2021-10-13,63500.0,47평(156.53)"
        },
        {
            "index":204,
            "아파트명":"캐슬앤파밀리에시티2단지",
            "투자타입":"일반",
            "전용면적(m2)":"80.53",
            "전용면적(평)":"24평",
            "법정동주소":"경기도 김포시 고촌읍 신곡리 김포신곡6지구A2블록",
            "도로명주소":"경기도 김포시 수기로 136",
            "세대수":100,
            "입주년차":100,
            "용적률점수":"--",
            "건폐율점수":"--",
            "세대당주차수":30,
            "난방방식":30,
            "공급면적":"--",
            "전용률":"--",
            "욕실수":100,
            "현관타입":100,
            "주거총점":82.5,
            "지역구공급총점":50.0,
            "역세권":0,
            "30분내 이동가능 거점":0,
            "1시간내 이동가능 거점":30,
            "교통총점":6.0,
            "백화점":0,
            "아울렛몰":100,
            "대형마트":0,
            "은행":0,
            "병원":30,
            "종합병원":80,
            "공원":100,
            "혐오시설":0,
            "인프라총점":32.0,
            "초등학군":100.0,
            "중학군":57.7,
            "학군총점":66.16,
            "인구수":50.28,
            "인구증감":43.56,
            "인구총점":48.264,
            "일자리":22.9,
            "소득수준":53.37,
            "일자리총점":32.041,
            "가치 총점":38.124,
            "매매실거래년":20210826.0,
            "매매실거래가":85000.0,
            "전세실거래년":20210915.0,
            "전세실거래가":23000.0,
            "전세가율":37.1,
            "장기전세가율평균":67.15,
            "전세가율거품지수":30.05,
            "검색코드":119492,
            "세대수":1872.0,
            "준공년월":"2020-02-01",
            "준공년차":3.0,
            "가까운역이름":"계양",
            "가까운역거리":3186.09,
            "역세권여부":"비역세권",
            "30분이내주요거점역":0,
            "1시간이내주요거점역":3,
            "3km이내백화점수":0,
            "5km이내아울렛몰수":2,
            "1km이내대형먀트수":0,
            "500m이내은행수":0,
            "500m이내병원수":5,
            "5km이내대형병원수":1,
            "500m이내공원수":4,
            "3km이내혐오시설수":0,
            "초등학교학업성취도":100.0,
            "중학교학업성취도":92.7,
            "용적률":0,
            "건폐율":0,
            "Y":37.592039,
            "X":126.760798,
            "rank":18.0,
            "area_info":"24평(80.53), 24평(81.64), 30평(100.2), 32평(108.54), 34평(113.34), 35평(116.0), 40평(132.58), 40평(134.03), 40평(134.86), 45평(150.89), 46평(152.24)",
            "last_sales":"2021-08-26,85000.0,34평(113.34)"
        },
        {
            "index":747,
            "아파트명":"한강센트럴자이1단지",
            "투자타입":"일반",
            "전용면적(m2)":"95.39",
            "전용면적(평)":"28평",
            "법정동주소":"경기도 김포시 장기동 2193",
            "도로명주소":"경기도 김포시 태장로 845",
            "세대수":100,
            "입주년차":80,
            "용적률점수":"--",
            "건폐율점수":"--",
            "세대당주차수":30,
            "난방방식":100,
            "공급면적":"--",
            "전용률":"--",
            "욕실수":100,
            "현관타입":100,
            "주거총점":85.5,
            "지역구공급총점":50.0,
            "역세권":0,
            "30분내 이동가능 거점":0,
            "1시간내 이동가능 거점":10,
            "교통총점":2.0,
            "백화점":0,
            "아울렛몰":0,
            "대형마트":80,
            "은행":0,
            "병원":30,
            "종합병원":100,
            "공원":100,
            "혐오시설":0,
            "인프라총점":38.0,
            "초등학군":80.26,
            "중학군":53.98,
            "학군총점":59.236,
            "인구수":50.28,
            "인구증감":43.56,
            "인구총점":48.264,
            "일자리":22.9,
            "소득수준":53.37,
            "일자리총점":32.041,
            "가치 총점":38.0854,
            "매매실거래년":20220109.0,
            "매매실거래가":67000.0,
            "전세실거래년":20211209.0,
            "전세실거래가":28300.0,
            "전세가율":48.96,
            "장기전세가율평균":67.15,
            "전세가율거품지수":18.19,
            "검색코드":108487,
            "세대수":3481.0,
            "준공년월":"2017-01-20",
            "준공년차":6.0,
            "가까운역이름":"검단사거리",
            "가까운역거리":4008.85,
            "역세권여부":"비역세권",
            "30분이내주요거점역":0,
            "1시간이내주요거점역":1,
            "3km이내백화점수":0,
            "5km이내아울렛몰수":0,
            "1km이내대형먀트수":1,
            "500m이내은행수":0,
            "500m이내병원수":8,
            "5km이내대형병원수":4,
            "500m이내공원수":3,
            "3km이내혐오시설수":0,
            "초등학교학업성취도":80.26,
            "중학교학업성취도":87.7,
            "용적률":217,
            "건폐율":13,
            "Y":37.6337,
            "X":126.678434,
            "rank":19.0,
            "area_info":"28평(95.39), 32평(107.67), 34평(112.77), 34평(112.56), 34평(112.54), 34평(113.89), 39평(132.1)",
            "last_sales":"2022-01-09,67000.0,34평(112.77)"
        },
        {
            "index":32,
            "아파트명":"중봉마을신안실크밸리",
            "투자타입":"일반",
            "전용면적(m2)":"112.48",
            "전용면적(평)":"34평",
            "법정동주소":"경기도 김포시 감정동 696",
            "도로명주소":"경기도 김포시 중봉로 1-1",
            "세대수":90,
            "입주년차":60,
            "용적률점수":"--",
            "건폐율점수":"--",
            "세대당주차수":60,
            "난방방식":30,
            "공급면적":"--",
            "전용률":"--",
            "욕실수":100,
            "현관타입":100,
            "주거총점":75.5,
            "지역구공급총점":50.0,
            "역세권":0,
            "30분내 이동가능 거점":0,
            "1시간내 이동가능 거점":30,
            "교통총점":6.0,
            "백화점":0,
            "아울렛몰":0,
            "대형마트":80,
            "은행":0,
            "병원":60,
            "종합병원":100,
            "공원":80,
            "혐오시설":0,
            "인프라총점":40.4,
            "초등학군":93.61,
            "중학군":49.64,
            "학군총점":58.434,
            "인구수":50.28,
            "인구증감":43.56,
            "인구총점":48.264,
            "일자리":22.9,
            "소득수준":53.37,
            "일자리총점":32.041,
            "가치 총점":38.0851,
            "매매실거래년":20211218.0,
            "매매실거래가":51000.0,
            "전세실거래년":20211127.0,
            "전세실거래가":35000.0,
            "전세가율":66.29,
            "장기전세가율평균":67.15,
            "전세가율거품지수":0.86,
            "검색코드":101735,
            "세대수":1074.0,
            "준공년월":"2012-12-27",
            "준공년차":11.0,
            "가까운역이름":"마전",
            "가까운역거리":3789.53,
            "역세권여부":"비역세권",
            "30분이내주요거점역":0,
            "1시간이내주요거점역":3,
            "3km이내백화점수":0,
            "5km이내아울렛몰수":0,
            "1km이내대형먀트수":1,
            "500m이내은행수":1,
            "500m이내병원수":16,
            "5km이내대형병원수":4,
            "500m이내공원수":1,
            "3km이내혐오시설수":0,
            "초등학교학업성취도":93.61,
            "중학교학업성취도":81.4,
            "용적률":215,
            "건폐율":24,
            "Y":37.622096,
            "X":126.696863,
            "rank":20.0,
            "area_info":"34평(112.48), 34평(113.75), 47평(156.73), 60평(201.37)",
            "last_sales":"2021-12-18,51000.0,34평(113.75)"
        },
        {
            "index":293,
            "아파트명":"구래역화성파크드림",
            "투자타입":"일반",
            "전용면적(m2)":"99.75",
            "전용면적(평)":"30평",
            "법정동주소":"경기도 김포시 구래동 6888-4",
            "도로명주소":"경기도 김포시 김포한강8로 365",
            "세대수":80,
            "입주년차":80,
            "용적률점수":"--",
            "건폐율점수":"--",
            "세대당주차수":60,
            "난방방식":100,
            "공급면적":"--",
            "전용률":"--",
            "욕실수":100,
            "현관타입":100,
            "주거총점":83.0,
            "지역구공급총점":50.0,
            "역세권":0,
            "30분내 이동가능 거점":0,
            "1시간내 이동가능 거점":20,
            "교통총점":4.0,
            "백화점":0,
            "아울렛몰":0,
            "대형마트":80,
            "은행":0,
            "병원":80,
            "종합병원":100,
            "공원":0,
            "혐오시설":0,
            "인프라총점":40.0,
            "초등학군":90.92,
            "중학군":43.48,
            "학군총점":52.968,
            "인구수":50.28,
            "인구증감":43.56,
            "인구총점":48.264,
            "일자리":22.9,
            "소득수준":53.37,
            "일자리총점":32.041,
            "가치 총점":37.9452,
            "매매실거래년":20211231.0,
            "매매실거래가":51794.0,
            "전세실거래년":20211210.0,
            "전세실거래가":32500.0,
            "전세가율":67.14,
            "장기전세가율평균":67.15,
            "전세가율거품지수":0.01,
            "검색코드":107680,
            "세대수":820.0,
            "준공년월":"2015-06-29",
            "준공년차":8.0,
            "가까운역이름":"검단사거리",
            "가까운역거리":5100.13,
            "역세권여부":"비역세권",
            "30분이내주요거점역":0,
            "1시간이내주요거점역":2,
            "3km이내백화점수":0,
            "5km이내아울렛몰수":0,
            "1km이내대형먀트수":1,
            "500m이내은행수":1,
            "500m이내병원수":47,
            "5km이내대형병원수":2,
            "500m이내공원수":0,
            "3km이내혐오시설수":0,
            "초등학교학업성취도":90.92,
            "중학교학업성취도":69.4,
            "용적률":206,
            "건폐율":15,
            "Y":37.64184,
            "X":126.628749,
            "rank":21.0,
            "area_info":"30평(99.75), 30평(99.63), 34평(112.8), 34평(112.77)",
            "last_sales":"2021-12-31,51794.0,34평(112.8)"
        },
        {
            "index":420,
            "아파트명":"풍년3단지대림",
            "투자타입":"일반",
            "전용면적(m2)":"88.49",
            "전용면적(평)":"26평",
            "법정동주소":"경기도 김포시 북변동 808",
            "도로명주소":"경기도 김포시 김포대로926번길 88-36",
            "세대수":50,
            "입주년차":20,
            "용적률점수":"--",
            "건폐율점수":"--",
            "세대당주차수":30,
            "난방방식":30,
            "공급면적":"--",
            "전용률":"--",
            "욕실수":50,
            "현관타입":100,
            "주거총점":44.0,
            "지역구공급총점":50.0,
            "역세권":0,
            "30분내 이동가능 거점":0,
            "1시간내 이동가능 거점":70,
            "교통총점":14.0,
            "백화점":0,
            "아울렛몰":0,
            "대형마트":100,
            "은행":70,
            "병원":80,
            "종합병원":80,
            "공원":100,
            "혐오시설":0,
            "인프라총점":49.0,
            "초등학군":93.52,
            "중학군":54.34,
            "학군총점":62.176,
            "인구수":50.28,
            "인구증감":43.56,
            "인구총점":48.264,
            "일자리":22.9,
            "소득수준":53.37,
            "일자리총점":32.041,
            "가치 총점":37.7264,
            "매매실거래년":20210911.0,
            "매매실거래가":42500.0,
            "전세실거래년":20220115.0,
            "전세실거래가":18500.0,
            "전세가율":43.53,
            "장기전세가율평균":67.15,
            "전세가율거품지수":23.62,
            "검색코드":4909,
            "세대수":468.0,
            "준공년월":"1999-04-15",
            "준공년차":24.0,
            "가까운역이름":"완정",
            "가까운역거리":5069.21,
            "역세권여부":"비역세권",
            "30분이내주요거점역":0,
            "1시간이내주요거점역":7,
            "3km이내백화점수":0,
            "5km이내아울렛몰수":0,
            "1km이내대형먀트수":3,
            "500m이내은행수":4,
            "500m이내병원수":36,
            "5km이내대형병원수":1,
            "500m이내공원수":6,
            "3km이내혐오시설수":0,
            "초등학교학업성취도":93.52,
            "중학교학업성취도":88.3,
            "용적률":209,
            "건폐율":15,
            "Y":37.623174,
            "X":126.71626,
            "rank":22.0,
            "area_info":"26평(88.49), 30평(101.02)",
            "last_sales":"2021-09-11,42500.0,26평(88.49)"
        },
        {
            "index":634,
            "아파트명":"한강신도시푸르지오",
            "투자타입":"일반",
            "전용면적(m2)":"80.8",
            "전용면적(평)":"24평",
            "법정동주소":"경기도 김포시 운양동 1407-5",
            "도로명주소":"경기도 김포시 김포한강11로 179",
            "세대수":80,
            "입주년차":60,
            "용적률점수":"--",
            "건폐율점수":"--",
            "세대당주차수":30,
            "난방방식":100,
            "공급면적":"--",
            "전용률":"--",
            "욕실수":100,
            "현관타입":100,
            "주거총점":74.5,
            "지역구공급총점":50.0,
            "역세권":0,
            "30분내 이동가능 거점":0,
            "1시간내 이동가능 거점":40,
            "교통총점":8.0,
            "백화점":0,
            "아울렛몰":0,
            "대형마트":80,
            "은행":20,
            "병원":10,
            "종합병원":100,
            "공원":80,
            "혐오시설":0,
            "인프라총점":37.4,
            "초등학군":87.8,
            "중학군":50.82,
            "학군총점":58.216,
            "인구수":50.28,
            "인구증감":43.56,
            "인구총점":48.264,
            "일자리":22.9,
            "소득수준":53.37,
            "일자리총점":32.041,
            "가치 총점":37.6524,
            "매매실거래년":20211230.0,
            "매매실거래가":49848.0,
            "전세실거래년":20220110.0,
            "전세실거래가":33000.0,
            "전세가율":65.7,
            "장기전세가율평균":67.15,
            "전세가율거품지수":1.45,
            "검색코드":103405,
            "세대수":812.0,
            "준공년월":"2013-06-14",
            "준공년차":10.0,
            "가까운역이름":"검단사거리",
            "가까운역거리":5570.49,
            "역세권여부":"비역세권",
            "30분이내주요거점역":0,
            "1시간이내주요거점역":4,
            "3km이내백화점수":0,
            "5km이내아울렛몰수":0,
            "1km이내대형먀트수":1,
            "500m이내은행수":2,
            "500m이내병원수":3,
            "5km이내대형병원수":2,
            "500m이내공원수":1,
            "3km이내혐오시설수":0,
            "초등학교학업성취도":87.8,
            "중학교학업성취도":83.9,
            "용적률":179,
            "건폐율":16,
            "Y":37.649336,
            "X":126.67726,
            "rank":23.0,
            "area_info":"24평(80.8), 24평(80.29), 25평(83.46), 25평(84.27)",
            "last_sales":"2021-12-30,49848.0,24평(80.29)"
        },
        {
            "index":844,
            "아파트명":"양도서해그랑블",
            "투자타입":"일반",
            "전용면적(m2)":"138.23",
            "전용면적(평)":"41평",
            "법정동주소":"경기도 김포시 풍무동 147",
            "도로명주소":"경기도 김포시 양도로 18",
            "세대수":90,
            "입주년차":20,
            "용적률점수":"--",
            "건폐율점수":"--",
            "세대당주차수":80,
            "난방방식":30,
            "공급면적":"--",
            "전용률":"--",
            "욕실수":100,
            "현관타입":100,
            "주거총점":70.5,
            "지역구공급총점":50.0,
            "역세권":0,
            "30분내 이동가능 거점":0,
            "1시간내 이동가능 거점":40,
            "교통총점":8.0,
            "백화점":0,
            "아울렛몰":0,
            "대형마트":80,
            "은행":0,
            "병원":60,
            "종합병원":100,
            "공원":100,
            "혐오시설":0,
            "인프라총점":41.0,
            "초등학군":87.18,
            "중학군":47.94,
            "학군총점":55.788,
            "인구수":50.28,
            "인구증감":43.56,
            "인구총점":48.264,
            "일자리":22.9,
            "소득수준":53.37,
            "일자리총점":32.041,
            "가치 총점":37.5682,
            "매매실거래년":20211221.0,
            "매매실거래가":70000.0,
            "전세실거래년":20211127.0,
            "전세실거래가":25200.0,
            "전세가율":50.4,
            "장기전세가율평균":67.15,
            "전세가율거품지수":16.75,
            "검색코드":3925,
            "세대수":1265.0,
            "준공년월":"2000-09-08",
            "준공년차":23.0,
            "가까운역이름":"계양",
            "가까운역거리":3936.08,
            "역세권여부":"비역세권",
            "30분이내주요거점역":0,
            "1시간이내주요거점역":4,
            "3km이내백화점수":0,
            "5km이내아울렛몰수":0,
            "1km이내대형먀트수":1,
            "500m이내은행수":1,
            "500m이내병원수":24,
            "5km이내대형병원수":2,
            "500m이내공원수":6,
            "3km이내혐오시설수":0,
            "초등학교학업성취도":87.18,
            "중학교학업성취도":77.9,
            "용적률":245,
            "건폐율":18,
            "Y":37.605843,
            "X":126.725006,
            "rank":24.0,
            "area_info":"41평(138.23), 51평(170.99), 56평(186.79), 62평(205.3), 71평(237.64)",
            "last_sales":"2021-12-21,70000.0,71평(237.64)"
        },
        {
            "index":422,
            "아파트명":"풍년3단지삼성",
            "투자타입":"일반",
            "전용면적(m2)":"131.47",
            "전용면적(평)":"39평",
            "법정동주소":"경기도 김포시 북변동 806",
            "도로명주소":"경기도 김포시 김포대로926번길 46",
            "세대수":50,
            "입주년차":20,
            "용적률점수":"--",
            "건폐율점수":"--",
            "세대당주차수":60,
            "난방방식":30,
            "공급면적":"--",
            "전용률":"--",
            "욕실수":100,
            "현관타입":100,
            "주거총점":53.5,
            "지역구공급총점":50.0,
            "역세권":0,
            "30분내 이동가능 거점":0,
            "1시간내 이동가능 거점":70,
            "교통총점":14.0,
            "백화점":0,
            "아울렛몰":0,
            "대형마트":100,
            "은행":20,
            "병원":60,
            "종합병원":80,
            "공원":100,
            "혐오시설":0,
            "인프라총점":42.0,
            "초등학군":93.52,
            "중학군":54.34,
            "학군총점":62.176,
            "인구수":50.28,
            "인구증감":43.56,
            "인구총점":48.264,
            "일자리":22.9,
            "소득수준":53.37,
            "일자리총점":32.041,
            "가치 총점":37.5264,
            "매매실거래년":20211006.0,
            "매매실거래가":53500.0,
            "전세실거래년":20210925.0,
            "전세실거래가":45000.0,
            "전세가율":81.08,
            "장기전세가율평균":67.15,
            "전세가율거품지수":-13.93,
            "검색코드":4705,
            "세대수":450.0,
            "준공년월":"2000-11-28",
            "준공년차":23.0,
            "가까운역이름":"완정",
            "가까운역거리":5089.49,
            "역세권여부":"비역세권",
            "30분이내주요거점역":0,
            "1시간이내주요거점역":7,
            "3km이내백화점수":0,
            "5km이내아울렛몰수":0,
            "1km이내대형먀트수":3,
            "500m이내은행수":2,
            "500m이내병원수":13,
            "5km이내대형병원수":1,
            "500m이내공원수":5,
            "3km이내혐오시설수":0,
            "초등학교학업성취도":93.52,
            "중학교학업성취도":88.3,
            "용적률":204,
            "건폐율":16,
            "Y":37.6242,
            "X":126.715392,
            "rank":25.0,
            "area_info":"39평(131.47), 52평(172.3)",
            "last_sales":"2021-10-06,53500.0,52평(172.3)"
        },
        {
            "index":96,
            "아파트명":"한강메트로자이2단지",
            "투자타입":"일반",
            "전용면적(m2)":"83.46",
            "전용면적(평)":"25평",
            "법정동주소":"경기도 김포시 걸포동 걸포3지구 도시개발사업 에이-1",
            "도로명주소":"경기도 김포시 걸포2로 74",
            "세대수":100,
            "입주년차":100,
            "용적률점수":"--",
            "건폐율점수":"--",
            "세대당주차수":30,
            "난방방식":100,
            "공급면적":"--",
            "전용률":"--",
            "욕실수":100,
            "현관타입":100,
            "주거총점":89.5,
            "지역구공급총점":50.0,
            "역세권":0,
            "30분내 이동가능 거점":0,
            "1시간내 이동가능 거점":50,
            "교통총점":10.0,
            "백화점":0,
            "아울렛몰":0,
            "대형마트":0,
            "은행":0,
            "병원":10,
            "종합병원":100,
            "공원":80,
            "혐오시설":0,
            "인프라총점":23.4,
            "초등학군":100.0,
            "중학군":49.64,
            "학군총점":59.712,
            "인구수":50.28,
            "인구증감":43.56,
            "인구총점":48.264,
            "일자리":22.9,
            "소득수준":53.37,
            "일자리총점":32.041,
            "가치 총점":37.3768,
            "매매실거래년":20210924.0,
            "매매실거래가":110000.0,
            "전세실거래년":null,
            "전세실거래가":null,
            "전세가율":null,
            "장기전세가율평균":67.15,
            "전세가율거품지수":null,
            "검색코드":117077,
            "세대수":2456.0,
            "준공년월":"2020-07-14",
            "준공년차":3.0,
            "가까운역이름":"마전",
            "가까운역거리":5014.34,
            "역세권여부":"비역세권",
            "30분이내주요거점역":0,
            "1시간이내주요거점역":5,
            "3km이내백화점수":0,
            "5km이내아울렛몰수":0,
            "1km이내대형먀트수":0,
            "500m이내은행수":0,
            "500m이내병원수":3,
            "5km이내대형병원수":2,
            "500m이내공원수":1,
            "3km이내혐오시설수":0,
            "초등학교학업성취도":100.0,
            "중학교학업성취도":81.4,
            "용적률":228,
            "건폐율":14,
            "Y":37.634924,
            "X":126.698884,
            "rank":26.0,
            "area_info":"25평(83.46), 28평(93.85), 31평(103.3), 34평(112.65), 34평(112.84), 34평(113.29), 34평(113.59), 34평(115.25), 39평(131.73), 39평(132.16), 45평(149.81), 52평(173.3), 54평(179.67)",
            "last_sales":"2021-09-24,110000.0,34평(113.59)"
        },
        {
            "index":731,
            "아파트명":"초당마을래미안한강",
            "투자타입":"일반",
            "전용면적(m2)":"127.18",
            "전용면적(평)":"38평",
            "법정동주소":"경기도 김포시 장기동 2071-2",
            "도로명주소":"경기도 김포시 김포한강2로 69",
            "세대수":50,
            "입주년차":60,
            "용적률점수":"--",
            "건폐율점수":"--",
            "세대당주차수":60,
            "난방방식":100,
            "공급면적":"--",
            "전용률":"--",
            "욕실수":100,
            "현관타입":100,
            "주거총점":68.5,
            "지역구공급총점":50.0,
            "역세권":0,
            "30분내 이동가능 거점":0,
            "1시간내 이동가능 거점":30,
            "교통총점":6.0,
            "백화점":0,
            "아울렛몰":0,
            "대형마트":80,
            "은행":0,
            "병원":60,
            "종합병원":100,
            "공원":100,
            "혐오시설":0,
            "인프라총점":41.0,
            "초등학군":91.8,
            "중학군":53.98,
            "학군총점":61.544,
            "인구수":50.28,
            "인구증감":43.56,
            "인구총점":48.264,
            "일자리":22.9,
            "소득수준":53.37,
            "일자리총점":32.041,
            "가치 총점":37.3316,
            "매매실거래년":20211211.0,
            "매매실거래가":72500.0,
            "전세실거래년":20211214.0,
            "전세실거래가":48000.0,
            "전세가율":66.21,
            "장기전세가율평균":67.15,
            "전세가율거품지수":0.94,
            "검색코드":101323,
            "세대수":579.0,
            "준공년월":"2012-02-20",
            "준공년차":11.0,
            "가까운역이름":"검단사거리",
            "가까운역거리":4457.62,
            "역세권여부":"비역세권",
            "30분이내주요거점역":0,
            "1시간이내주요거점역":3,
            "3km이내백화점수":0,
            "5km이내아울렛몰수":0,
            "1km이내대형먀트수":1,
            "500m이내은행수":0,
            "500m이내병원수":19,
            "5km이내대형병원수":3,
            "500m이내공원수":3,
            "3km이내혐오시설수":0,
            "초등학교학업성취도":91.8,
            "중학교학업성취도":87.7,
            "용적률":219,
            "건폐율":15,
            "Y":37.638967,
            "X":126.67623,
            "rank":27.0,
            "area_info":"38평(127.18), 38평(127.99), 38평(127.01), 47평(156.85), 47평(156.41)",
            "last_sales":"2021-12-11,72500.0,38평(127.18)"
        },
        {
            "index":190,
            "아파트명":"숲속대우",
            "투자타입":"일반",
            "전용면적(m2)":"106.82",
            "전용면적(평)":"32평",
            "법정동주소":"경기도 김포시 고촌읍 신곡리 1052",
            "도로명주소":"경기도 김포시 고송로 17",
            "세대수":50,
            "입주년차":20,
            "용적률점수":"--",
            "건폐율점수":"--",
            "세대당주차수":60,
            "난방방식":30,
            "공급면적":"--",
            "전용률":"--",
            "욕실수":100,
            "현관타입":100,
            "주거총점":53.5,
            "지역구공급총점":50.0,
            "역세권":0,
            "30분내 이동가능 거점":20,
            "1시간내 이동가능 거점":80,
            "교통총점":22.0,
            "백화점":0,
            "아울렛몰":100,
            "대형마트":0,
            "은행":0,
            "병원":30,
            "종합병원":80,
            "공원":100,
            "혐오시설":0,
            "인프라총점":32.0,
            "초등학군":81.49,
            "중학군":57.28,
            "학군총점":62.122,
            "인구수":50.28,
            "인구증감":43.56,
            "인구총점":48.264,
            "일자리":22.9,
            "소득수준":53.37,
            "일자리총점":32.041,
            "가치 총점":37.3183,
            "매매실거래년":20211225.0,
            "매매실거래가":57500.0,
            "전세실거래년":20211030.0,
            "전세실거래가":37000.0,
            "전세가율":64.35,
            "장기전세가율평균":67.15,
            "전세가율거품지수":2.8,
            "검색코드":3874,
            "세대수":438.0,
            "준공년월":"2000-11-20",
            "준공년차":23.0,
            "가까운역이름":"개화",
            "가까운역거리":3999.44,
            "역세권여부":"비역세권",
            "30분이내주요거점역":1,
            "1시간이내주요거점역":8,
            "3km이내백화점수":0,
            "5km이내아울렛몰수":2,
            "1km이내대형먀트수":0,
            "500m이내은행수":1,
            "500m이내병원수":7,
            "5km이내대형병원수":1,
            "500m이내공원수":7,
            "3km이내혐오시설수":0,
            "초등학교학업성취도":81.49,
            "중학교학업성취도":91.4,
            "용적률":206,
            "건폐율":23,
            "Y":37.605644,
            "X":126.768215,
            "rank":28.0,
            "area_info":"32평(106.82), 50평(166.05)",
            "last_sales":"2021-12-25,57500.0,32평(106.82)"
        },
        {
            "index":244,
            "아파트명":"힐스테이트리버시티2단지",
            "투자타입":"일반",
            "전용면적(m2)":"87.93",
            "전용면적(평)":"26평",
            "법정동주소":"경기도 김포시 고촌읍 향산리 향산지구도시개발사업구역 에이1블럭 2롯트",
            "도로명주소":"경기도 김포시 상미1로 7",
            "세대수":100,
            "입주년차":100,
            "용적률점수":"--",
            "건폐율점수":"--",
            "세대당주차수":30,
            "난방방식":30,
            "공급면적":"--",
            "전용률":"--",
            "욕실수":100,
            "현관타입":100,
            "주거총점":82.5,
            "지역구공급총점":50.0,
            "역세권":0,
            "30분내 이동가능 거점":0,
            "1시간내 이동가능 거점":30,
            "교통총점":6.0,
            "백화점":0,
            "아울렛몰":100,
            "대형마트":0,
            "은행":0,
            "병원":0,
            "종합병원":100,
            "공원":100,
            "혐오시설":0,
            "인프라총점":33.0,
            "초등학군":100.0,
            "중학군":47.94,
            "학군총점":58.352,
            "인구수":50.28,
            "인구증감":43.56,
            "인구총점":48.264,
            "일자리":22.9,
            "소득수준":53.37,
            "일자리총점":32.041,
            "가치 총점":37.2528,
            "매매실거래년":20210120.0,
            "매매실거래가":75000.0,
            "전세실거래년":null,
            "전세실거래가":null,
            "전세가율":null,
            "장기전세가율평균":67.15,
            "전세가율거품지수":null,
            "검색코드":122680,
            "세대수":1942.0,
            "준공년월":"2020-08-01",
            "준공년차":3.0,
            "가까운역이름":"백석",
            "가까운역거리":4530.35,
            "역세권여부":"비역세권",
            "30분이내주요거점역":0,
            "1시간이내주요거점역":3,
            "3km이내백화점수":0,
            "5km이내아울렛몰수":2,
            "1km이내대형먀트수":0,
            "500m이내은행수":0,
            "500m이내병원수":1,
            "5km이내대형병원수":2,
            "500m이내공원수":3,
            "3km이내혐오시설수":0,
            "초등학교학업성취도":100.0,
            "중학교학업성취도":77.9,
            "용적률":0,
            "건폐율":0,
            "Y":37.619291,
            "X":126.746136,
            "rank":29.0,
            "area_info":"26평(87.93), 26평(89.1), 29평(98.51), 29평(98.54), 30평(99.2), 32평(108.51), 32평(108.87), 32평(108.51), 32평(108.51), 32평(108.2), 33평(109.11), 33평(109.77), 33평(109.9), 33평(109.11), 34평(115.25), 36평(120.1), 36평(120.49), 36평(120.22), 36평(120.22), 36평(120.93), 36평(120.93), 38평(128.19), 39평(129.83), 39평(129.22), 39평(130.88), 39평(130.88), 39평(130.88), 40평(132.53), 41평(138.6), 44평(145.46), 44평(145.56), 45평(149.75), 45평(149.95), 45평(150.76), 45평(150.94), 45평(151.2), 48평(159.3)",
            "last_sales":"2021-01-20,75000.0,32평(108.51)"
        },
        {
            "index":308,
            "아파트명":"메트로타워예미지",
            "투자타입":"일반",
            "전용면적(m2)":"107.95",
            "전용면적(평)":"32평",
            "법정동주소":"경기도 김포시 구래동 6886-4",
            "도로명주소":"경기도 김포시 솔터로 22",
            "세대수":80,
            "입주년차":100,
            "용적률점수":"--",
            "건폐율점수":"--",
            "세대당주차수":60,
            "난방방식":100,
            "공급면적":"--",
            "전용률":"--",
            "욕실수":100,
            "현관타입":100,
            "주거총점":87.0,
            "지역구공급총점":50.0,
            "역세권":0,
            "30분내 이동가능 거점":0,
            "1시간내 이동가능 거점":30,
            "교통총점":6.0,
            "백화점":0,
            "아울렛몰":0,
            "대형마트":80,
            "은행":0,
            "병원":80,
            "종합병원":80,
            "공원":0,
            "혐오시설":-100,
            "인프라총점":34.0,
            "초등학군":74.16,
            "중학군":43.48,
            "학군총점":49.616,
            "인구수":50.28,
            "인구증감":43.56,
            "인구총점":48.264,
            "일자리":22.9,
            "소득수준":53.37,
            "일자리총점":32.041,
            "가치 총점":37.1424,
            "매매실거래년":20210531.0,
            "매매실거래가":74500.0,
            "전세실거래년":20211127.0,
            "전세실거래가":48000.0,
            "전세가율":80.13,
            "장기전세가율평균":67.15,
            "전세가율거품지수":-12.98,
            "검색코드":119818,
            "세대수":701.0,
            "준공년월":"2021-02-01",
            "준공년차":2.0,
            "가까운역이름":"검단사거리",
            "가까운역거리":5329.76,
            "역세권여부":"비역세권",
            "30분이내주요거점역":0,
            "1시간이내주요거점역":3,
            "3km이내백화점수":0,
            "5km이내아울렛몰수":0,
            "1km이내대형먀트수":1,
            "500m이내은행수":1,
            "500m이내병원수":49,
            "5km이내대형병원수":1,
            "500m이내공원수":0,
            "3km이내혐오시설수":2,
            "초등학교학업성취도":74.16,
            "중학교학업성취도":69.4,
            "용적률":299,
            "건폐율":26,
            "Y":37.644893,
            "X":126.630482,
            "rank":30.0,
            "area_info":"32평(107.95), 32평(107.92), 32평(108.16), 37평(123.82), 37평(123.71)",
            "last_sales":"2021-05-31,74500.0,37평(123.71)"
        },
        {
            "index":613,
            "아파트명":"한강신도시롯데캐슬",
            "투자타입":"일반",
            "전용면적(m2)":"110.61",
            "전용면적(평)":"33평",
            "법정동주소":"경기도 김포시 운양동 1301-1",
            "도로명주소":"경기도 김포시 김포한강11로 275",
            "세대수":90,
            "입주년차":80,
            "용적률점수":"--",
            "건폐율점수":"--",
            "세대당주차수":60,
            "난방방식":100,
            "공급면적":"--",
            "전용률":"--",
            "욕실수":100,
            "현관타입":100,
            "주거총점":86.5,
            "지역구공급총점":50.0,
            "역세권":0,
            "30분내 이동가능 거점":0,
            "1시간내 이동가능 거점":30,
            "교통총점":6.0,
            "백화점":0,
            "아울렛몰":0,
            "대형마트":0,
            "은행":0,
            "병원":60,
            "종합병원":100,
            "공원":100,
            "혐오시설":0,
            "인프라총점":29.0,
            "초등학군":84.39,
            "중학군":53.84,
            "학군총점":59.95,
            "인구수":50.28,
            "인구증감":43.56,
            "인구총점":48.264,
            "일자리":22.9,
            "소득수준":53.37,
            "일자리총점":32.041,
            "가치 총점":37.0925,
            "매매실거래년":20211030.0,
            "매매실거래가":85000.0,
            "전세실거래년":20220111.0,
            "전세실거래가":32550.0,
            "전세가율":50.08,
            "장기전세가율평균":67.15,
            "전세가율거품지수":17.07,
            "검색코드":105159,
            "세대수":1136.0,
            "준공년월":"2014-04-01",
            "준공년차":9.0,
            "가까운역이름":"검단사거리",
            "가까운역거리":6287.51,
            "역세권여부":"비역세권",
            "30분이내주요거점역":0,
            "1시간이내주요거점역":3,
            "3km이내백화점수":0,
            "5km이내아울렛몰수":0,
            "1km이내대형먀트수":0,
            "500m이내은행수":0,
            "500m이내병원수":19,
            "5km이내대형병원수":2,
            "500m이내공원수":2,
            "3km이내혐오시설수":0,
            "초등학교학업성취도":84.39,
            "중학교학업성취도":88.0,
            "용적률":219,
            "건폐율":17,
            "Y":37.655693,
            "X":126.678914,
            "rank":31.0,
            "area_info":"33평(110.61), 33평(111.38), 33평(112.22), 39평(130.6), 39평(131.21), 48평(159.83), 48평(161.15)",
            "last_sales":"2021-10-30,85000.0,48평(161.15)"
        },
        {
            "index":161,
            "아파트명":"수기마을힐스테이트1단지",
            "투자타입":"일반",
            "전용면적(m2)":"113.27",
            "전용면적(평)":"34평",
            "법정동주소":"경기도 김포시 고촌읍 신곡리 1269",
            "도로명주소":"경기도 김포시 수기로 67-54",
            "세대수":90,
            "입주년차":40,
            "용적률점수":"--",
            "건폐율점수":"--",
            "세대당주차수":60,
            "난방방식":30,
            "공급면적":"--",
            "전용률":"--",
            "욕실수":100,
            "현관타입":100,
            "주거총점":71.5,
            "지역구공급총점":50.0,
            "역세권":0,
            "30분내 이동가능 거점":0,
            "1시간내 이동가능 거점":60,
            "교통총점":12.0,
            "백화점":0,
            "아울렛몰":100,
            "대형마트":0,
            "은행":0,
            "병원":10,
            "종합병원":80,
            "공원":100,
            "혐오시설":0,
            "인프라총점":30.0,
            "초등학군":87.38,
            "중학군":57.7,
            "학군총점":63.636,
            "인구수":50.28,
            "인구증감":43.56,
            "인구총점":48.264,
            "일자리":22.9,
            "소득수준":53.37,
            "일자리총점":32.041,
            "가치 총점":37.0454,
            "매매실거래년":20211116.0,
            "매매실거래가":82800.0,
            "전세실거래년":20220104.0,
            "전세실거래가":31500.0,
            "전세가율":46.46,
            "장기전세가율평균":67.15,
            "전세가율거품지수":20.69,
            "검색코드":24702,
            "세대수":1253.0,
            "준공년월":"2008-04-14",
            "준공년차":15.0,
            "가까운역이름":"개화",
            "가까운역거리":3339.49,
            "역세권여부":"비역세권",
            "30분이내주요거점역":0,
            "1시간이내주요거점역":6,
            "3km이내백화점수":0,
            "5km이내아울렛몰수":2,
            "1km이내대형먀트수":0,
            "500m이내은행수":0,
            "500m이내병원수":4,
            "5km이내대형병원수":1,
            "500m이내공원수":4,
            "3km이내혐오시설수":0,
            "초등학교학업성취도":87.38,
            "중학교학업성취도":92.7,
            "용적률":214,
            "건폐율":19,
            "Y":37.594893,
            "X":126.766309,
            "rank":32.0,
            "area_info":"34평(113.27), 34평(114.51), 34평(114.87), 34평(115.51), 34평(115.54), 39평(129.91), 39평(130.25), 39평(131.56), 39평(132.21), 39평(132.2), 49평(163.57), 49평(163.68), 49평(163.07), 49평(164.77)",
            "last_sales":"2021-11-16,82800.0,49평(163.07)"
        },
        {
            "index":138,
            "아파트명":"길훈1차",
            "투자타입":"재건축",
            "전용면적(m2)":"107.73",
            "전용면적(평)":"32평",
            "법정동주소":"경기도 김포시 고촌읍 신곡리 539-1",
            "도로명주소":"경기도 김포시 장차로 25",
            "세대수":0,
            "입주년차":"--",
            "용적률점수":100,
            "건폐율점수":0,
            "세대당주차수":"--",
            "난방방식":"--",
            "공급면적":90,
            "전용률":60,
            "욕실수":"--",
            "현관타입":"--",
            "주거총점":47.5,
            "지역구공급총점":50.0,
            "역세권":0,
            "30분내 이동가능 거점":20,
            "1시간내 이동가능 거점":80,
            "교통총점":22.0,
            "백화점":0,
            "아울렛몰":100,
            "대형마트":0,
            "은행":0,
            "병원":60,
            "종합병원":80,
            "공원":100,
            "혐오시설":0,
            "인프라총점":35.0,
            "초등학군":81.49,
            "중학군":57.28,
            "학군총점":62.122,
            "인구수":50.28,
            "인구증감":43.56,
            "인구총점":48.264,
            "일자리":22.9,
            "소득수준":53.37,
            "일자리총점":32.041,
            "가치 총점":37.0183,
            "매매실거래년":20210813.0,
            "매매실거래가":48000.0,
            "전세실거래년":null,
            "전세실거래가":null,
            "전세가율":null,
            "장기전세가율평균":67.15,
            "전세가율거품지수":null,
            "검색코드":3873,
            "세대수":275.0,
            "준공년월":"1990-12-24",
            "준공년차":33.0,
            "가까운역이름":"개화",
            "가까운역거리":3816.43,
            "역세권여부":"비역세권",
            "30분이내주요거점역":1,
            "1시간이내주요거점역":8,
            "3km이내백화점수":0,
            "5km이내아울렛몰수":2,
            "1km이내대형먀트수":0,
            "500m이내은행수":1,
            "500m이내병원수":16,
            "5km이내대형병원수":1,
            "500m이내공원수":7,
            "3km이내혐오시설수":0,
            "초등학교학업성취도":81.49,
            "중학교학업성취도":91.4,
            "용적률":145,
            "건폐율":0,
            "Y":37.604597,
            "X":126.769861,
            "rank":33.0,
            "area_info":"32평(107.73), 32평(108.1), 33평(109.99), 33평(109.38), 34평(113.39), 34평(113.11), 45평(149.59)",
            "last_sales":"2021-08-13,48000.0,45평(149.59)"
        },
        {
            "index":378,
            "아파트명":"한강동일스위트더파크뷰1단지",
            "투자타입":"일반",
            "전용면적(m2)":"110.67",
            "전용면적(평)":"33평",
            "법정동주소":"경기도 김포시 마산동 638-4",
            "도로명주소":"경기도 김포시 김포한강8로 173-88",
            "세대수":90,
            "입주년차":100,
            "용적률점수":"--",
            "건폐율점수":"--",
            "세대당주차수":60,
            "난방방식":100,
            "공급면적":"--",
            "전용률":"--",
            "욕실수":100,
            "현관타입":100,
            "주거총점":90.5,
            "지역구공급총점":50.0,
            "역세권":0,
            "30분내 이동가능 거점":0,
            "1시간내 이동가능 거점":10,
            "교통총점":2.0,
            "백화점":0,
            "아울렛몰":0,
            "대형마트":80,
            "은행":0,
            "병원":0,
            "종합병원":100,
            "공원":100,
            "혐오시설":0,
            "인프라총점":35.0,
            "초등학군":74.16,
            "중학군":45.7,
            "학군총점":51.392,
            "인구수":50.28,
            "인구증감":43.56,
            "인구총점":48.264,
            "일자리":22.9,
            "소득수준":53.37,
            "일자리총점":32.041,
            "가치 총점":37.0088,
            "매매실거래년":20211003.0,
            "매매실거래가":56000.0,
            "전세실거래년":20220115.0,
            "전세실거래가":36500.0,
            "전세가율":65.18,
            "장기전세가율평균":67.15,
            "전세가율거품지수":1.97,
            "검색코드":122646,
            "세대수":1021.0,
            "준공년월":"2020-12-17",
            "준공년차":3.0,
            "가까운역이름":"검단사거리",
            "가까운역거리":4420.16,
            "역세권여부":"비역세권",
            "30분이내주요거점역":0,
            "1시간이내주요거점역":1,
            "3km이내백화점수":0,
            "5km이내아울렛몰수":0,
            "1km이내대형먀트수":1,
            "500m이내은행수":0,
            "500m이내병원수":0,
            "5km이내대형병원수":2,
            "500m이내공원수":4,
            "3km이내혐오시설수":0,
            "초등학교학업성취도":74.16,
            "중학교학업성취도":74.1,
            "용적률":190,
            "건폐율":19,
            "Y":37.637129,
            "X":126.633981,
            "rank":34.0,
            "area_info":"33평(110.67), 33평(110.39), 33평(110.47)",
            "last_sales":"2021-10-03,56000.0,33평(110.67)"
        },
        {
            "index":194,
            "아파트명":"캐슬앤파밀리에시티1단지",
            "투자타입":"일반",
            "전용면적(m2)":"98.16",
            "전용면적(평)":"29평",
            "법정동주소":"경기도 김포시 고촌읍 태리 김포신곡6지구 도시개발사업구역 A1블록",
            "도로명주소":"경기도 김포시 태리로 236",
            "세대수":100,
            "입주년차":100,
            "용적률점수":"--",
            "건폐율점수":"--",
            "세대당주차수":30,
            "난방방식":30,
            "공급면적":"--",
            "전용률":"--",
            "욕실수":100,
            "현관타입":100,
            "주거총점":82.5,
            "지역구공급총점":50.0,
            "역세권":0,
            "30분내 이동가능 거점":0,
            "1시간내 이동가능 거점":30,
            "교통총점":6.0,
            "백화점":0,
            "아울렛몰":80,
            "대형마트":0,
            "은행":0,
            "병원":10,
            "종합병원":80,
            "공원":100,
            "혐오시설":0,
            "인프라총점":28.0,
            "초등학군":100.0,
            "중학군":57.7,
            "학군총점":66.16,
            "인구수":50.28,
            "인구증감":43.56,
            "인구총점":48.264,
            "일자리":22.9,
            "소득수준":53.37,
            "일자리총점":32.041,
            "가치 총점":36.924,
            "매매실거래년":20210917.0,
            "매매실거래가":100000.0,
            "전세실거래년":20210204.0,
            "전세실거래가":37000.0,
            "전세가율":54.81,
            "장기전세가율평균":67.15,
            "전세가율거품지수":12.34,
            "검색코드":122645,
            "세대수":2255.0,
            "준공년월":"2020-11-01",
            "준공년차":3.0,
            "가까운역이름":"계양",
            "가까운역거리":3098.72,
            "역세권여부":"비역세권",
            "30분이내주요거점역":0,
            "1시간이내주요거점역":3,
            "3km이내백화점수":0,
            "5km이내아울렛몰수":1,
            "1km이내대형먀트수":0,
            "500m이내은행수":0,
            "500m이내병원수":2,
            "5km이내대형병원수":1,
            "500m이내공원수":3,
            "3km이내혐오시설수":0,
            "초등학교학업성취도":100.0,
            "중학교학업성취도":92.7,
            "용적률":0,
            "건폐율":0,
            "Y":37.593847,
            "X":126.756582,
            "rank":35.0,
            "area_info":"29평(98.16), 32평(106.13), 33평(110.99), 33평(111.51), 34평(113.66), 39평(129.83), 39평(131.27), 39평(132.1), 44평(147.8), 49평(162.97)",
            "last_sales":"2021-09-17,100000.0,39평(129.83)"
        },
        {
            "index":669,
            "아파트명":"e편한세상캐널시티",
            "투자타입":"일반",
            "전용면적(m2)":"110.83",
            "전용면적(평)":"33평",
            "법정동주소":"경기도 김포시 장기동 2031",
            "도로명주소":"경기도 김포시 김포한강2로 41",
            "세대수":50,
            "입주년차":80,
            "용적률점수":"--",
            "건폐율점수":"--",
            "세대당주차수":30,
            "난방방식":100,
            "공급면적":"--",
            "전용률":"--",
            "욕실수":100,
            "현관타입":100,
            "주거총점":68.0,
            "지역구공급총점":50.0,
            "역세권":0,
            "30분내 이동가능 거점":0,
            "1시간내 이동가능 거점":30,
            "교통총점":6.0,
            "백화점":0,
            "아울렛몰":0,
            "대형마트":80,
            "은행":0,
            "병원":60,
            "종합병원":100,
            "공원":100,
            "혐오시설":0,
            "인프라총점":41.0,
            "초등학군":91.8,
            "중학군":50.82,
            "학군총점":59.016,
            "인구수":50.28,
            "인구증감":43.56,
            "인구총점":48.264,
            "일자리":22.9,
            "소득수준":53.37,
            "일자리총점":32.041,
            "가치 총점":36.8524,
            "매매실거래년":20211113.0,
            "매매실거래가":79000.0,
            "전세실거래년":20211215.0,
            "전세실거래가":29925.0,
            "전세가율":39.64,
            "장기전세가율평균":67.15,
            "전세가율거품지수":27.51,
            "검색코드":109515,
            "세대수":639.0,
            "준공년월":"2017-08-30",
            "준공년차":6.0,
            "가까운역이름":"검단사거리",
            "가까운역거리":4664.28,
            "역세권여부":"비역세권",
            "30분이내주요거점역":0,
            "1시간이내주요거점역":3,
            "3km이내백화점수":0,
            "5km이내아울렛몰수":0,
            "1km이내대형먀트수":1,
            "500m이내은행수":0,
            "500m이내병원수":15,
            "5km이내대형병원수":3,
            "500m이내공원수":4,
            "3km이내혐오시설수":0,
            "초등학교학업성취도":91.8,
            "중학교학업성취도":83.9,
            "용적률":299,
            "건폐율":49,
            "Y":37.640488,
            "X":126.677724,
            "rank":36.0,
            "area_info":"33평(110.83), 33평(110.83), 33평(111.05), 33평(111.05), 33평(111.35), 33평(111.05)",
            "last_sales":"2021-11-13,79000.0,33평(111.05)"
        },
        {
            "index":322,
            "아파트명":"한강신도시반도유보라5차",
            "투자타입":"일반",
            "전용면적(m2)":"122.27",
            "전용면적(평)":"36평",
            "법정동주소":"경기도 김포시 구래동 6873-19",
            "도로명주소":"경기도 김포시 김포한강9로 116",
            "세대수":50,
            "입주년차":80,
            "용적률점수":"--",
            "건폐율점수":"--",
            "세대당주차수":60,
            "난방방식":100,
            "공급면적":"--",
            "전용률":"--",
            "욕실수":100,
            "현관타입":100,
            "주거총점":72.5,
            "지역구공급총점":50.0,
            "역세권":0,
            "30분내 이동가능 거점":0,
            "1시간내 이동가능 거점":30,
            "교통총점":6.0,
            "백화점":0,
            "아울렛몰":0,
            "대형마트":80,
            "은행":20,
            "병원":80,
            "종합병원":80,
            "공원":80,
            "혐오시설":0,
            "인프라총점":40.4,
            "초등학군":91.72,
            "중학군":43.48,
            "학군총점":53.128,
            "인구수":50.28,
            "인구증감":43.56,
            "인구총점":48.264,
            "일자리":22.9,
            "소득수준":53.37,
            "일자리총점":32.041,
            "가치 총점":36.6892,
            "매매실거래년":20211128.0,
            "매매실거래가":57500.0,
            "전세실거래년":20211126.0,
            "전세실거래가":31500.0,
            "전세가율":45.0,
            "장기전세가율평균":67.15,
            "전세가율거품지수":22.15,
            "검색코드":112977,
            "세대수":480.0,
            "준공년월":"2018-01-23",
            "준공년차":5.0,
            "가까운역이름":"검단사거리",
            "가까운역거리":5740.91,
            "역세권여부":"비역세권",
            "30분이내주요거점역":0,
            "1시간이내주요거점역":3,
            "3km이내백화점수":0,
            "5km이내아울렛몰수":0,
            "1km이내대형먀트수":1,
            "500m이내은행수":2,
            "500m이내병원수":59,
            "5km이내대형병원수":1,
            "500m이내공원수":1,
            "3km이내혐오시설수":0,
            "초등학교학업성취도":91.72,
            "중학교학업성취도":69.4,
            "용적률":209,
            "건폐율":19,
            "Y":37.647319,
            "X":126.626229,
            "rank":37.0,
            "area_info":"36평(122.27), 38평(127.93), 39평(131.9)",
            "last_sales":"2021-11-28,57500.0,38평(127.93)"
        },
        {
            "index":684,
            "아파트명":"고창마을자연앤어울림",
            "투자타입":"일반",
            "전용면적(m2)":"110.19",
            "전용면적(평)":"33평",
            "법정동주소":"경기도 김포시 장기동 1629",
            "도로명주소":"경기도 김포시 김포한강2로 192",
            "세대수":50,
            "입주년차":60,
            "용적률점수":"--",
            "건폐율점수":"--",
            "세대당주차수":30,
            "난방방식":100,
            "공급면적":"--",
            "전용률":"--",
            "욕실수":100,
            "현관타입":100,
            "주거총점":64.0,
            "지역구공급총점":50.0,
            "역세권":0,
            "30분내 이동가능 거점":0,
            "1시간내 이동가능 거점":40,
            "교통총점":8.0,
            "백화점":0,
            "아울렛몰":0,
            "대형마트":0,
            "은행":100,
            "병원":80,
            "종합병원":100,
            "공원":100,
            "혐오시설":0,
            "인프라총점":41.0,
            "초등학군":88.48,
            "중학군":50.96,
            "학군총점":58.464,
            "인구수":50.28,
            "인구증감":43.56,
            "인구총점":48.264,
            "일자리":22.9,
            "소득수준":53.37,
            "일자리총점":32.041,
            "가치 총점":36.6696,
            "매매실거래년":20211225.0,
            "매매실거래가":56000.0,
            "전세실거래년":20211227.0,
            "전세실거래가":23000.0,
            "전세가율":41.07,
            "장기전세가율평균":67.15,
            "전세가율거품지수":26.08,
            "검색코드":26242,
            "세대수":574.0,
            "준공년월":"2009-05-15",
            "준공년차":14.0,
            "가까운역이름":"검단사거리",
            "가까운역거리":4825.03,
            "역세권여부":"비역세권",
            "30분이내주요거점역":0,
            "1시간이내주요거점역":4,
            "3km이내백화점수":0,
            "5km이내아울렛몰수":0,
            "1km이내대형먀트수":0,
            "500m이내은행수":5,
            "500m이내병원수":51,
            "5km이내대형병원수":3,
            "500m이내공원수":18,
            "3km이내혐오시설수":0,
            "초등학교학업성취도":88.48,
            "중학교학업성취도":83.2,
            "용적률":187,
            "건폐율":18,
            "Y":37.644837,
            "X":126.66458,
            "rank":38.0,
            "area_info":"33평(110.19), 33평(111.56), 33평(112.31)",
            "last_sales":"2021-12-25,56000.0,33평(110.19)"
        },
        {
            "index":721,
            "아파트명":"청송현대홈타운2단지",
            "투자타입":"일반",
            "전용면적(m2)":"109.12",
            "전용면적(평)":"33평",
            "법정동주소":"경기도 김포시 장기동 1342",
            "도로명주소":"경기도 김포시 청송로 20",
            "세대수":90,
            "입주년차":20,
            "용적률점수":"--",
            "건폐율점수":"--",
            "세대당주차수":60,
            "난방방식":30,
            "공급면적":"--",
            "전용률":"--",
            "욕실수":100,
            "현관타입":100,
            "주거총점":67.5,
            "지역구공급총점":50.0,
            "역세권":0,
            "30분내 이동가능 거점":0,
            "1시간내 이동가능 거점":30,
            "교통총점":6.0,
            "백화점":0,
            "아울렛몰":0,
            "대형마트":0,
            "은행":100,
            "병원":80,
            "종합병원":100,
            "공원":100,
            "혐오시설":0,
            "인프라총점":41.0,
            "초등학군":87.8,
            "중학군":50.96,
            "학군총점":58.328,
            "인구수":50.28,
            "인구증감":43.56,
            "인구총점":48.264,
            "일자리":22.9,
            "소득수준":53.37,
            "일자리총점":32.041,
            "가치 총점":36.6492,
            "매매실거래년":20220102.0,
            "매매실거래가":53000.0,
            "전세실거래년":20211213.0,
            "전세실거래가":30000.0,
            "전세가율":56.6,
            "장기전세가율평균":67.15,
            "전세가율거품지수":10.55,
            "검색코드":3587,
            "세대수":1326.0,
            "준공년월":"2001-12-08",
            "준공년차":22.0,
            "가까운역이름":"검단사거리",
            "가까운역거리":5191.57,
            "역세권여부":"비역세권",
            "30분이내주요거점역":0,
            "1시간이내주요거점역":3,
            "3km이내백화점수":0,
            "5km이내아울렛몰수":0,
            "1km이내대형먀트수":0,
            "500m이내은행수":5,
            "500m이내병원수":45,
            "5km이내대형병원수":2,
            "500m이내공원수":16,
            "3km이내혐오시설수":0,
            "초등학교학업성취도":87.8,
            "중학교학업성취도":83.2,
            "용적률":210,
            "건폐율":15,
            "Y":37.647698,
            "X":126.668245,
            "rank":39.0,
            "area_info":"33평(109.12), 43평(142.34), 51평(170.28), 65평(216.47), 76평(253.91)",
            "last_sales":"2022-01-02,53000.0,33평(109.12)"
        },
        {
            "index":623,
            "아파트명":"한강신도시반도유보라2차",
            "투자타입":"일반",
            "전용면적(m2)":"80.79",
            "전용면적(평)":"24평",
            "법정동주소":"경기도 김포시 운양동 1300-3",
            "도로명주소":"경기도 김포시 김포한강11로 276",
            "세대수":90,
            "입주년차":60,
            "용적률점수":"--",
            "건폐율점수":"--",
            "세대당주차수":30,
            "난방방식":100,
            "공급면적":"--",
            "전용률":"--",
            "욕실수":100,
            "현관타입":100,
            "주거총점":78.0,
            "지역구공급총점":50.0,
            "역세권":0,
            "30분내 이동가능 거점":0,
            "1시간내 이동가능 거점":50,
            "교통총점":10.0,
            "백화점":0,
            "아울렛몰":0,
            "대형마트":0,
            "은행":0,
            "병원":60,
            "종합병원":100,
            "공원":80,
            "혐오시설":0,
            "인프라총점":28.4,
            "초등학군":84.39,
            "중학군":53.84,
            "학군총점":59.95,
            "인구수":50.28,
            "인구증감":43.56,
            "인구총점":48.264,
            "일자리":22.9,
            "소득수준":53.37,
            "일자리총점":32.041,
            "가치 총점":36.6125,
            "매매실거래년":20220106.0,
            "매매실거래가":57000.0,
            "전세실거래년":20220112.0,
            "전세실거래가":32000.0,
            "전세가율":60.38,
            "장기전세가율평균":67.15,
            "전세가율거품지수":6.77,
            "검색코드":103407,
            "세대수":1498.0,
            "준공년월":"2013-11-14",
            "준공년차":10.0,
            "가까운역이름":"검단사거리",
            "가까운역거리":6196.08,
            "역세권여부":"비역세권",
            "30분이내주요거점역":0,
            "1시간이내주요거점역":5,
            "3km이내백화점수":0,
            "5km이내아울렛몰수":0,
            "1km이내대형먀트수":0,
            "500m이내은행수":0,
            "500m이내병원수":23,
            "5km이내대형병원수":2,
            "500m이내공원수":1,
            "3km이내혐오시설수":0,
            "초등학교학업성취도":84.39,
            "중학교학업성취도":88.0,
            "용적률":179,
            "건폐율":14,
            "Y":37.654361,
            "X":126.680649,
            "rank":40.0,
            "area_info":"24평(80.79), 24평(80.76), 24평(81.08), 24평(81.82)",
            "last_sales":"2022-01-06,57000.0,24평(81.82)"
        },
        {
            "index":215,
            "아파트명":"힐스테이트리버시티1단지",
            "투자타입":"일반",
            "전용면적(m2)":"88.86",
            "전용면적(평)":"26평",
            "법정동주소":"경기도 김포시 고촌읍 향산리 향산지구 도시개발사업구역 A1블럭 1롯트",
            "도로명주소":"경기도 김포시 상미로 38",
            "세대수":100,
            "입주년차":100,
            "용적률점수":"--",
            "건폐율점수":"--",
            "세대당주차수":30,
            "난방방식":30,
            "공급면적":"--",
            "전용률":"--",
            "욕실수":100,
            "현관타입":100,
            "주거총점":82.5,
            "지역구공급총점":50.0,
            "역세권":0,
            "30분내 이동가능 거점":0,
            "1시간내 이동가능 거점":20,
            "교통총점":4.0,
            "백화점":0,
            "아울렛몰":100,
            "대형마트":0,
            "은행":0,
            "병원":0,
            "종합병원":100,
            "공원":100,
            "혐오시설":0,
            "인프라총점":33.0,
            "초등학군":100.0,
            "중학군":47.94,
            "학군총점":58.352,
            "인구수":50.28,
            "인구증감":43.56,
            "인구총점":48.264,
            "일자리":22.9,
            "소득수준":53.37,
            "일자리총점":32.041,
            "가치 총점":36.5528,
            "매매실거래년":20201102.0,
            "매매실거래가":82280.0,
            "전세실거래년":null,
            "전세실거래가":null,
            "전세가율":null,
            "장기전세가율평균":67.15,
            "전세가율거품지수":null,
            "검색코드":122678,
            "세대수":1568.0,
            "준공년월":"2020-08-01",
            "준공년차":3.0,
            "가까운역이름":"마두",
            "가까운역거리":4523.17,
            "역세권여부":"비역세권",
            "30분이내주요거점역":0,
            "1시간이내주요거점역":2,
            "3km이내백화점수":0,
            "5km이내아울렛몰수":2,
            "1km이내대형먀트수":0,
            "500m이내은행수":0,
            "500m이내병원수":1,
            "5km이내대형병원수":2,
            "500m이내공원수":2,
            "3km이내혐오시설수":0,
            "초등학교학업성취도":100.0,
            "중학교학업성취도":77.9,
            "용적률":0,
            "건폐율":0,
            "Y":37.621007,
            "X":126.744659,
            "rank":41.0,
            "area_info":"26평(88.86), 26평(88.38), 27평(90.04), 30평(99.58), 30평(100.24), 30평(100.24), 33평(109.66), 33평(109.35), 33평(109.66), 33평(110.02), 33평(110.26), 33평(110.93), 33평(110.02), 33평(111.07), 35평(116.44), 36평(121.5), 36평(121.38), 39평(129.52), 39평(130.55), 40평(132.28), 40평(132.28), 40평(133.93), 40평(133.93), 44평(147.0), 44평(147.1), 45평(151.5), 46평(152.75), 46평(152.31), 48평(160.94)",
            "last_sales":"2020-11-02,82280.0,40평(133.93)"
        },
        {
            "index":754,
            "아파트명":"한강센트럴자이2단지",
            "투자타입":"일반",
            "전용면적(m2)":"112.47",
            "전용면적(평)":"34평",
            "법정동주소":"경기도 김포시 장기동 2187",
            "도로명주소":"경기도 김포시 태장로 846",
            "세대수":50,
            "입주년차":80,
            "용적률점수":"--",
            "건폐율점수":"--",
            "세대당주차수":30,
            "난방방식":100,
            "공급면적":"--",
            "전용률":"--",
            "욕실수":100,
            "현관타입":100,
            "주거총점":68.0,
            "지역구공급총점":50.0,
            "역세권":0,
            "30분내 이동가능 거점":0,
            "1시간내 이동가능 거점":20,
            "교통총점":4.0,
            "백화점":0,
            "아울렛몰":0,
            "대형마트":80,
            "은행":0,
            "병원":60,
            "종합병원":100,
            "공원":100,
            "혐오시설":0,
            "인프라총점":41.0,
            "초등학군":91.8,
            "중학군":53.98,
            "학군총점":61.544,
            "인구수":50.28,
            "인구증감":43.56,
            "인구총점":48.264,
            "일자리":22.9,
            "소득수준":53.37,
            "일자리총점":32.041,
            "가치 총점":36.5316,
            "매매실거래년":20211127.0,
            "매매실거래가":66500.0,
            "전세실거래년":20211204.0,
            "전세실거래가":44000.0,
            "전세가율":66.17,
            "장기전세가율평균":67.15,
            "전세가율거품지수":0.98,
            "검색코드":109841,
            "세대수":598.0,
            "준공년월":"2017-05-29",
            "준공년차":6.0,
            "가까운역이름":"검단사거리",
            "가까운역거리":4005.13,
            "역세권여부":"비역세권",
            "30분이내주요거점역":0,
            "1시간이내주요거점역":2,
            "3km이내백화점수":0,
            "5km이내아울렛몰수":0,
            "1km이내대형먀트수":1,
            "500m이내은행수":0,
            "500m이내병원수":11,
            "5km이내대형병원수":4,
            "500m이내공원수":2,
            "3km이내혐오시설수":0,
            "초등학교학업성취도":91.8,
            "중학교학업성취도":87.7,
            "용적률":185,
            "건폐율":17,
            "Y":37.635331,
            "X":126.673875,
            "rank":42.0,
            "area_info":"34평(112.47), 34평(112.69), 34평(112.46), 34평(113.8), 39평(132.0), 39평(132.01)",
            "last_sales":"2021-11-27,66500.0,34평(112.47)"
        },
        {
            "index":410,
            "아파트명":"북변산호",
            "투자타입":"일반",
            "전용면적(m2)":"76.78",
            "전용면적(평)":"23평",
            "법정동주소":"경기도 김포시 북변동 690",
            "도로명주소":"경기도 김포시 북변1로16번길 34",
            "세대수":90,
            "입주년차":0,
            "용적률점수":"--",
            "건폐율점수":"--",
            "세대당주차수":0,
            "난방방식":30,
            "공급면적":"--",
            "전용률":"--",
            "욕실수":50,
            "현관타입":100,
            "주거총점":49.5,
            "지역구공급총점":50.0,
            "역세권":0,
            "30분내 이동가능 거점":0,
            "1시간내 이동가능 거점":70,
            "교통총점":14.0,
            "백화점":0,
            "아울렛몰":0,
            "대형마트":100,
            "은행":0,
            "병원":60,
            "종합병원":100,
            "공원":100,
            "혐오시설":0,
            "인프라총점":44.0,
            "초등학군":83.82,
            "중학군":49.64,
            "학군총점":56.476,
            "인구수":50.28,
            "인구증감":43.56,
            "인구총점":48.264,
            "일자리":22.9,
            "소득수준":53.37,
            "일자리총점":32.041,
            "가치 총점":36.4714,
            "매매실거래년":20211218.0,
            "매매실거래가":38000.0,
            "전세실거래년":20211119.0,
            "전세실거래가":24500.0,
            "전세가율":70.0,
            "장기전세가율평균":67.15,
            "전세가율거품지수":-2.85,
            "검색코드":3877,
            "세대수":909.0,
            "준공년월":"1995-06-03",
            "준공년차":28.0,
            "가까운역이름":"마전",
            "가까운역거리":4804.8,
            "역세권여부":"비역세권",
            "30분이내주요거점역":0,
            "1시간이내주요거점역":7,
            "3km이내백화점수":0,
            "5km이내아울렛몰수":0,
            "1km이내대형먀트수":4,
            "500m이내은행수":1,
            "500m이내병원수":18,
            "5km이내대형병원수":2,
            "500m이내공원수":4,
            "3km이내혐오시설수":0,
            "초등학교학업성취도":83.82,
            "중학교학업성취도":81.4,
            "용적률":226,
            "건폐율":26,
            "Y":37.62868,
            "X":126.70485,
            "rank":43.0,
            "area_info":"23평(76.78), 23평(78.43), 23평(78.01)",
            "last_sales":"2021-12-18,38000.0,23평(78.01)"
        },
        {
            "index":317,
            "아파트명":"한강신도시반도유보라4차",
            "투자타입":"일반",
            "전용면적(m2)":"105.46",
            "전용면적(평)":"31평",
            "법정동주소":"경기도 김포시 구래동 6886-6",
            "도로명주소":"경기도 김포시 김포한강4로 487",
            "세대수":50,
            "입주년차":80,
            "용적률점수":"--",
            "건폐율점수":"--",
            "세대당주차수":80,
            "난방방식":100,
            "공급면적":"--",
            "전용률":"--",
            "욕실수":100,
            "현관타입":100,
            "주거총점":75.5,
            "지역구공급총점":50.0,
            "역세권":0,
            "30분내 이동가능 거점":0,
            "1시간내 이동가능 거점":30,
            "교통총점":6.0,
            "백화점":0,
            "아울렛몰":0,
            "대형마트":80,
            "은행":20,
            "병원":80,
            "종합병원":80,
            "공원":80,
            "혐오시설":-100,
            "인프라총점":38.4,
            "초등학군":83.84,
            "중학군":43.48,
            "학군총점":51.552,
            "인구수":50.28,
            "인구증감":43.56,
            "인구총점":48.264,
            "일자리":22.9,
            "소득수준":53.37,
            "일자리총점":32.041,
            "가치 총점":36.4528,
            "매매실거래년":20211026.0,
            "매매실거래가":70000.0,
            "전세실거래년":20211109.0,
            "전세실거래가":38000.0,
            "전세가율":54.29,
            "장기전세가율평균":67.15,
            "전세가율거품지수":12.86,
            "검색코드":110480,
            "세대수":461.0,
            "준공년월":"2018-01-24",
            "준공년차":5.0,
            "가까운역이름":"검단사거리",
            "가까운역거리":5485.62,
            "역세권여부":"비역세권",
            "30분이내주요거점역":0,
            "1시간이내주요거점역":3,
            "3km이내백화점수":0,
            "5km이내아울렛몰수":0,
            "1km이내대형먀트수":1,
            "500m이내은행수":2,
            "500m이내병원수":48,
            "5km이내대형병원수":1,
            "500m이내공원수":1,
            "3km이내혐오시설수":2,
            "초등학교학업성취도":83.84,
            "중학교학업성취도":69.4,
            "용적률":299,
            "건폐율":42,
            "Y":37.646299,
            "X":126.630086,
            "rank":44.0,
            "area_info":"31평(105.46), 31평(105.57), 31평(105.49), 31평(105.76), 34평(115.45)",
            "last_sales":"2021-10-26,70000.0,31평(105.46)"
        },
        {
            "index":325,
            "아파트명":"한강신도시푸르지오3차",
            "투자타입":"일반",
            "전용면적(m2)":"81.97",
            "전용면적(평)":"24평",
            "법정동주소":"경기도 김포시 구래동 6895-2",
            "도로명주소":"경기도 김포시 김포한강8로 409",
            "세대수":100,
            "입주년차":80,
            "용적률점수":"--",
            "건폐율점수":"--",
            "세대당주차수":30,
            "난방방식":100,
            "공급면적":"--",
            "전용률":"--",
            "욕실수":100,
            "현관타입":100,
            "주거총점":85.5,
            "지역구공급총점":50.0,
            "역세권":0,
            "30분내 이동가능 거점":0,
            "1시간내 이동가능 거점":10,
            "교통총점":2.0,
            "백화점":0,
            "아울렛몰":0,
            "대형마트":80,
            "은행":0,
            "병원":80,
            "종합병원":80,
            "공원":80,
            "혐오시설":0,
            "인프라총점":38.4,
            "초등학군":61.03,
            "중학군":43.48,
            "학군총점":46.99,
            "인구수":50.28,
            "인구증감":43.56,
            "인구총점":48.264,
            "일자리":22.9,
            "소득수준":53.37,
            "일자리총점":32.041,
            "가치 총점":36.3685,
            "매매실거래년":20220115.0,
            "매매실거래가":43000.0,
            "전세실거래년":20220106.0,
            "전세실거래가":34000.0,
            "전세가율":73.59,
            "장기전세가율평균":67.15,
            "전세가율거품지수":-6.44,
            "검색코드":109526,
            "세대수":1510.0,
            "준공년월":"2017-05-23",
            "준공년차":6.0,
            "가까운역이름":"검단오류",
            "가까운역거리":5176.64,
            "역세권여부":"비역세권",
            "30분이내주요거점역":0,
            "1시간이내주요거점역":1,
            "3km이내백화점수":0,
            "5km이내아울렛몰수":0,
            "1km이내대형먀트수":1,
            "500m이내은행수":0,
            "500m이내병원수":32,
            "5km이내대형병원수":1,
            "500m이내공원수":1,
            "3km이내혐오시설수":0,
            "초등학교학업성취도":61.03,
            "중학교학업성취도":69.4,
            "용적률":180,
            "건폐율":13,
            "Y":37.641306,
            "X":126.622864,
            "rank":45.0,
            "area_info":"24평(81.97), 24평(82.54), 24평(82.64), 24평(82.38)",
            "last_sales":"2022-01-15,43000.0,24평(82.64)"
        },
        {
            "index":680,
            "아파트명":"고창마을신영지웰",
            "투자타입":"일반",
            "전용면적(m2)":"112.08",
            "전용면적(평)":"33평",
            "법정동주소":"경기도 김포시 장기동 1624",
            "도로명주소":"경기도 김포시 김포한강2로 168",
            "세대수":0,
            "입주년차":40,
            "용적률점수":"--",
            "건폐율점수":"--",
            "세대당주차수":30,
            "난방방식":100,
            "공급면적":"--",
            "전용률":"--",
            "욕실수":100,
            "현관타입":100,
            "주거총점":42.5,
            "지역구공급총점":50.0,
            "역세권":0,
            "30분내 이동가능 거점":0,
            "1시간내 이동가능 거점":40,
            "교통총점":8.0,
            "백화점":0,
            "아울렛몰":0,
            "대형마트":80,
            "은행":100,
            "병원":80,
            "종합병원":100,
            "공원":100,
            "혐오시설":0,
            "인프라총점":53.0,
            "초등학군":88.48,
            "중학군":53.98,
            "학군총점":60.88,
            "인구수":50.28,
            "인구증감":43.56,
            "인구총점":48.264,
            "일자리":22.9,
            "소득수준":53.37,
            "일자리총점":32.041,
            "가치 총점":36.332,
            "매매실거래년":20211116.0,
            "매매실거래가":57000.0,
            "전세실거래년":20220115.0,
            "전세실거래가":24000.0,
            "전세가율":42.11,
            "장기전세가율평균":67.15,
            "전세가율거품지수":25.04,
            "검색코드":26228,
            "세대수":267.0,
            "준공년월":"2008-05-30",
            "준공년차":15.0,
            "가까운역이름":"검단사거리",
            "가까운역거리":4637.17,
            "역세권여부":"비역세권",
            "30분이내주요거점역":0,
            "1시간이내주요거점역":4,
            "3km이내백화점수":0,
            "5km이내아울렛몰수":0,
            "1km이내대형먀트수":1,
            "500m이내은행수":5,
            "500m이내병원수":40,
            "5km이내대형병원수":3,
            "500m이내공원수":17,
            "3km이내혐오시설수":0,
            "초등학교학업성취도":88.48,
            "중학교학업성취도":87.7,
            "용적률":191,
            "건폐율":15,
            "Y":37.642835,
            "X":126.666836,
            "rank":46.0,
            "area_info":"33평(112.08), 33평(112.26)",
            "last_sales":"2021-11-16,57000.0,33평(112.08)"
        },
        {
            "index":470,
            "아파트명":"풍년1단지동양,신명",
            "투자타입":"일반",
            "전용면적(m2)":"107.41",
            "전용면적(평)":"32평",
            "법정동주소":"경기도 김포시 사우동 912",
            "도로명주소":"경기도 김포시 사우중로74번길 12",
            "세대수":30,
            "입주년차":20,
            "용적률점수":"--",
            "건폐율점수":"--",
            "세대당주차수":30,
            "난방방식":30,
            "공급면적":"--",
            "전용률":"--",
            "욕실수":100,
            "현관타입":100,
            "주거총점":42.0,
            "지역구공급총점":50.0,
            "역세권":0,
            "30분내 이동가능 거점":20,
            "1시간내 이동가능 거점":80,
            "교통총점":22.0,
            "백화점":0,
            "아울렛몰":0,
            "대형마트":0,
            "은행":100,
            "병원":80,
            "종합병원":80,
            "공원":100,
            "혐오시설":0,
            "인프라총점":37.0,
            "초등학군":86.24,
            "중학군":54.34,
            "학군총점":60.72,
            "인구수":50.28,
            "인구증감":43.56,
            "인구총점":48.264,
            "일자리":22.9,
            "소득수준":53.37,
            "일자리총점":32.041,
            "가치 총점":36.308,
            "매매실거래년":20220104.0,
            "매매실거래가":47500.0,
            "전세실거래년":20220117.0,
            "전세실거래가":35000.0,
            "전세가율":73.68,
            "장기전세가율평균":67.15,
            "전세가율거품지수":-6.53,
            "검색코드":3930,
            "세대수":384.0,
            "준공년월":"1999-04-12",
            "준공년차":24.0,
            "가까운역이름":"완정",
            "가까운역거리":5222.47,
            "역세권여부":"비역세권",
            "30분이내주요거점역":1,
            "1시간이내주요거점역":8,
            "3km이내백화점수":0,
            "5km이내아울렛몰수":0,
            "1km이내대형먀트수":0,
            "500m이내은행수":5,
            "500m이내병원수":43,
            "5km이내대형병원수":1,
            "500m이내공원수":7,
            "3km이내혐오시설수":0,
            "초등학교학업성취도":86.24,
            "중학교학업성취도":88.3,
            "용적률":206,
            "건폐율":16,
            "Y":37.620711,
            "X":126.721003,
            "rank":47.0,
            "area_info":"32평(107.41)",
            "last_sales":"2022-01-04,47500.0,32평(107.41)"
        },
        {
            "index":604,
            "아파트명":"한강신도시e편한세상",
            "투자타입":"일반",
            "전용면적(m2)":"129.02",
            "전용면적(평)":"39평",
            "법정동주소":"경기도 김포시 운양동 1250-3",
            "도로명주소":"경기도 김포시 김포한강11로 287",
            "세대수":90,
            "입주년차":60,
            "용적률점수":"--",
            "건폐율점수":"--",
            "세대당주차수":60,
            "난방방식":100,
            "공급면적":"--",
            "전용률":"--",
            "욕실수":100,
            "현관타입":100,
            "주거총점":82.5,
            "지역구공급총점":50.0,
            "역세권":0,
            "30분내 이동가능 거점":0,
            "1시간내 이동가능 거점":30,
            "교통총점":6.0,
            "백화점":0,
            "아울렛몰":0,
            "대형마트":0,
            "은행":0,
            "병원":60,
            "종합병원":100,
            "공원":100,
            "혐오시설":0,
            "인프라총점":29.0,
            "초등학군":84.39,
            "중학군":53.84,
            "학군총점":59.95,
            "인구수":50.28,
            "인구증감":43.56,
            "인구총점":48.264,
            "일자리":22.9,
            "소득수준":53.37,
            "일자리총점":32.041,
            "가치 총점":36.2925,
            "매매실거래년":20211022.0,
            "매매실거래가":75500.0,
            "전세실거래년":20210722.0,
            "전세실거래가":45000.0,
            "전세가율":59.6,
            "장기전세가율평균":67.15,
            "전세가율거품지수":7.55,
            "검색코드":101358,
            "세대수":955.0,
            "준공년월":"2012-07-13",
            "준공년차":11.0,
            "가까운역이름":"대화",
            "가까운역거리":6197.24,
            "역세권여부":"비역세권",
            "30분이내주요거점역":0,
            "1시간이내주요거점역":3,
            "3km이내백화점수":0,
            "5km이내아울렛몰수":0,
            "1km이내대형먀트수":0,
            "500m이내은행수":0,
            "500m이내병원수":17,
            "5km이내대형병원수":2,
            "500m이내공원수":19,
            "3km이내혐오시설수":0,
            "초등학교학업성취도":84.39,
            "중학교학업성취도":88.0,
            "용적률":219,
            "건폐율":19,
            "Y":37.657762,
            "X":126.681076,
            "rank":48.0,
            "area_info":"39평(129.02), 39평(129.99), 39평(130.39), 46평(152.61), 46평(153.73), 46평(154.68), 47평(155.84), 53평(176.87), 60평(199.73)",
            "last_sales":"2021-10-22,75500.0,39평(129.02)"
        },
        {
            "index":474,
            "아파트명":"풍년1단지현대",
            "투자타입":"일반",
            "전용면적(m2)":"73.43",
            "전용면적(평)":"22평",
            "법정동주소":"경기도 김포시 사우동 911",
            "도로명주소":"경기도 김포시 사우로 12",
            "세대수":50,
            "입주년차":0,
            "용적률점수":"--",
            "건폐율점수":"--",
            "세대당주차수":0,
            "난방방식":30,
            "공급면적":"--",
            "전용률":"--",
            "욕실수":100,
            "현관타입":100,
            "주거총점":40.5,
            "지역구공급총점":50.0,
            "역세권":0,
            "30분내 이동가능 거점":20,
            "1시간내 이동가능 거점":80,
            "교통총점":22.0,
            "백화점":0,
            "아울렛몰":0,
            "대형마트":0,
            "은행":100,
            "병원":80,
            "종합병원":80,
            "공원":100,
            "혐오시설":0,
            "인프라총점":37.0,
            "초등학군":86.24,
            "중학군":54.34,
            "학군총점":60.72,
            "인구수":50.28,
            "인구증감":43.56,
            "인구총점":48.264,
            "일자리":22.9,
            "소득수준":53.37,
            "일자리총점":32.041,
            "가치 총점":36.008,
            "매매실거래년":20211011.0,
            "매매실거래가":36700.0,
            "전세실거래년":20211210.0,
            "전세실거래가":20450.0,
            "전세가율":51.9,
            "장기전세가율평균":67.15,
            "전세가율거품지수":15.25,
            "검색코드":3935,
            "세대수":500.0,
            "준공년월":"1998-11-23",
            "준공년차":25.0,
            "가까운역이름":"완정",
            "가까운역거리":5309.49,
            "역세권여부":"비역세권",
            "30분이내주요거점역":1,
            "1시간이내주요거점역":8,
            "3km이내백화점수":0,
            "5km이내아울렛몰수":0,
            "1km이내대형먀트수":0,
            "500m이내은행수":5,
            "500m이내병원수":43,
            "5km이내대형병원수":1,
            "500m이내공원수":5,
            "3km이내혐오시설수":0,
            "초등학교학업성취도":86.24,
            "중학교학업성취도":88.3,
            "용적률":208,
            "건폐율":20,
            "Y":37.62039,
            "X":126.72251,
            "rank":49.0,
            "area_info":"22평(73.43), 22평(73.36), 22평(73.41)",
            "last_sales":"2021-10-11,36700.0,22평(73.36)"
        },
        {
            "index":598,
            "아파트명":"한강신도시2차KCC스위첸",
            "투자타입":"일반",
            "전용면적(m2)":"112.5",
            "전용면적(평)":"34평",
            "법정동주소":"경기도 김포시 운양동 1331-1",
            "도로명주소":"경기도 김포시 김포한강11로 37",
            "세대수":90,
            "입주년차":80,
            "용적률점수":"--",
            "건폐율점수":"--",
            "세대당주차수":60,
            "난방방식":100,
            "공급면적":"--",
            "전용률":"--",
            "욕실수":100,
            "현관타입":100,
            "주거총점":86.5,
            "지역구공급총점":50.0,
            "역세권":0,
            "30분내 이동가능 거점":0,
            "1시간내 이동가능 거점":50,
            "교통총점":10.0,
            "백화점":0,
            "아울렛몰":0,
            "대형마트":0,
            "은행":0,
            "병원":0,
            "종합병원":100,
            "공원":0,
            "혐오시설":0,
            "인프라총점":20.0,
            "초등학군":88.9,
            "중학군":53.84,
            "학군총점":60.852,
            "인구수":50.28,
            "인구증감":43.56,
            "인구총점":48.264,
            "일자리":22.9,
            "소득수준":53.37,
            "일자리총점":32.041,
            "가치 총점":35.9278,
            "매매실거래년":20211024.0,
            "매매실거래가":74000.0,
            "전세실거래년":20211202.0,
            "전세실거래가":37000.0,
            "전세가율":50.0,
            "장기전세가율평균":67.15,
            "전세가율거품지수":17.15,
            "검색코드":110544,
            "세대수":1296.0,
            "준공년월":"2018-02-14",
            "준공년차":5.0,
            "가까운역이름":"검단사거리",
            "가까운역거리":5557.33,
            "역세권여부":"비역세권",
            "30분이내주요거점역":0,
            "1시간이내주요거점역":5,
            "3km이내백화점수":0,
            "5km이내아울렛몰수":0,
            "1km이내대형먀트수":0,
            "500m이내은행수":0,
            "500m이내병원수":0,
            "5km이내대형병원수":2,
            "500m이내공원수":0,
            "3km이내혐오시설수":0,
            "초등학교학업성취도":88.9,
            "중학교학업성취도":88.0,
            "용적률":179,
            "건폐율":10,
            "Y":37.643862,
            "X":126.691286,
            "rank":50.0,
            "area_info":"34평(112.5), 34평(112.9), 34평(113.97), 34평(113.32), 34평(113.27), 34평(113.51)",
            "last_sales":"2021-10-24,74000.0,34평(112.5)"
        },
        {
            "index":462,
            "아파트명":"원미",
            "투자타입":"재건축",
            "전용면적(m2)":"59.17",
            "전용면적(평)":"17평",
            "법정동주소":"경기도 김포시 사우동 300",
            "도로명주소":"경기도 김포시 조리미로 39-36",
            "세대수":0,
            "입주년차":"--",
            "용적률점수":100,
            "건폐율점수":0,
            "세대당주차수":"--",
            "난방방식":"--",
            "공급면적":50,
            "전용률":60,
            "욕실수":"--",
            "현관타입":"--",
            "주거총점":45.5,
            "지역구공급총점":50.0,
            "역세권":0,
            "30분내 이동가능 거점":0,
            "1시간내 이동가능 거점":70,
            "교통총점":14.0,
            "백화점":0,
            "아울렛몰":0,
            "대형마트":80,
            "은행":100,
            "병원":60,
            "종합병원":80,
            "공원":100,
            "혐오시설":0,
            "인프라총점":47.0,
            "초등학군":82.39,
            "중학군":44.62,
            "학군총점":52.174,
            "인구수":50.28,
            "인구증감":43.56,
            "인구총점":48.264,
            "일자리":22.9,
            "소득수준":53.37,
            "일자리총점":32.041,
            "가치 총점":35.9261,
            "매매실거래년":20191210.0,
            "매매실거래가":21000.0,
            "전세실거래년":20161027.0,
            "전세실거래가":3500.0,
            "전세가율":21.88,
            "장기전세가율평균":67.15,
            "전세가율거품지수":45.27,
            "검색코드":9352,
            "세대수":228.0,
            "준공년월":"1987-03-21",
            "준공년차":36.0,
            "가까운역이름":"완정",
            "가까운역거리":4886.79,
            "역세권여부":"비역세권",
            "30분이내주요거점역":0,
            "1시간이내주요거점역":7,
            "3km이내백화점수":0,
            "5km이내아울렛몰수":0,
            "1km이내대형먀트수":1,
            "500m이내은행수":5,
            "500m이내병원수":13,
            "5km이내대형병원수":1,
            "500m이내공원수":2,
            "3km이내혐오시설수":0,
            "초등학교학업성취도":82.39,
            "중학교학업성취도":72.7,
            "용적률":126,
            "건폐율":0,
            "Y":37.6153,
            "X":126.72095,
            "rank":51.0,
            "area_info":"17평(59.17), 18평(61.73), 18평(62.43), 18평(62.43), 19평(65.7)",
            "last_sales":"2019-12-10,21000.0,19평(65.7)"
        },
        {
            "index":154,
            "아파트명":"김포뉴시티(도시형)",
            "투자타입":"일반",
            "전용면적(m2)":"29.58",
            "전용면적(평)":"8평",
            "법정동주소":"경기도 김포시 고촌읍 신곡리 532-78",
            "도로명주소":"경기도 김포시 김포대로 340",
            "세대수":0,
            "입주년차":80,
            "용적률점수":"--",
            "건폐율점수":"--",
            "세대당주차수":0,
            "난방방식":30,
            "공급면적":"--",
            "전용률":"--",
            "욕실수":50,
            "현관타입":100,
            "주거총점":34.0,
            "지역구공급총점":50.0,
            "역세권":0,
            "30분내 이동가능 거점":20,
            "1시간내 이동가능 거점":100,
            "교통총점":26.0,
            "백화점":0,
            "아울렛몰":100,
            "대형마트":0,
            "은행":0,
            "병원":60,
            "종합병원":80,
            "공원":100,
            "혐오시설":0,
            "인프라총점":35.0,
            "초등학군":81.49,
            "중학군":57.7,
            "학군총점":62.458,
            "인구수":50.28,
            "인구증감":43.56,
            "인구총점":48.264,
            "일자리":22.9,
            "소득수준":53.37,
            "일자리총점":32.041,
            "가치 총점":35.7687,
            "매매실거래년":20211226.0,
            "매매실거래가":9100.0,
            "전세실거래년":20210721.0,
            "전세실거래가":11000.0,
            "전세가율":120.88,
            "장기전세가율평균":67.15,
            "전세가율거품지수":-53.73,
            "검색코드":110385,
            "세대수":112.0,
            "준공년월":"2016-05-18",
            "준공년차":7.0,
            "가까운역이름":"개화",
            "가까운역거리":3501.2,
            "역세권여부":"비역세권",
            "30분이내주요거점역":1,
            "1시간이내주요거점역":10,
            "3km이내백화점수":0,
            "5km이내아울렛몰수":2,
            "1km이내대형먀트수":0,
            "500m이내은행수":1,
            "500m이내병원수":19,
            "5km이내대형병원수":1,
            "500m이내공원수":7,
            "3km이내혐오시설수":0,
            "초등학교학업성취도":81.49,
            "중학교학업성취도":92.7,
            "용적률":798,
            "건폐율":69,
            "Y":37.601354,
            "X":126.770676,
            "rank":52.0,
            "area_info":"8평(29.58), 8평(29.6), 9평(32.81), 18평(61.71), 18평(61.71)",
            "last_sales":"2021-12-26,9100.0,8평(29.58)"
        },
        {
            "index":36,
            "아파트명":"푸른실크벨리1차",
            "투자타입":"일반",
            "전용면적(m2)":"78.95",
            "전용면적(평)":"23평",
            "법정동주소":"경기도 김포시 감정동 685",
            "도로명주소":"경기도 김포시 감정로 64",
            "세대수":100,
            "입주년차":20,
            "용적률점수":"--",
            "건폐율점수":"--",
            "세대당주차수":30,
            "난방방식":30,
            "공급면적":"--",
            "전용률":"--",
            "욕실수":100,
            "현관타입":100,
            "주거총점":66.5,
            "지역구공급총점":50.0,
            "역세권":0,
            "30분내 이동가능 거점":0,
            "1시간내 이동가능 거점":20,
            "교통총점":4.0,
            "백화점":0,
            "아울렛몰":0,
            "대형마트":80,
            "은행":0,
            "병원":60,
            "종합병원":100,
            "공원":100,
            "혐오시설":0,
            "인프라총점":41.0,
            "초등학군":93.61,
            "중학군":49.64,
            "학군총점":58.434,
            "인구수":50.28,
            "인구증감":43.56,
            "인구총점":48.264,
            "일자리":22.9,
            "소득수준":53.37,
            "일자리총점":32.041,
            "가치 총점":35.7651,
            "매매실거래년":20211224.0,
            "매매실거래가":38000.0,
            "전세실거래년":20211129.0,
            "전세실거래가":20500.0,
            "전세가율":66.34,
            "장기전세가율평균":67.15,
            "전세가율거품지수":0.81,
            "검색코드":3872,
            "세대수":1786.0,
            "준공년월":"2001-04-25",
            "준공년차":22.0,
            "가까운역이름":"완정",
            "가까운역거리":3791.39,
            "역세권여부":"비역세권",
            "30분이내주요거점역":0,
            "1시간이내주요거점역":2,
            "3km이내백화점수":0,
            "5km이내아울렛몰수":0,
            "1km이내대형먀트수":1,
            "500m이내은행수":0,
            "500m이내병원수":11,
            "5km이내대형병원수":4,
            "500m이내공원수":5,
            "3km이내혐오시설수":0,
            "초등학교학업성취도":93.61,
            "중학교학업성취도":81.4,
            "용적률":199,
            "건폐율":19,
            "Y":37.619377,
            "X":126.700365,
            "rank":53.0,
            "area_info":"23평(78.95), 26평(88.93), 33평(111.08), 46평(154.24), 56평(186.52), 64평(212.67), 71평(236.87)",
            "last_sales":"2021-12-24,38000.0,33평(111.08)"
        },
        {
            "index":693,
            "아파트명":"고창마을한양수자인리버팰리스",
            "투자타입":"일반",
            "전용면적(m2)":"95.7",
            "전용면적(평)":"28평",
            "법정동주소":"경기도 김포시 장기동 1885-10",
            "도로명주소":"경기도 김포시 김포한강3로 290-13",
            "세대수":90,
            "입주년차":60,
            "용적률점수":"--",
            "건폐율점수":"--",
            "세대당주차수":60,
            "난방방식":100,
            "공급면적":"--",
            "전용률":"--",
            "욕실수":100,
            "현관타입":100,
            "주거총점":82.5,
            "지역구공급총점":50.0,
            "역세권":0,
            "30분내 이동가능 거점":0,
            "1시간내 이동가능 거점":40,
            "교통총점":8.0,
            "백화점":0,
            "아울렛몰":0,
            "대형마트":0,
            "은행":0,
            "병원":30,
            "종합병원":100,
            "공원":100,
            "혐오시설":0,
            "인프라총점":26.0,
            "초등학군":79.72,
            "중학군":50.96,
            "학군총점":56.712,
            "인구수":50.28,
            "인구증감":43.56,
            "인구총점":48.264,
            "일자리":22.9,
            "소득수준":53.37,
            "일자리총점":32.041,
            "가치 총점":35.6068,
            "매매실거래년":20220108.0,
            "매매실거래가":58250.0,
            "전세실거래년":20211204.0,
            "전세실거래가":36000.0,
            "전세가율":65.69,
            "장기전세가율평균":67.15,
            "전세가율거품지수":1.46,
            "검색코드":100685,
            "세대수":1473.0,
            "준공년월":"2012-02-28",
            "준공년차":11.0,
            "가까운역이름":"검단사거리",
            "가까운역거리":4679.62,
            "역세권여부":"비역세권",
            "30분이내주요거점역":0,
            "1시간이내주요거점역":4,
            "3km이내백화점수":0,
            "5km이내아울렛몰수":0,
            "1km이내대형먀트수":0,
            "500m이내은행수":0,
            "500m이내병원수":6,
            "5km이내대형병원수":3,
            "500m이내공원수":2,
            "3km이내혐오시설수":0,
            "초등학교학업성취도":79.72,
            "중학교학업성취도":83.2,
            "용적률":209,
            "건폐율":15,
            "Y":37.643874,
            "X":126.659963,
            "rank":54.0,
            "area_info":"28평(95.7), 33평(111.15), 33평(111.9), 34평(112.69), 34평(112.59), 34평(113.28), 34평(113.28)",
            "last_sales":"2022-01-08,58250.0,34평(113.28)"
        },
        {
            "index":560,
            "아파트명":"전원월드1단지",
            "투자타입":"일반",
            "전용면적(m2)":"79.79",
            "전용면적(평)":"24평",
            "법정동주소":"경기도 김포시 운양동 1436",
            "도로명주소":"경기도 김포시 전원로 27",
            "세대수":90,
            "입주년차":20,
            "용적률점수":"--",
            "건폐율점수":"--",
            "세대당주차수":30,
            "난방방식":30,
            "공급면적":"--",
            "전용률":"--",
            "욕실수":100,
            "현관타입":100,
            "주거총점":63.0,
            "지역구공급총점":50.0,
            "역세권":0,
            "30분내 이동가능 거점":0,
            "1시간내 이동가능 거점":30,
            "교통총점":6.0,
            "백화점":0,
            "아울렛몰":0,
            "대형마트":80,
            "은행":0,
            "병원":60,
            "종합병원":100,
            "공원":80,
            "혐오시설":0,
            "인프라총점":40.4,
            "초등학군":88.9,
            "중학군":50.82,
            "학군총점":58.436,
            "인구수":50.28,
            "인구증감":43.56,
            "인구총점":48.264,
            "일자리":22.9,
            "소득수준":53.37,
            "일자리총점":32.041,
            "가치 총점":35.5854,
            "매매실거래년":20211204.0,
            "매매실거래가":44700.0,
            "전세실거래년":20211019.0,
            "전세실거래가":24000.0,
            "전세가율":61.94,
            "장기전세가율평균":67.15,
            "전세가율거품지수":5.21,
            "검색코드":3866,
            "세대수":1206.0,
            "준공년월":"1999-04-27",
            "준공년차":24.0,
            "가까운역이름":"검단사거리",
            "가까운역거리":5488.76,
            "역세권여부":"비역세권",
            "30분이내주요거점역":0,
            "1시간이내주요거점역":3,
            "3km이내백화점수":0,
            "5km이내아울렛몰수":0,
            "1km이내대형먀트수":1,
            "500m이내은행수":0,
            "500m이내병원수":10,
            "5km이내대형병원수":2,
            "500m이내공원수":1,
            "3km이내혐오시설수":0,
            "초등학교학업성취도":88.9,
            "중학교학업성취도":83.9,
            "용적률":215,
            "건폐율":21,
            "Y":37.646064,
            "X":126.684818,
            "rank":55.0,
            "area_info":"24평(79.79), 24평(81.76), 32평(107.85), 45평(149.11), 59평(195.77)",
            "last_sales":"2021-12-04,44700.0,32평(107.85)"
        },
        {
            "index":743,
            "아파트명":"초당마을우미린",
            "투자타입":"일반",
            "전용면적(m2)":"133.16",
            "전용면적(평)":"40평",
            "법정동주소":"경기도 김포시 장기동 1655",
            "도로명주소":"경기도 김포시 김포한강1로 10",
            "세대수":50,
            "입주년차":40,
            "용적률점수":"--",
            "건폐율점수":"--",
            "세대당주차수":60,
            "난방방식":100,
            "공급면적":"--",
            "전용률":"--",
            "욕실수":100,
            "현관타입":100,
            "주거총점":64.5,
            "지역구공급총점":50.0,
            "역세권":0,
            "30분내 이동가능 거점":0,
            "1시간내 이동가능 거점":30,
            "교통총점":6.0,
            "백화점":0,
            "아울렛몰":0,
            "대형마트":80,
            "은행":0,
            "병원":30,
            "종합병원":100,
            "공원":100,
            "혐오시설":0,
            "인프라총점":38.0,
            "초등학군":88.48,
            "중학군":53.98,
            "학군총점":60.88,
            "인구수":50.28,
            "인구증감":43.56,
            "인구총점":48.264,
            "일자리":22.9,
            "소득수준":53.37,
            "일자리총점":32.041,
            "가치 총점":35.532,
            "매매실거래년":20211106.0,
            "매매실거래가":64500.0,
            "전세실거래년":20211227.0,
            "전세실거래가":45000.0,
            "전세가율":76.27,
            "장기전세가율평균":67.15,
            "전세가율거품지수":-9.12,
            "검색코드":26226,
            "세대수":402.0,
            "준공년월":"2008-06-12",
            "준공년차":15.0,
            "가까운역이름":"검단사거리",
            "가까운역거리":4267.12,
            "역세권여부":"비역세권",
            "30분이내주요거점역":0,
            "1시간이내주요거점역":3,
            "3km이내백화점수":0,
            "5km이내아울렛몰수":0,
            "1km이내대형먀트수":1,
            "500m이내은행수":0,
            "500m이내병원수":7,
            "5km이내대형병원수":3,
            "500m이내공원수":6,
            "3km이내혐오시설수":0,
            "초등학교학업성취도":88.48,
            "중학교학업성취도":87.7,
            "용적률":189,
            "건폐율":16,
            "Y":37.639506,
            "X":126.666443,
            "rank":56.0,
            "area_info":"40평(133.16), 41평(136.23), 43평(143.89), 47평(155.71)",
            "last_sales":"2021-11-06,64500.0,43평(143.89)"
        },
        {
            "index":337,
            "아파트명":"호수마을e편한세상2단지",
            "투자타입":"일반",
            "전용면적(m2)":"108.67",
            "전용면적(평)":"32평",
            "법정동주소":"경기도 김포시 구래동 6874-17",
            "도로명주소":"경기도 김포시 김포한강5로 385",
            "세대수":90,
            "입주년차":60,
            "용적률점수":"--",
            "건폐율점수":"--",
            "세대당주차수":60,
            "난방방식":100,
            "공급면적":"--",
            "전용률":"--",
            "욕실수":100,
            "현관타입":100,
            "주거총점":82.5,
            "지역구공급총점":50.0,
            "역세권":0,
            "30분내 이동가능 거점":0,
            "1시간내 이동가능 거점":10,
            "교통총점":2.0,
            "백화점":0,
            "아울렛몰":0,
            "대형마트":80,
            "은행":0,
            "병원":60,
            "종합병원":80,
            "공원":100,
            "혐오시설":-100,
            "인프라총점":35.0,
            "초등학군":83.84,
            "중학군":43.48,
            "학군총점":51.552,
            "인구수":50.28,
            "인구증감":43.56,
            "인구총점":48.264,
            "일자리":22.9,
            "소득수준":53.37,
            "일자리총점":32.041,
            "가치 총점":35.4328,
            "매매실거래년":20201113.0,
            "매매실거래가":46300.0,
            "전세실거래년":20201224.0,
            "전세실거래가":34000.0,
            "전세가율":85.0,
            "장기전세가율평균":67.15,
            "전세가율거품지수":-17.85,
            "검색코드":101347,
            "세대수":1167.0,
            "준공년월":"2013-02-26",
            "준공년차":10.0,
            "가까운역이름":"검단사거리",
            "가까운역거리":5886.34,
            "역세권여부":"비역세권",
            "30분이내주요거점역":0,
            "1시간이내주요거점역":1,
            "3km이내백화점수":0,
            "5km이내아울렛몰수":0,
            "1km이내대형먀트수":1,
            "500m이내은행수":1,
            "500m이내병원수":17,
            "5km이내대형병원수":1,
            "500m이내공원수":3,
            "3km이내혐오시설수":2,
            "초등학교학업성취도":83.84,
            "중학교학업성취도":69.4,
            "용적률":199,
            "건폐율":17,
            "Y":37.649824,
            "X":126.628852,
            "rank":57.0,
            "area_info":"32평(108.67), 33평(109.61), 33평(109.87), 32평(109.04), 33평(109.69), 33평(109.42), 33평(110.88), 33평(110.1), 33평(110.88), 33평(111.56), 33평(111.44)",
            "last_sales":"2020-11-13,46300.0,33평(110.1)"
        },
        {
            "index":125,
            "아파트명":"강변마을3단지동일하이빌",
            "투자타입":"일반",
            "전용면적(m2)":"146.07",
            "전용면적(평)":"44평",
            "법정동주소":"경기도 김포시 고촌읍 신곡리 1111",
            "도로명주소":"경기도 김포시 신곡로3번길 34-16",
            "세대수":0,
            "입주년차":40,
            "용적률점수":"--",
            "건폐율점수":"--",
            "세대당주차수":80,
            "난방방식":30,
            "공급면적":"--",
            "전용률":"--",
            "욕실수":100,
            "현관타입":100,
            "주거총점":43.0,
            "지역구공급총점":50.0,
            "역세권":0,
            "30분내 이동가능 거점":20,
            "1시간내 이동가능 거점":70,
            "교통총점":20.0,
            "백화점":0,
            "아울렛몰":100,
            "대형마트":0,
            "은행":0,
            "병원":60,
            "종합병원":80,
            "공원":100,
            "혐오시설":0,
            "인프라총점":35.0,
            "초등학군":81.49,
            "중학군":57.28,
            "학군총점":62.122,
            "인구수":50.28,
            "인구증감":43.56,
            "인구총점":48.264,
            "일자리":22.9,
            "소득수준":53.37,
            "일자리총점":32.041,
            "가치 총점":35.4183,
            "매매실거래년":20211203.0,
            "매매실거래가":78000.0,
            "전세실거래년":20211218.0,
            "전세실거래가":34200.0,
            "전세가율":43.85,
            "장기전세가율평균":67.15,
            "전세가율거품지수":23.3,
            "검색코드":25602,
            "세대수":220.0,
            "준공년월":"2006-09-25",
            "준공년차":17.0,
            "가까운역이름":"개화",
            "가까운역거리":3499.38,
            "역세권여부":"비역세권",
            "30분이내주요거점역":1,
            "1시간이내주요거점역":7,
            "3km이내백화점수":0,
            "5km이내아울렛몰수":2,
            "1km이내대형먀트수":0,
            "500m이내은행수":1,
            "500m이내병원수":15,
            "5km이내대형병원수":1,
            "500m이내공원수":5,
            "3km이내혐오시설수":0,
            "초등학교학업성취도":81.49,
            "중학교학업성취도":91.4,
            "용적률":0,
            "건폐율":0,
            "Y":37.603807,
            "X":126.774361,
            "rank":58.0,
            "area_info":"44평(146.07), 50평(165.66)",
            "last_sales":"2021-12-03,78000.0,44평(146.07)"
        },
        {
            "index":303,
            "아파트명":"김포한강예미지(민간임대)",
            "투자타입":"일반",
            "전용면적(m2)":"96.33",
            "전용면적(평)":"29평",
            "법정동주소":"경기도 김포시 구래동 6893-2",
            "도로명주소":"경기도 김포시 김포한강9로 11",
            "세대수":100,
            "입주년차":80,
            "용적률점수":"--",
            "건폐율점수":"--",
            "세대당주차수":30,
            "난방방식":100,
            "공급면적":"--",
            "전용률":"--",
            "욕실수":100,
            "현관타입":100,
            "주거총점":85.5,
            "지역구공급총점":50.0,
            "역세권":0,
            "30분내 이동가능 거점":0,
            "1시간내 이동가능 거점":10,
            "교통총점":2.0,
            "백화점":0,
            "아울렛몰":0,
            "대형마트":80,
            "은행":0,
            "병원":30,
            "종합병원":100,
            "공원":0,
            "혐오시설":0,
            "인프라총점":35.0,
            "초등학군":61.03,
            "중학군":43.48,
            "학군총점":46.99,
            "인구수":50.28,
            "인구증감":43.56,
            "인구총점":48.264,
            "일자리":22.9,
            "소득수준":53.37,
            "일자리총점":32.041,
            "가치 총점":35.3485,
            "매매실거래년":"18000101",
            "매매실거래가":null,
            "전세실거래년":null,
            "전세실거래가":null,
            "전세가율":null,
            "장기전세가율평균":67.15,
            "전세가율거품지수":null,
            "검색코드":123679,
            "세대수":1770.0,
            "준공년월":"2018-09-28",
            "준공년차":5.0,
            "가까운역이름":"검단오류",
            "가까운역거리":4865.54,
            "역세권여부":"비역세권",
            "30분이내주요거점역":0,
            "1시간이내주요거점역":1,
            "3km이내백화점수":0,
            "5km이내아울렛몰수":0,
            "1km이내대형먀트수":1,
            "500m이내은행수":0,
            "500m이내병원수":6,
            "5km이내대형병원수":2,
            "500m이내공원수":0,
            "3km이내혐오시설수":0,
            "초등학교학업성취도":61.03,
            "중학교학업성취도":69.4,
            "용적률":199,
            "건폐율":16,
            "Y":37.638579,
            "X":126.624414,
            "rank":59.0,
            "area_info":"29평(96.33), 31평(105.38), 31평(105.36), 31평(105.62), 34평(114.42)",
            "last_sales":"1800-01-01,nan,29평(96.33)"
        },
        {
            "index":826,
            "아파트명":"당곡3단지월드메르디앙",
            "투자타입":"일반",
            "전용면적(m2)":"80.97",
            "전용면적(평)":"24평",
            "법정동주소":"경기도 김포시 풍무동 748",
            "도로명주소":"경기도 김포시 풍무로69번길 51",
            "세대수":100,
            "입주년차":20,
            "용적률점수":"--",
            "건폐율점수":"--",
            "세대당주차수":30,
            "난방방식":30,
            "공급면적":"--",
            "전용률":"--",
            "욕실수":100,
            "현관타입":100,
            "주거총점":66.5,
            "지역구공급총점":50.0,
            "역세권":0,
            "30분내 이동가능 거점":0,
            "1시간내 이동가능 거점":20,
            "교통총점":4.0,
            "백화점":0,
            "아울렛몰":0,
            "대형마트":80,
            "은행":0,
            "병원":60,
            "종합병원":100,
            "공원":0,
            "혐오시설":0,
            "인프라총점":38.0,
            "초등학군":86.37,
            "중학군":54.4,
            "학군총점":60.794,
            "인구수":50.28,
            "인구증감":43.56,
            "인구총점":48.264,
            "일자리":22.9,
            "소득수준":53.37,
            "일자리총점":32.041,
            "가치 총점":35.2191,
            "매매실거래년":20220111.0,
            "매매실거래가":36500.0,
            "전세실거래년":20211218.0,
            "전세실거래가":16100.0,
            "전세가율":44.11,
            "장기전세가율평균":67.15,
            "전세가율거품지수":23.04,
            "검색코드":8161,
            "세대수":1846.0,
            "준공년월":"2002-08-09",
            "준공년차":21.0,
            "가까운역이름":"계양",
            "가까운역거리":3782.29,
            "역세권여부":"비역세권",
            "30분이내주요거점역":0,
            "1시간이내주요거점역":2,
            "3km이내백화점수":0,
            "5km이내아울렛몰수":0,
            "1km이내대형먀트수":1,
            "500m이내은행수":1,
            "500m이내병원수":18,
            "5km이내대형병원수":2,
            "500m이내공원수":0,
            "3km이내혐오시설수":0,
            "초등학교학업성취도":86.37,
            "중학교학업성취도":88.8,
            "용적률":227,
            "건폐율":20,
            "Y":37.602544,
            "X":126.7182,
            "rank":60.0,
            "area_info":"24평(80.97), 28평(93.44), 32평(107.19), 32평(107.19), 33평(109.78), 38평(126.44), 45평(148.87), 51평(171.27), 56평(187.2)",
            "last_sales":"2022-01-11,36500.0,24평(80.97)"
        },
        {
            "index":575,
            "아파트명":"풍경마을래미안한강2차",
            "투자타입":"일반",
            "전용면적(m2)":"91.31",
            "전용면적(평)":"27평",
            "법정동주소":"경기도 김포시 운양동 1304-5",
            "도로명주소":"경기도 김포시 김포한강11로 227",
            "세대수":100,
            "입주년차":80,
            "용적률점수":"--",
            "건폐율점수":"--",
            "세대당주차수":60,
            "난방방식":100,
            "공급면적":"--",
            "전용률":"--",
            "욕실수":100,
            "현관타입":100,
            "주거총점":90.0,
            "지역구공급총점":50.0,
            "역세권":0,
            "30분내 이동가능 거점":0,
            "1시간내 이동가능 거점":30,
            "교통총점":6.0,
            "백화점":0,
            "아울렛몰":0,
            "대형마트":0,
            "은행":0,
            "병원":0,
            "종합병원":100,
            "공원":100,
            "혐오시설":0,
            "인프라총점":23.0,
            "초등학군":84.39,
            "중학군":47.36,
            "학군총점":54.766,
            "인구수":50.28,
            "인구증감":43.56,
            "인구총점":48.264,
            "일자리":22.9,
            "소득수준":53.37,
            "일자리총점":32.041,
            "가치 총점":35.2149,
            "매매실거래년":20211211.0,
            "매매실거래가":64800.0,
            "전세실거래년":20220107.0,
            "전세실거래가":35000.0,
            "전세가율":61.62,
            "장기전세가율평균":67.15,
            "전세가율거품지수":5.53,
            "검색코드":104554,
            "세대수":1711.0,
            "준공년월":"2014-06-03",
            "준공년차":9.0,
            "가까운역이름":"검단사거리",
            "가까운역거리":5898.51,
            "역세권여부":"비역세권",
            "30분이내주요거점역":0,
            "1시간이내주요거점역":3,
            "3km이내백화점수":0,
            "5km이내아울렛몰수":0,
            "1km이내대형먀트수":0,
            "500m이내은행수":0,
            "500m이내병원수":0,
            "5km이내대형병원수":2,
            "500m이내공원수":2,
            "3km이내혐오시설수":0,
            "초등학교학업성취도":84.39,
            "중학교학업성취도":77.8,
            "용적률":198,
            "건폐율":18,
            "Y":37.653007,
            "X":126.674825,
            "rank":61.0,
            "area_info":"27평(91.31), 28평(94.65), 30평(99.75), 31평(103.97), 33평(111.52), 33평(111.67), 33평(111.42), 34평(112.6), 34평(112.76), 34평(113.18)",
            "last_sales":"2021-12-11,64800.0,33평(111.52)"
        },
        {
            "index":348,
            "아파트명":"호수마을e편한세상3단지",
            "투자타입":"일반",
            "전용면적(m2)":"108.6",
            "전용면적(평)":"32평",
            "법정동주소":"경기도 김포시 구래동 6874-6",
            "도로명주소":"경기도 김포시 김포한강4로420번길 164",
            "세대수":50,
            "입주년차":80,
            "용적률점수":"--",
            "건폐율점수":"--",
            "세대당주차수":60,
            "난방방식":100,
            "공급면적":"--",
            "전용률":"--",
            "욕실수":100,
            "현관타입":100,
            "주거총점":72.5,
            "지역구공급총점":50.0,
            "역세권":0,
            "30분내 이동가능 거점":0,
            "1시간내 이동가능 거점":20,
            "교통총점":4.0,
            "백화점":0,
            "아울렛몰":0,
            "대형마트":80,
            "은행":20,
            "병원":80,
            "종합병원":80,
            "공원":80,
            "혐오시설":-100,
            "인프라총점":38.4,
            "초등학군":83.84,
            "중학군":43.48,
            "학군총점":51.552,
            "인구수":50.28,
            "인구증감":43.56,
            "인구총점":48.264,
            "일자리":22.9,
            "소득수준":53.37,
            "일자리총점":32.041,
            "가치 총점":35.1528,
            "매매실거래년":20201031.0,
            "매매실거래가":55000.0,
            "전세실거래년":20180402.0,
            "전세실거래가":9252.0,
            "전세가율":20.56,
            "장기전세가율평균":67.15,
            "전세가율거품지수":46.59,
            "검색코드":135705,
            "세대수":559.0,
            "준공년월":"2014-02-25",
            "준공년차":9.0,
            "가까운역이름":"검단사거리",
            "가까운역거리":5686.86,
            "역세권여부":"비역세권",
            "30분이내주요거점역":0,
            "1시간이내주요거점역":2,
            "3km이내백화점수":0,
            "5km이내아울렛몰수":0,
            "1km이내대형먀트수":1,
            "500m이내은행수":2,
            "500m이내병원수":34,
            "5km이내대형병원수":1,
            "500m이내공원수":1,
            "3km이내혐오시설수":2,
            "초등학교학업성취도":83.84,
            "중학교학업성취도":69.4,
            "용적률":199,
            "건폐율":15,
            "Y":37.648111,
            "X":126.629575,
            "rank":62.0,
            "area_info":"32평(108.6), 33평(109.54), 33평(109.8), 33평(110.03), 33평(110.8), 33평(111.39)",
            "last_sales":"2020-10-31,55000.0,33평(110.03)"
        },
        {
            "index":896,
            "아파트명":"한화유로메트로2단지",
            "투자타입":"일반",
            "전용면적(m2)":"111.3",
            "전용면적(평)":"33평",
            "법정동주소":"경기도 김포시 풍무동 775",
            "도로명주소":"경기도 김포시 풍무로68번길 41",
            "세대수":80,
            "입주년차":80,
            "용적률점수":"--",
            "건폐율점수":"--",
            "세대당주차수":30,
            "난방방식":30,
            "공급면적":"--",
            "전용률":"--",
            "욕실수":100,
            "현관타입":100,
            "주거총점":71.5,
            "지역구공급총점":50.0,
            "역세권":0,
            "30분내 이동가능 거점":0,
            "1시간내 이동가능 거점":30,
            "교통총점":6.0,
            "백화점":0,
            "아울렛몰":0,
            "대형마트":80,
            "은행":0,
            "병원":10,
            "종합병원":80,
            "공원":100,
            "혐오시설":0,
            "인프라총점":32.0,
            "초등학군":87.18,
            "중학군":54.4,
            "학군총점":60.956,
            "인구수":50.28,
            "인구증감":43.56,
            "인구총점":48.264,
            "일자리":22.9,
            "소득수준":53.37,
            "일자리총점":32.041,
            "가치 총점":35.1434,
            "매매실거래년":20211211.0,
            "매매실거래가":59000.0,
            "전세실거래년":20220107.0,
            "전세실거래가":23000.0,
            "전세가율":38.98,
            "장기전세가율평균":67.15,
            "전세가율거품지수":28.17,
            "검색코드":104018,
            "세대수":845.0,
            "준공년월":"2014-05-23",
            "준공년차":9.0,
            "가까운역이름":"계양",
            "가까운역거리":3508.01,
            "역세권여부":"비역세권",
            "30분이내주요거점역":0,
            "1시간이내주요거점역":3,
            "3km이내백화점수":0,
            "5km이내아울렛몰수":0,
            "1km이내대형먀트수":1,
            "500m이내은행수":0,
            "500m이내병원수":3,
            "5km이내대형병원수":1,
            "500m이내공원수":5,
            "3km이내혐오시설수":0,
            "초등학교학업성취도":87.18,
            "중학교학업성취도":88.8,
            "용적률":199,
            "건폐율":17,
            "Y":37.602337,
            "X":126.727456,
            "rank":63.0,
            "area_info":"33평(111.3), 33평(111.83), 34평(112.59), 34평(112.43), 39평(131.97), 40평(132.25), 40평(132.35), 40평(132.36), 46평(155.17)",
            "last_sales":"2021-12-11,59000.0,33평(111.3)"
        },
        {
            "index":391,
            "아파트명":"한강힐스테이트",
            "투자타입":"일반",
            "전용면적(m2)":"109.35",
            "전용면적(평)":"33평",
            "법정동주소":"경기도 김포시 마산동 636-1",
            "도로명주소":"경기도 김포시 김포한강7로22번길 22",
            "세대수":90,
            "입주년차":60,
            "용적률점수":"--",
            "건폐율점수":"--",
            "세대당주차수":60,
            "난방방식":100,
            "공급면적":"--",
            "전용률":"--",
            "욕실수":100,
            "현관타입":100,
            "주거총점":82.5,
            "지역구공급총점":50.0,
            "역세권":0,
            "30분내 이동가능 거점":0,
            "1시간내 이동가능 거점":10,
            "교통총점":2.0,
            "백화점":0,
            "아울렛몰":0,
            "대형마트":80,
            "은행":0,
            "병원":10,
            "종합병원":100,
            "공원":100,
            "혐오시설":-100,
            "인프라총점":34.0,
            "초등학군":74.16,
            "중학군":45.7,
            "학군총점":51.392,
            "인구수":50.28,
            "인구증감":43.56,
            "인구총점":48.264,
            "일자리":22.9,
            "소득수준":53.37,
            "일자리총점":32.041,
            "가치 총점":35.1088,
            "매매실거래년":20211231.0,
            "매매실거래가":51403.0,
            "전세실거래년":20211224.0,
            "전세실거래가":33000.0,
            "전세가율":63.58,
            "장기전세가율평균":67.15,
            "전세가율거품지수":3.57,
            "검색코드":101348,
            "세대수":1382.0,
            "준공년월":"2013-02-28",
            "준공년차":10.0,
            "가까운역이름":"검단사거리",
            "가까운역거리":4641.04,
            "역세권여부":"비역세권",
            "30분이내주요거점역":0,
            "1시간이내주요거점역":1,
            "3km이내백화점수":0,
            "5km이내아울렛몰수":0,
            "1km이내대형먀트수":1,
            "500m이내은행수":0,
            "500m이내병원수":2,
            "5km이내대형병원수":2,
            "500m이내공원수":5,
            "3km이내혐오시설수":2,
            "초등학교학업성취도":74.16,
            "중학교학업성취도":74.1,
            "용적률":209,
            "건폐율":15,
            "Y":37.639573,
            "X":126.634558,
            "rank":64.0,
            "area_info":"33평(109.35), 33평(109.91), 33평(109.69), 33평(109.53), 33평(110.06), 33평(110.36), 33평(110.45), 34평(112.89), 34평(113.5)",
            "last_sales":"2021-12-31,51403.0,33평(110.45)"
        },
        {
            "index":451,
            "아파트명":"김포사우아이파크",
            "투자타입":"일반",
            "전용면적(m2)":"80.07",
            "전용면적(평)":"24평",
            "법정동주소":"경기도 김포시 사우동 1481",
            "도로명주소":"경기도 김포시 사우로 51",
            "세대수":90,
            "입주년차":80,
            "용적률점수":"--",
            "건폐율점수":"--",
            "세대당주차수":30,
            "난방방식":30,
            "공급면적":"--",
            "전용률":"--",
            "욕실수":100,
            "현관타입":100,
            "주거총점":75.0,
            "지역구공급총점":50.0,
            "역세권":0,
            "30분내 이동가능 거점":0,
            "1시간내 이동가능 거점":70,
            "교통총점":14.0,
            "백화점":0,
            "아울렛몰":0,
            "대형마트":0,
            "은행":0,
            "병원":10,
            "종합병원":80,
            "공원":100,
            "혐오시설":0,
            "인프라총점":20.0,
            "초등학군":86.24,
            "중학군":54.34,
            "학군총점":60.72,
            "인구수":50.28,
            "인구증감":43.56,
            "인구총점":48.264,
            "일자리":22.9,
            "소득수준":53.37,
            "일자리총점":32.041,
            "가치 총점":35.008,
            "매매실거래년":20211008.0,
            "매매실거래가":73500.0,
            "전세실거래년":20220106.0,
            "전세실거래가":29925.0,
            "전세가율":47.58,
            "장기전세가율평균":67.15,
            "전세가율거품지수":19.57,
            "검색코드":111766,
            "세대수":1300.0,
            "준공년월":"2018-04-25",
            "준공년차":5.0,
            "가까운역이름":"마두",
            "가까운역거리":5640.85,
            "역세권여부":"비역세권",
            "30분이내주요거점역":0,
            "1시간이내주요거점역":7,
            "3km이내백화점수":0,
            "5km이내아울렛몰수":0,
            "1km이내대형먀트수":0,
            "500m이내은행수":0,
            "500m이내병원수":2,
            "5km이내대형병원수":1,
            "500m이내공원수":3,
            "3km이내혐오시설수":0,
            "초등학교학업성취도":86.24,
            "중학교학업성취도":88.3,
            "용적률":220,
            "건폐율":16,
            "Y":37.62169,
            "X":126.726446,
            "rank":65.0,
            "area_info":"24평(80.07), 30평(100.73), 30평(101.7), 33평(112.3), 41평(136.36)",
            "last_sales":"2021-10-08,73500.0,33평(112.3)"
        },
        {
            "index":131,
            "아파트명":"고촌행정타운한양수자인",
            "투자타입":"일반",
            "전용면적(m2)":"85.36",
            "전용면적(평)":"25평",
            "법정동주소":"경기도 김포시 고촌읍 신곡리 1291",
            "도로명주소":"경기도 김포시 은행영사정로23번길 23",
            "세대수":50,
            "입주년차":80,
            "용적률점수":"--",
            "건폐율점수":"--",
            "세대당주차수":30,
            "난방방식":30,
            "공급면적":"--",
            "전용률":"--",
            "욕실수":100,
            "현관타입":100,
            "주거총점":61.0,
            "지역구공급총점":50.0,
            "역세권":0,
            "30분내 이동가능 거점":20,
            "1시간내 이동가능 거점":80,
            "교통총점":22.0,
            "백화점":0,
            "아울렛몰":100,
            "대형마트":0,
            "은행":0,
            "병원":60,
            "종합병원":0,
            "공원":100,
            "혐오시설":0,
            "인프라총점":19.0,
            "초등학군":81.49,
            "중학군":57.7,
            "학군총점":62.458,
            "인구수":50.28,
            "인구증감":43.56,
            "인구총점":48.264,
            "일자리":22.9,
            "소득수준":53.37,
            "일자리총점":32.041,
            "가치 총점":34.9687,
            "매매실거래년":20220109.0,
            "매매실거래가":76500.0,
            "전세실거래년":20211228.0,
            "전세실거래가":43000.0,
            "전세가율":61.87,
            "장기전세가율평균":67.15,
            "전세가율거품지수":5.28,
            "검색코드":110501,
            "세대수":420.0,
            "준공년월":"2017-08-10",
            "준공년차":6.0,
            "가까운역이름":"개화",
            "가까운역거리":3543.97,
            "역세권여부":"비역세권",
            "30분이내주요거점역":1,
            "1시간이내주요거점역":8,
            "3km이내백화점수":0,
            "5km이내아울렛몰수":2,
            "1km이내대형먀트수":0,
            "500m이내은행수":1,
            "500m이내병원수":19,
            "5km이내대형병원수":0,
            "500m이내공원수":6,
            "3km이내혐오시설수":0,
            "초등학교학업성취도":81.49,
            "중학교학업성취도":92.7,
            "용적률":219,
            "건폐율":25,
            "Y":37.602624,
            "X":126.77171,
            "rank":66.0,
            "area_info":"25평(85.36), 25평(85.93), 30평(100.45), 30평(101.82), 30평(102.04), 33평(110.64), 33평(111.59)",
            "last_sales":"2022-01-09,76500.0,33평(110.64)"
        },
        {
            "index":863,
            "아파트명":"풍무자이1단지",
            "투자타입":"일반",
            "전용면적(m2)":"112.39",
            "전용면적(평)":"33평",
            "법정동주소":"경기도 김포시 풍무동 764",
            "도로명주소":"경기도 김포시 풍무로96번길 42",
            "세대수":50,
            "입주년차":60,
            "용적률점수":"--",
            "건폐율점수":"--",
            "세대당주차수":60,
            "난방방식":30,
            "공급면적":"--",
            "전용률":"--",
            "욕실수":100,
            "현관타입":100,
            "주거총점":61.5,
            "지역구공급총점":50.0,
            "역세권":0,
            "30분내 이동가능 거점":0,
            "1시간내 이동가능 거점":20,
            "교통총점":4.0,
            "백화점":0,
            "아울렛몰":0,
            "대형마트":80,
            "은행":20,
            "병원":60,
            "종합병원":100,
            "공원":100,
            "혐오시설":0,
            "인프라총점":43.0,
            "초등학군":87.18,
            "중학군":47.94,
            "학군총점":55.788,
            "인구수":50.28,
            "인구증감":43.56,
            "인구총점":48.264,
            "일자리":22.9,
            "소득수준":53.37,
            "일자리총점":32.041,
            "가치 총점":34.9682,
            "매매실거래년":20220106.0,
            "매매실거래가":69500.0,
            "전세실거래년":null,
            "전세실거래가":null,
            "전세가율":null,
            "장기전세가율평균":67.15,
            "전세가율거품지수":null,
            "검색코드":26856,
            "세대수":445.0,
            "준공년월":"2010-06-17",
            "준공년차":13.0,
            "가까운역이름":"계양",
            "가까운역거리":3752.01,
            "역세권여부":"비역세권",
            "30분이내주요거점역":0,
            "1시간이내주요거점역":2,
            "3km이내백화점수":0,
            "5km이내아울렛몰수":0,
            "1km이내대형먀트수":1,
            "500m이내은행수":2,
            "500m이내병원수":25,
            "5km이내대형병원수":2,
            "500m이내공원수":6,
            "3km이내혐오시설수":0,
            "초등학교학업성취도":87.18,
            "중학교학업성취도":77.9,
            "용적률":223,
            "건폐율":22,
            "Y":37.604112,
            "X":126.724889,
            "rank":67.0,
            "area_info":"33평(112.39), 39평(129.37), 48평(161.19), 48평(161.17)",
            "last_sales":"2022-01-06,69500.0,48평(161.19)"
        },
        {
            "index":424,
            "아파트명":"풍년3단지서광신안",
            "투자타입":"일반",
            "전용면적(m2)":"104.08",
            "전용면적(평)":"31평",
            "법정동주소":"경기도 김포시 북변동 802",
            "도로명주소":"경기도 김포시 김포대로926번길 15",
            "세대수":50,
            "입주년차":20,
            "용적률점수":"--",
            "건폐율점수":"--",
            "세대당주차수":30,
            "난방방식":30,
            "공급면적":"--",
            "전용률":"--",
            "욕실수":100,
            "현관타입":100,
            "주거총점":49.0,
            "지역구공급총점":50.0,
            "역세권":0,
            "30분내 이동가능 거점":0,
            "1시간내 이동가능 거점":50,
            "교통총점":10.0,
            "백화점":0,
            "아울렛몰":0,
            "대형마트":100,
            "은행":20,
            "병원":10,
            "종합병원":100,
            "공원":100,
            "혐오시설":0,
            "인프라총점":41.0,
            "초등학군":93.52,
            "중학군":54.34,
            "학군총점":62.176,
            "인구수":50.28,
            "인구증감":43.56,
            "인구총점":48.264,
            "일자리":22.9,
            "소득수준":53.37,
            "일자리총점":32.041,
            "가치 총점":34.9264,
            "매매실거래년":20210930.0,
            "매매실거래가":39000.0,
            "전세실거래년":20220115.0,
            "전세실거래가":33000.0,
            "전세가율":84.62,
            "장기전세가율평균":67.15,
            "전세가율거품지수":-17.47,
            "검색코드":4706,
            "세대수":624.0,
            "준공년월":"1999-07-03",
            "준공년차":24.0,
            "가까운역이름":"완정",
            "가까운역거리":5128.95,
            "역세권여부":"비역세권",
            "30분이내주요거점역":0,
            "1시간이내주요거점역":5,
            "3km이내백화점수":0,
            "5km이내아울렛몰수":0,
            "1km이내대형먀트수":3,
            "500m이내은행수":2,
            "500m이내병원수":4,
            "5km이내대형병원수":2,
            "500m이내공원수":4,
            "3km이내혐오시설수":0,
            "초등학교학업성취도":93.52,
            "중학교학업성취도":88.3,
            "용적률":207,
            "건폐율":16,
            "Y":37.626118,
            "X":126.713637,
            "rank":68.0,
            "area_info":"31평(104.08)",
            "last_sales":"2021-09-30,39000.0,31평(104.08)"
        },
        {
            "index":381,
            "아파트명":"한강동일스위트더파크뷰2단지",
            "투자타입":"일반",
            "전용면적(m2)":"108.84",
            "전용면적(평)":"32평",
            "법정동주소":"경기도 김포시 마산동 672-1",
            "도로명주소":"경기도 김포시 김포한강8로 127",
            "세대수":80,
            "입주년차":100,
            "용적률점수":"--",
            "건폐율점수":"--",
            "세대당주차수":60,
            "난방방식":100,
            "공급면적":"--",
            "전용률":"--",
            "욕실수":100,
            "현관타입":100,
            "주거총점":87.0,
            "지역구공급총점":50.0,
            "역세권":0,
            "30분내 이동가능 거점":0,
            "1시간내 이동가능 거점":10,
            "교통총점":2.0,
            "백화점":0,
            "아울렛몰":0,
            "대형마트":0,
            "은행":20,
            "병원":30,
            "종합병원":100,
            "공원":100,
            "혐오시설":0,
            "인프라총점":28.0,
            "초등학군":95.36,
            "중학군":45.7,
            "학군총점":55.632,
            "인구수":50.28,
            "인구증감":43.56,
            "인구총점":48.264,
            "일자리":22.9,
            "소득수준":53.37,
            "일자리총점":32.041,
            "가치 총점":34.8448,
            "매매실거래년":20210624.0,
            "매매실거래가":51000.0,
            "전세실거래년":20211002.0,
            "전세실거래가":37500.0,
            "전세가율":73.53,
            "장기전세가율평균":67.15,
            "전세가율거품지수":-6.38,
            "검색코드":122647,
            "세대수":711.0,
            "준공년월":"2020-12-17",
            "준공년차":3.0,
            "가까운역이름":"검단사거리",
            "가까운역거리":3938.62,
            "역세권여부":"비역세권",
            "30분이내주요거점역":0,
            "1시간이내주요거점역":1,
            "3km이내백화점수":0,
            "5km이내아울렛몰수":0,
            "1km이내대형먀트수":0,
            "500m이내은행수":2,
            "500m이내병원수":8,
            "5km이내대형병원수":2,
            "500m이내공원수":10,
            "3km이내혐오시설수":0,
            "초등학교학업성취도":95.36,
            "중학교학업성취도":74.1,
            "용적률":188,
            "건폐율":15,
            "Y":37.634922,
            "X":126.641095,
            "rank":69.0,
            "area_info":"32평(108.84), 32평(108.64), 32평(108.57)",
            "last_sales":"2021-06-24,51000.0,32평(108.64)"
        },
        {
            "index":726,
            "아파트명":"청송현대홈타운3단지",
            "투자타입":"일반",
            "전용면적(m2)":"107.47",
            "전용면적(평)":"32평",
            "법정동주소":"경기도 김포시 장기동 1312",
            "도로명주소":"경기도 김포시 청송로 19",
            "세대수":80,
            "입주년차":20,
            "용적률점수":"--",
            "건폐율점수":"--",
            "세대당주차수":60,
            "난방방식":30,
            "공급면적":"--",
            "전용률":"--",
            "욕실수":100,
            "현관타입":100,
            "주거총점":64.0,
            "지역구공급총점":50.0,
            "역세권":0,
            "30분내 이동가능 거점":0,
            "1시간내 이동가능 거점":30,
            "교통총점":6.0,
            "백화점":0,
            "아울렛몰":0,
            "대형마트":0,
            "은행":70,
            "병원":60,
            "종합병원":100,
            "공원":100,
            "혐오시설":0,
            "인프라총점":36.0,
            "초등학군":100.0,
            "중학군":50.96,
            "학군총점":60.768,
            "인구수":50.28,
            "인구증감":43.56,
            "인구총점":48.264,
            "일자리":22.9,
            "소득수준":53.37,
            "일자리총점":32.041,
            "가치 총점":34.8152,
            "매매실거래년":20211211.0,
            "매매실거래가":70000.0,
            "전세실거래년":20211221.0,
            "전세실거래가":28000.0,
            "전세가율":56.57,
            "장기전세가율평균":67.15,
            "전세가율거품지수":10.58,
            "검색코드":3919,
            "세대수":767.0,
            "준공년월":"2001-03-08",
            "준공년차":22.0,
            "가까운역이름":"검단사거리",
            "가까운역거리":5316.84,
            "역세권여부":"비역세권",
            "30분이내주요거점역":0,
            "1시간이내주요거점역":3,
            "3km이내백화점수":0,
            "5km이내아울렛몰수":0,
            "1km이내대형먀트수":0,
            "500m이내은행수":3,
            "500m이내병원수":16,
            "5km이내대형병원수":2,
            "500m이내공원수":5,
            "3km이내혐오시설수":0,
            "초등학교학업성취도":100.0,
            "중학교학업성취도":83.2,
            "용적률":203,
            "건폐율":17,
            "Y":37.649092,
            "X":126.66643,
            "rank":70.0,
            "area_info":"32평(107.47), 42평(139.38), 51평(170.29), 58평(193.25), 65평(216.4)",
            "last_sales":"2021-12-11,70000.0,65평(216.4)"
        },
        {
            "index":281,
            "아파트명":"구래역한강리슈빌",
            "투자타입":"일반",
            "전용면적(m2)":"98.18",
            "전용면적(평)":"29평",
            "법정동주소":"경기도 김포시 구래동 6888-2",
            "도로명주소":"경기도 김포시 김포한강8로 377",
            "세대수":50,
            "입주년차":60,
            "용적률점수":"--",
            "건폐율점수":"--",
            "세대당주차수":60,
            "난방방식":100,
            "공급면적":"--",
            "전용률":"--",
            "욕실수":100,
            "현관타입":100,
            "주거총점":68.5,
            "지역구공급총점":50.0,
            "역세권":0,
            "30분내 이동가능 거점":0,
            "1시간내 이동가능 거점":20,
            "교통총점":4.0,
            "백화점":0,
            "아울렛몰":0,
            "대형마트":80,
            "은행":0,
            "병원":100,
            "종합병원":100,
            "공원":0,
            "혐오시설":0,
            "인프라총점":42.0,
            "초등학군":61.03,
            "중학군":43.48,
            "학군총점":46.99,
            "인구수":50.28,
            "인구증감":43.56,
            "인구총점":48.264,
            "일자리":22.9,
            "소득수준":53.37,
            "일자리총점":32.041,
            "가치 총점":34.7485,
            "매매실거래년":20201212.0,
            "매매실거래가":44000.0,
            "전세실거래년":20201224.0,
            "전세실거래가":30000.0,
            "전세가율":68.18,
            "장기전세가율평균":67.15,
            "전세가율거품지수":-1.03,
            "검색코드":120395,
            "세대수":572.0,
            "준공년월":"2012-12-27",
            "준공년차":11.0,
            "가까운역이름":"검단사거리",
            "가까운역거리":5194.98,
            "역세권여부":"비역세권",
            "30분이내주요거점역":0,
            "1시간이내주요거점역":2,
            "3km이내백화점수":0,
            "5km이내아울렛몰수":0,
            "1km이내대형먀트수":1,
            "500m이내은행수":1,
            "500m이내병원수":62,
            "5km이내대형병원수":2,
            "500m이내공원수":0,
            "3km이내혐오시설수":0,
            "초등학교학업성취도":61.03,
            "중학교학업성취도":69.4,
            "용적률":208,
            "건폐율":19,
            "Y":37.642209,
            "X":126.627395,
            "rank":71.0,
            "area_info":"29평(98.18), 29평(98.18), 34평(112.69), 33평(112.19), 33평(112.34), 34평(112.76), 34평(112.69), 33평(112.34), 34평(112.76), 34평(112.75), 34평(113.3), 34평(113.56)",
            "last_sales":"2020-12-12,44000.0,29평(98.18)"
        },
        {
            "index":159,
            "아파트명":"등촌청구",
            "투자타입":"일반",
            "전용면적(m2)":"74.25",
            "전용면적(평)":"22평",
            "법정동주소":"경기도 김포시 고촌읍 신곡리 1055",
            "도로명주소":"경기도 김포시 인향로 16",
            "세대수":0,
            "입주년차":20,
            "용적률점수":"--",
            "건폐율점수":"--",
            "세대당주차수":30,
            "난방방식":30,
            "공급면적":"--",
            "전용률":"--",
            "욕실수":100,
            "현관타입":100,
            "주거총점":31.5,
            "지역구공급총점":50.0,
            "역세권":0,
            "30분내 이동가능 거점":20,
            "1시간내 이동가능 거점":90,
            "교통총점":24.0,
            "백화점":0,
            "아울렛몰":100,
            "대형마트":0,
            "은행":0,
            "병원":60,
            "종합병원":80,
            "공원":100,
            "혐오시설":0,
            "인프라총점":35.0,
            "초등학군":87.38,
            "중학군":57.7,
            "학군총점":63.636,
            "인구수":50.28,
            "인구증감":43.56,
            "인구총점":48.264,
            "일자리":22.9,
            "소득수준":53.37,
            "일자리총점":32.041,
            "가치 총점":34.7454,
            "매매실거래년":20210830.0,
            "매매실거래가":40000.0,
            "전세실거래년":20210904.0,
            "전세실거래가":34000.0,
            "전세가율":85.0,
            "장기전세가율평균":67.15,
            "전세가율거품지수":-17.85,
            "검색코드":3875,
            "세대수":183.0,
            "준공년월":"2000-12-15",
            "준공년차":23.0,
            "가까운역이름":"개화",
            "가까운역거리":3342.69,
            "역세권여부":"비역세권",
            "30분이내주요거점역":1,
            "1시간이내주요거점역":9,
            "3km이내백화점수":0,
            "5km이내아울렛몰수":2,
            "1km이내대형먀트수":0,
            "500m이내은행수":1,
            "500m이내병원수":20,
            "5km이내대형병원수":1,
            "500m이내공원수":7,
            "3km이내혐오시설수":0,
            "초등학교학업성취도":87.38,
            "중학교학업성취도":92.7,
            "용적률":184,
            "건폐율":24,
            "Y":37.599071,
            "X":126.770362,
            "rank":72.0,
            "area_info":"22평(74.25), 31평(104.27)",
            "last_sales":"2021-08-30,40000.0,22평(74.25)"
        },
        {
            "index":800,
            "아파트명":"김포풍무꿈에그린더포레듀3단지",
            "투자타입":"일반",
            "전용면적(m2)":"98.44",
            "전용면적(평)":"29평",
            "법정동주소":"경기도 김포시 풍무동 795",
            "도로명주소":"경기도 김포시 풍무로68번길 10",
            "세대수":0,
            "입주년차":80,
            "용적률점수":"--",
            "건폐율점수":"--",
            "세대당주차수":30,
            "난방방식":30,
            "공급면적":"--",
            "전용률":"--",
            "욕실수":100,
            "현관타입":100,
            "주거총점":43.5,
            "지역구공급총점":50.0,
            "역세권":0,
            "30분내 이동가능 거점":0,
            "1시간내 이동가능 거점":30,
            "교통총점":6.0,
            "백화점":0,
            "아울렛몰":0,
            "대형마트":80,
            "은행":70,
            "병원":60,
            "종합병원":100,
            "공원":100,
            "혐오시설":0,
            "인프라총점":48.0,
            "초등학군":86.37,
            "중학군":54.4,
            "학군총점":60.794,
            "인구수":50.28,
            "인구증감":43.56,
            "인구총점":48.264,
            "일자리":22.9,
            "소득수준":53.37,
            "일자리총점":32.041,
            "가치 총점":34.3191,
            "매매실거래년":20211211.0,
            "매매실거래가":56800.0,
            "전세실거래년":20211113.0,
            "전세실거래가":50000.0,
            "전세가율":88.03,
            "장기전세가율평균":67.15,
            "전세가율거품지수":-20.88,
            "검색코드":115479,
            "세대수":179.0,
            "준공년월":"2018-12-27",
            "준공년차":5.0,
            "가까운역이름":"계양",
            "가까운역거리":3495.95,
            "역세권여부":"비역세권",
            "30분이내주요거점역":0,
            "1시간이내주요거점역":3,
            "3km이내백화점수":0,
            "5km이내아울렛몰수":0,
            "1km이내대형먀트수":1,
            "500m이내은행수":3,
            "500m이내병원수":27,
            "5km이내대형병원수":2,
            "500m이내공원수":5,
            "3km이내혐오시설수":0,
            "초등학교학업성취도":86.37,
            "중학교학업성취도":88.8,
            "용적률":199,
            "건폐율":14,
            "Y":37.601212,
            "X":126.722805,
            "rank":73.0,
            "area_info":"29평(98.44), 29평(98.58)",
            "last_sales":"2021-12-11,56800.0,29평(98.44)"
        },
        {
            "index":148,
            "아파트명":"김포고촌솔리힐더테라스(도시형)",
            "투자타입":"일반",
            "전용면적(m2)":"106.79",
            "전용면적(평)":"32평",
            "법정동주소":"경기도 김포시 고촌읍 신곡리 1202",
            "도로명주소":"경기도 김포시 수기로 78",
            "세대수":0,
            "입주년차":80,
            "용적률점수":"--",
            "건폐율점수":"--",
            "세대당주차수":30,
            "난방방식":30,
            "공급면적":"--",
            "전용률":"--",
            "욕실수":100,
            "현관타입":100,
            "주거총점":43.5,
            "지역구공급총점":50.0,
            "역세권":0,
            "30분내 이동가능 거점":20,
            "1시간내 이동가능 거점":60,
            "교통총점":18.0,
            "백화점":0,
            "아울렛몰":100,
            "대형마트":0,
            "은행":0,
            "병원":30,
            "종합병원":80,
            "공원":100,
            "혐오시설":0,
            "인프라총점":32.0,
            "초등학군":87.38,
            "중학군":57.7,
            "학군총점":63.636,
            "인구수":50.28,
            "인구증감":43.56,
            "인구총점":48.264,
            "일자리":22.9,
            "소득수준":53.37,
            "일자리총점":32.041,
            "가치 총점":34.1454,
            "매매실거래년":"18000101",
            "매매실거래가":null,
            "전세실거래년":null,
            "전세실거래가":null,
            "전세가율":null,
            "장기전세가율평균":67.15,
            "전세가율거품지수":null,
            "검색코드":119998,
            "세대수":140.0,
            "준공년월":"2018-08-31",
            "준공년차":5.0,
            "가까운역이름":"개화",
            "가까운역거리":3543.75,
            "역세권여부":"비역세권",
            "30분이내주요거점역":1,
            "1시간이내주요거점역":6,
            "3km이내백화점수":0,
            "5km이내아울렛몰수":2,
            "1km이내대형먀트수":0,
            "500m이내은행수":0,
            "500m이내병원수":6,
            "5km이내대형병원수":1,
            "500m이내공원수":5,
            "3km이내혐오시설수":0,
            "초등학교학업성취도":87.38,
            "중학교학업성취도":92.7,
            "용적률":128,
            "건폐율":36,
            "Y":37.596386,
            "X":126.764774,
            "rank":74.0,
            "area_info":"32평(106.79), 32평(107.53)",
            "last_sales":"1800-01-01,nan,32평(106.79)"
        },
        {
            "index":354,
            "아파트명":"e편한세상한강신도시2차",
            "투자타입":"일반",
            "전용면적(m2)":"99.16",
            "전용면적(평)":"29평",
            "법정동주소":"경기도 김포시 마산동 672-3",
            "도로명주소":"경기도 김포시 김포한강8로 173-59",
            "세대수":80,
            "입주년차":80,
            "용적률점수":"--",
            "건폐율점수":"--",
            "세대당주차수":60,
            "난방방식":100,
            "공급면적":"--",
            "전용률":"--",
            "욕실수":100,
            "현관타입":100,
            "주거총점":83.0,
            "지역구공급총점":50.0,
            "역세권":0,
            "30분내 이동가능 거점":0,
            "1시간내 이동가능 거점":20,
            "교통총점":4.0,
            "백화점":0,
            "아울렛몰":0,
            "대형마트":0,
            "은행":0,
            "병원":30,
            "종합병원":100,
            "공원":100,
            "혐오시설":0,
            "인프라총점":26.0,
            "초등학군":95.36,
            "중학군":45.7,
            "학군총점":55.632,
            "인구수":50.28,
            "인구증감":43.56,
            "인구총점":48.264,
            "일자리":22.9,
            "소득수준":53.37,
            "일자리총점":32.041,
            "가치 총점":34.1448,
            "매매실거래년":20211215.0,
            "매매실거래가":61000.0,
            "전세실거래년":20211113.0,
            "전세실거래가":37000.0,
            "전세가율":69.16,
            "장기전세가율평균":67.15,
            "전세가율거품지수":-2.01,
            "검색코드":113035,
            "세대수":807.0,
            "준공년월":"2018-05-03",
            "준공년차":5.0,
            "가까운역이름":"검단사거리",
            "가까운역거리":4135.15,
            "역세권여부":"비역세권",
            "30분이내주요거점역":0,
            "1시간이내주요거점역":2,
            "3km이내백화점수":0,
            "5km이내아울렛몰수":0,
            "1km이내대형먀트수":0,
            "500m이내은행수":0,
            "500m이내병원수":8,
            "5km이내대형병원수":2,
            "500m이내공원수":10,
            "3km이내혐오시설수":0,
            "초등학교학업성취도":95.36,
            "중학교학업성취도":74.1,
            "용적률":208,
            "건폐율":15,
            "Y":37.636215,
            "X":126.639164,
            "rank":75.0,
            "area_info":"29평(99.16), 29평(99.14), 33평(111.68), 33평(111.64)",
            "last_sales":"2021-12-15,61000.0,33평(111.68)"
        },
        {
            "index":25,
            "아파트명":"신한",
            "투자타입":"재건축",
            "전용면적(m2)":"48.76",
            "전용면적(평)":"14평",
            "법정동주소":"경기도 김포시 감정동 550-1",
            "도로명주소":"경기도 김포시 감정로 3",
            "세대수":0,
            "입주년차":"--",
            "용적률점수":80,
            "건폐율점수":80,
            "세대당주차수":"--",
            "난방방식":"--",
            "공급면적":50,
            "전용률":80,
            "욕실수":"--",
            "현관타입":"--",
            "주거총점":54.5,
            "지역구공급총점":50.0,
            "역세권":0,
            "30분내 이동가능 거점":0,
            "1시간내 이동가능 거점":30,
            "교통총점":6.0,
            "백화점":0,
            "아울렛몰":0,
            "대형마트":80,
            "은행":0,
            "병원":60,
            "종합병원":100,
            "공원":100,
            "혐오시설":0,
            "인프라총점":41.0,
            "초등학군":93.61,
            "중학군":49.64,
            "학군총점":58.434,
            "인구수":50.28,
            "인구증감":43.56,
            "인구총점":48.264,
            "일자리":22.9,
            "소득수준":53.37,
            "일자리총점":32.041,
            "가치 총점":34.0651,
            "매매실거래년":20210803.0,
            "매매실거래가":12000.0,
            "전세실거래년":20171109.0,
            "전세실거래가":6500.0,
            "전세가율":67.01,
            "장기전세가율평균":67.15,
            "전세가율거품지수":0.14,
            "검색코드":8879,
            "세대수":202.0,
            "준공년월":"1992-11-23",
            "준공년차":31.0,
            "가까운역이름":"마전",
            "가까운역거리":4058.59,
            "역세권여부":"비역세권",
            "30분이내주요거점역":0,
            "1시간이내주요거점역":3,
            "3km이내백화점수":0,
            "5km이내아울렛몰수":0,
            "1km이내대형먀트수":1,
            "500m이내은행수":1,
            "500m이내병원수":19,
            "5km이내대형병원수":4,
            "500m이내공원수":4,
            "3km이내혐오시설수":0,
            "초등학교학업성취도":93.61,
            "중학교학업성취도":81.4,
            "용적률":166,
            "건폐율":29,
            "Y":37.62248,
            "X":126.70067,
            "rank":76.0,
            "area_info":"14평(48.76), 15평(50.76), 16평(54.26)",
            "last_sales":"2021-08-03,12000.0,16평(54.26)"
        },
        {
            "index":460,
            "아파트명":"다솜한신휴플러스",
            "투자타입":"일반",
            "전용면적(m2)":"84.4",
            "전용면적(평)":"25평",
            "법정동주소":"경기도 김포시 사우동 1479",
            "도로명주소":"경기도 김포시 돌문로15번길 45",
            "세대수":0,
            "입주년차":40,
            "용적률점수":"--",
            "건폐율점수":"--",
            "세대당주차수":30,
            "난방방식":30,
            "공급면적":"--",
            "전용률":"--",
            "욕실수":100,
            "현관타입":100,
            "주거총점":35.5,
            "지역구공급총점":50.0,
            "역세권":0,
            "30분내 이동가능 거점":0,
            "1시간내 이동가능 거점":70,
            "교통총점":14.0,
            "백화점":0,
            "아울렛몰":0,
            "대형마트":80,
            "은행":100,
            "병원":60,
            "종합병원":80,
            "공원":100,
            "혐오시설":0,
            "인프라총점":47.0,
            "초등학군":86.24,
            "중학군":44.62,
            "학군총점":52.944,
            "인구수":50.28,
            "인구증감":43.56,
            "인구총점":48.264,
            "일자리":22.9,
            "소득수준":53.37,
            "일자리총점":32.041,
            "가치 총점":34.0416,
            "매매실거래년":20211217.0,
            "매매실거래가":35000.0,
            "전세실거래년":20211120.0,
            "전세실거래가":15700.0,
            "전세가율":44.86,
            "장기전세가율평균":67.15,
            "전세가율거품지수":22.29,
            "검색코드":18948,
            "세대수":228.0,
            "준공년월":"2006-07-06",
            "준공년차":17.0,
            "가까운역이름":"완정",
            "가까운역거리":4954.71,
            "역세권여부":"비역세권",
            "30분이내주요거점역":0,
            "1시간이내주요거점역":7,
            "3km이내백화점수":0,
            "5km이내아울렛몰수":0,
            "1km이내대형먀트수":1,
            "500m이내은행수":5,
            "500m이내병원수":26,
            "5km이내대형병원수":1,
            "500m이내공원수":5,
            "3km이내혐오시설수":0,
            "초등학교학업성취도":86.24,
            "중학교학업성취도":72.7,
            "용적률":217,
            "건폐율":19,
            "Y":37.61635,
            "X":126.72105,
            "rank":77.0,
            "area_info":"25평(84.4), 33평(109.23)",
            "last_sales":"2021-12-17,35000.0,25평(84.4)"
        },
        {
            "index":838,
            "아파트명":"신안",
            "투자타입":"일반",
            "전용면적(m2)":"74.53",
            "전용면적(평)":"22평",
            "법정동주소":"경기도 김포시 풍무동 100",
            "도로명주소":"경기도 김포시 풍무로 113",
            "세대수":80,
            "입주년차":0,
            "용적률점수":"--",
            "건폐율점수":"--",
            "세대당주차수":0,
            "난방방식":30,
            "공급면적":"--",
            "전용률":"--",
            "욕실수":50,
            "현관타입":100,
            "주거총점":46.0,
            "지역구공급총점":50.0,
            "역세권":0,
            "30분내 이동가능 거점":0,
            "1시간내 이동가능 거점":40,
            "교통총점":8.0,
            "백화점":0,
            "아울렛몰":0,
            "대형마트":80,
            "은행":20,
            "병원":60,
            "종합병원":100,
            "공원":100,
            "혐오시설":0,
            "인프라총점":43.0,
            "초등학군":86.37,
            "중학군":54.4,
            "학군총점":60.794,
            "인구수":50.28,
            "인구증감":43.56,
            "인구총점":48.264,
            "일자리":22.9,
            "소득수준":53.37,
            "일자리총점":32.041,
            "가치 총점":34.0191,
            "매매실거래년":20211217.0,
            "매매실거래가":32000.0,
            "전세실거래년":20220111.0,
            "전세실거래가":17850.0,
            "전세가율":55.78,
            "장기전세가율평균":67.15,
            "전세가율거품지수":11.37,
            "검색코드":3927,
            "세대수":792.0,
            "준공년월":"1997-08-14",
            "준공년차":26.0,
            "가까운역이름":"계양",
            "가까운역거리":4032.45,
            "역세권여부":"비역세권",
            "30분이내주요거점역":0,
            "1시간이내주요거점역":4,
            "3km이내백화점수":0,
            "5km이내아울렛몰수":0,
            "1km이내대형먀트수":1,
            "500m이내은행수":2,
            "500m이내병원수":25,
            "5km이내대형병원수":2,
            "500m이내공원수":4,
            "3km이내혐오시설수":0,
            "초등학교학업성취도":86.37,
            "중학교학업성취도":88.8,
            "용적률":243,
            "건폐율":16,
            "Y":37.60568,
            "X":126.72048,
            "rank":78.0,
            "area_info":"22평(74.53), 31평(105.62), 48평(160.96), 52평(174.74)",
            "last_sales":"2021-12-17,32000.0,22평(74.53)"
        },
        {
            "index":770,
            "아파트명":"한강호반베르디움",
            "투자타입":"일반",
            "전용면적(m2)":"82.07",
            "전용면적(평)":"24평",
            "법정동주소":"경기도 김포시 장기동 1885-6",
            "도로명주소":"경기도 김포시 김포한강2로 229",
            "세대수":100,
            "입주년차":60,
            "용적률점수":"--",
            "건폐율점수":"--",
            "세대당주차수":30,
            "난방방식":100,
            "공급면적":"--",
            "전용률":"--",
            "욕실수":100,
            "현관타입":100,
            "주거총점":81.5,
            "지역구공급총점":50.0,
            "역세권":0,
            "30분내 이동가능 거점":0,
            "1시간내 이동가능 거점":20,
            "교통총점":4.0,
            "백화점":0,
            "아울렛몰":0,
            "대형마트":0,
            "은행":0,
            "병원":30,
            "종합병원":100,
            "공원":100,
            "혐오시설":0,
            "인프라총점":26.0,
            "초등학군":79.72,
            "중학군":50.96,
            "학군총점":56.712,
            "인구수":50.28,
            "인구증감":43.56,
            "인구총점":48.264,
            "일자리":22.9,
            "소득수준":53.37,
            "일자리총점":32.041,
            "가치 총점":34.0068,
            "매매실거래년":20211108.0,
            "매매실거래가":47800.0,
            "전세실거래년":20211227.0,
            "전세실거래가":40000.0,
            "전세가율":84.57,
            "장기전세가율평균":67.15,
            "전세가율거품지수":-17.42,
            "검색코드":101325,
            "세대수":1584.0,
            "준공년월":"2012-06-15",
            "준공년차":11.0,
            "가까운역이름":"검단사거리",
            "가까운역거리":4936.74,
            "역세권여부":"비역세권",
            "30분이내주요거점역":0,
            "1시간이내주요거점역":2,
            "3km이내백화점수":0,
            "5km이내아울렛몰수":0,
            "1km이내대형먀트수":0,
            "500m이내은행수":0,
            "500m이내병원수":9,
            "5km이내대형병원수":3,
            "500m이내공원수":2,
            "3km이내혐오시설수":0,
            "초등학교학업성취도":79.72,
            "중학교학업성취도":83.2,
            "용적률":179,
            "건폐율":15,
            "Y":37.64621,
            "X":126.659399,
            "rank":79.0,
            "area_info":"24평(82.07), 24평(82.6), 25평(82.91), 24평(82.62), 25평(83.34), 25평(83.12)",
            "last_sales":"2021-11-08,47800.0,25평(83.12)"
        },
        {
            "index":842,
            "아파트명":"양도대림e편한세상",
            "투자타입":"일반",
            "전용면적(m2)":"99.22",
            "전용면적(평)":"30평",
            "법정동주소":"경기도 김포시 풍무동 757",
            "도로명주소":"경기도 김포시 풍무로93번길 30",
            "세대수":50,
            "입주년차":20,
            "용적률점수":"--",
            "건폐율점수":"--",
            "세대당주차수":30,
            "난방방식":30,
            "공급면적":"--",
            "전용률":"--",
            "욕실수":100,
            "현관타입":100,
            "주거총점":49.0,
            "지역구공급총점":50.0,
            "역세권":0,
            "30분내 이동가능 거점":0,
            "1시간내 이동가능 거점":30,
            "교통총점":6.0,
            "백화점":0,
            "아울렛몰":0,
            "대형마트":80,
            "은행":20,
            "병원":60,
            "종합병원":100,
            "공원":100,
            "혐오시설":0,
            "인프라총점":43.0,
            "초등학군":86.37,
            "중학군":54.4,
            "학군총점":60.794,
            "인구수":50.28,
            "인구증감":43.56,
            "인구총점":48.264,
            "일자리":22.9,
            "소득수준":53.37,
            "일자리총점":32.041,
            "가치 총점":33.9191,
            "매매실거래년":20211221.0,
            "매매실거래가":45500.0,
            "전세실거래년":20211222.0,
            "전세실거래가":12000.0,
            "전세가율":26.37,
            "장기전세가율평균":67.15,
            "전세가율거품지수":40.78,
            "검색코드":8171,
            "세대수":575.0,
            "준공년월":"2003-09-29",
            "준공년차":20.0,
            "가까운역이름":"계양",
            "가까운역거리":3927.61,
            "역세권여부":"비역세권",
            "30분이내주요거점역":0,
            "1시간이내주요거점역":3,
            "3km이내백화점수":0,
            "5km이내아울렛몰수":0,
            "1km이내대형먀트수":1,
            "500m이내은행수":2,
            "500m이내병원수":25,
            "5km이내대형병원수":2,
            "500m이내공원수":4,
            "3km이내혐오시설수":0,
            "초등학교학업성취도":86.37,
            "중학교학업성취도":88.8,
            "용적률":198,
            "건폐율":18,
            "Y":37.604648,
            "X":126.720372,
            "rank":80.0,
            "area_info":"30평(99.22), 30평(99.23)",
            "last_sales":"2021-12-21,45500.0,30평(99.22)"
        },
        {
            "index":297,
            "아파트명":"김포한강신도시모아엘가2차",
            "투자타입":"일반",
            "전용면적(m2)":"82.77",
            "전용면적(평)":"25평",
            "법정동주소":"경기도 김포시 구래동 6888-6",
            "도로명주소":"경기도 김포시 김포한강9로12번길 50",
            "세대수":50,
            "입주년차":80,
            "용적률점수":"--",
            "건폐율점수":"--",
            "세대당주차수":30,
            "난방방식":100,
            "공급면적":"--",
            "전용률":"--",
            "욕실수":100,
            "현관타입":100,
            "주거총점":68.0,
            "지역구공급총점":50.0,
            "역세권":0,
            "30분내 이동가능 거점":0,
            "1시간내 이동가능 거점":10,
            "교통총점":2.0,
            "백화점":0,
            "아울렛몰":0,
            "대형마트":80,
            "은행":0,
            "병원":30,
            "종합병원":100,
            "공원":100,
            "혐오시설":0,
            "인프라총점":38.0,
            "초등학군":90.92,
            "중학군":45.7,
            "학군총점":54.744,
            "인구수":50.28,
            "인구증감":43.56,
            "인구총점":48.264,
            "일자리":22.9,
            "소득수준":53.37,
            "일자리총점":32.041,
            "가치 총점":33.9116,
            "매매실거래년":20200227.0,
            "매매실거래가":29000.0,
            "전세실거래년":20200229.0,
            "전세실거래가":23000.0,
            "전세가율":79.31,
            "장기전세가율평균":67.15,
            "전세가율거품지수":-12.16,
            "검색코드":110479,
            "세대수":493.0,
            "준공년월":"2017-11-23",
            "준공년차":6.0,
            "가까운역이름":"검단사거리",
            "가까운역거리":4729.28,
            "역세권여부":"비역세권",
            "30분이내주요거점역":0,
            "1시간이내주요거점역":1,
            "3km이내백화점수":0,
            "5km이내아울렛몰수":0,
            "1km이내대형먀트수":1,
            "500m이내은행수":0,
            "500m이내병원수":5,
            "5km이내대형병원수":2,
            "500m이내공원수":3,
            "3km이내혐오시설수":0,
            "초등학교학업성취도":90.92,
            "중학교학업성취도":74.1,
            "용적률":169,
            "건폐율":18,
            "Y":37.638478,
            "X":126.629816,
            "rank":81.0,
            "area_info":"25평(82.77), 24평(82.45), 25평(82.74)",
            "last_sales":"2020-02-27,29000.0,25평(82.77)"
        },
        {
            "index":127,
            "아파트명":"강변마을5단지월드메르디앙",
            "투자타입":"일반",
            "전용면적(m2)":"126.07",
            "전용면적(평)":"38평",
            "법정동주소":"경기도 김포시 고촌읍 신곡리 1280",
            "도로명주소":"경기도 김포시 신곡로 48",
            "세대수":50,
            "입주년차":60,
            "용적률점수":"--",
            "건폐율점수":"--",
            "세대당주차수":60,
            "난방방식":30,
            "공급면적":"--",
            "전용률":"--",
            "욕실수":100,
            "현관타입":100,
            "주거총점":61.5,
            "지역구공급총점":50.0,
            "역세권":0,
            "30분내 이동가능 거점":0,
            "1시간내 이동가능 거점":50,
            "교통총점":10.0,
            "백화점":0,
            "아울렛몰":100,
            "대형마트":0,
            "은행":0,
            "병원":0,
            "종합병원":80,
            "공원":100,
            "혐오시설":0,
            "인프라총점":29.0,
            "초등학군":81.49,
            "중학군":57.28,
            "학군총점":62.122,
            "인구수":50.28,
            "인구증감":43.56,
            "인구총점":48.264,
            "일자리":22.9,
            "소득수준":53.37,
            "일자리총점":32.041,
            "가치 총점":33.8183,
            "매매실거래년":20210510.0,
            "매매실거래가":82500.0,
            "전세실거래년":20210709.0,
            "전세실거래가":50000.0,
            "전세가율":92.59,
            "장기전세가율평균":67.15,
            "전세가율거품지수":-25.44,
            "검색코드":27335,
            "세대수":560.0,
            "준공년월":"2010-02-04",
            "준공년차":13.0,
            "가까운역이름":"개화",
            "가까운역거리":3830.61,
            "역세권여부":"비역세권",
            "30분이내주요거점역":0,
            "1시간이내주요거점역":5,
            "3km이내백화점수":0,
            "5km이내아울렛몰수":2,
            "1km이내대형먀트수":0,
            "500m이내은행수":0,
            "500m이내병원수":0,
            "5km이내대형병원수":1,
            "500m이내공원수":2,
            "3km이내혐오시설수":0,
            "초등학교학업성취도":81.49,
            "중학교학업성취도":91.4,
            "용적률":193,
            "건폐율":19,
            "Y":37.607162,
            "X":126.77383,
            "rank":82.0,
            "area_info":"38평(126.07), 42평(142.11), 48평(159.01), 55평(183.26)",
            "last_sales":"2021-05-10,82500.0,55평(183.26)"
        },
        {
            "index":585,
            "아파트명":"풍경마을한강한라비발디",
            "투자타입":"일반",
            "전용면적(m2)":"129.4",
            "전용면적(평)":"39평",
            "법정동주소":"경기도 김포시 운양동 1249-1",
            "도로명주소":"경기도 김포시 김포한강11로255번길 149",
            "세대수":80,
            "입주년차":60,
            "용적률점수":"--",
            "건폐율점수":"--",
            "세대당주차수":60,
            "난방방식":100,
            "공급면적":"--",
            "전용률":"--",
            "욕실수":100,
            "현관타입":100,
            "주거총점":79.0,
            "지역구공급총점":50.0,
            "역세권":0,
            "30분내 이동가능 거점":0,
            "1시간내 이동가능 거점":30,
            "교통총점":6.0,
            "백화점":0,
            "아울렛몰":0,
            "대형마트":0,
            "은행":0,
            "병원":0,
            "종합병원":100,
            "공원":100,
            "혐오시설":0,
            "인프라총점":23.0,
            "초등학군":84.39,
            "중학군":53.84,
            "학군총점":59.95,
            "인구수":50.28,
            "인구증감":43.56,
            "인구총점":48.264,
            "일자리":22.9,
            "소득수준":53.37,
            "일자리총점":32.041,
            "가치 총점":33.7925,
            "매매실거래년":20211228.0,
            "매매실거래가":65000.0,
            "전세실거래년":20211011.0,
            "전세실거래가":31500.0,
            "전세가율":48.46,
            "장기전세가율평균":67.15,
            "전세가율거품지수":18.69,
            "검색코드":103317,
            "세대수":857.0,
            "준공년월":"2013-06-26",
            "준공년차":10.0,
            "가까운역이름":"대화",
            "가까운역거리":6128.74,
            "역세권여부":"비역세권",
            "30분이내주요거점역":0,
            "1시간이내주요거점역":3,
            "3km이내백화점수":0,
            "5km이내아울렛몰수":0,
            "1km이내대형먀트수":0,
            "500m이내은행수":0,
            "500m이내병원수":0,
            "5km이내대형병원수":2,
            "500m이내공원수":18,
            "3km이내혐오시설수":0,
            "초등학교학업성취도":84.39,
            "중학교학업성취도":88.0,
            "용적률":219,
            "건폐율":21,
            "Y":37.659762,
            "X":126.681063,
            "rank":83.0,
            "area_info":"39평(129.4), 39평(129.92), 39평(131.03), 39평(131.15), 39평(131.55), 47평(157.38)",
            "last_sales":"2021-12-28,65000.0,39평(131.15)"
        },
        {
            "index":713,
            "아파트명":"청송마을중흥에스클래스",
            "투자타입":"일반",
            "전용면적(m2)":"126.14",
            "전용면적(평)":"38평",
            "법정동주소":"경기도 김포시 장기동 1866-1",
            "도로명주소":"경기도 김포시 김포한강2로 362",
            "세대수":90,
            "입주년차":60,
            "용적률점수":"--",
            "건폐율점수":"--",
            "세대당주차수":60,
            "난방방식":100,
            "공급면적":"--",
            "전용률":"--",
            "욕실수":100,
            "현관타입":100,
            "주거총점":82.5,
            "지역구공급총점":50.0,
            "역세권":0,
            "30분내 이동가능 거점":0,
            "1시간내 이동가능 거점":20,
            "교통총점":4.0,
            "백화점":0,
            "아울렛몰":0,
            "대형마트":0,
            "은행":0,
            "병원":10,
            "종합병원":100,
            "공원":100,
            "혐오시설":0,
            "인프라총점":24.0,
            "초등학군":100.0,
            "중학군":47.36,
            "학군총점":57.888,
            "인구수":50.28,
            "인구증감":43.56,
            "인구총점":48.264,
            "일자리":22.9,
            "소득수준":53.37,
            "일자리총점":32.041,
            "가치 총점":33.7832,
            "매매실거래년":20211120.0,
            "매매실거래가":60500.0,
            "전세실거래년":20211105.0,
            "전세실거래가":39000.0,
            "전세가율":69.64,
            "장기전세가율평균":67.15,
            "전세가율거품지수":-2.49,
            "검색코드":116199,
            "세대수":1007.0,
            "준공년월":"2012-02-08",
            "준공년차":11.0,
            "가까운역이름":"검단사거리",
            "가까운역거리":5580.31,
            "역세권여부":"비역세권",
            "30분이내주요거점역":0,
            "1시간이내주요거점역":2,
            "3km이내백화점수":0,
            "5km이내아울렛몰수":0,
            "1km이내대형먀트수":0,
            "500m이내은행수":0,
            "500m이내병원수":2,
            "5km이내대형병원수":2,
            "500m이내공원수":3,
            "3km이내혐오시설수":0,
            "초등학교학업성취도":100.0,
            "중학교학업성취도":77.8,
            "용적률":219,
            "건폐율":17,
            "Y":37.651139,
            "X":126.669027,
            "rank":84.0,
            "area_info":"38평(126.14), 40평(133.21), 40평(133.25), 40평(133.47), 42평(139.47)",
            "last_sales":"2021-11-20,60500.0,42평(139.47)"
        },
        {
            "index":687,
            "아파트명":"고창마을제일풍경채",
            "투자타입":"일반",
            "전용면적(m2)":"112.42",
            "전용면적(평)":"34평",
            "법정동주소":"경기도 김포시 장기동 1636",
            "도로명주소":"경기도 김포시 김포한강2로 189",
            "세대수":30,
            "입주년차":40,
            "용적률점수":"--",
            "건폐율점수":"--",
            "세대당주차수":30,
            "난방방식":100,
            "공급면적":"--",
            "전용률":"--",
            "욕실수":100,
            "현관타입":100,
            "주거총점":53.0,
            "지역구공급총점":50.0,
            "역세권":0,
            "30분내 이동가능 거점":0,
            "1시간내 이동가능 거점":30,
            "교통총점":6.0,
            "백화점":0,
            "아울렛몰":0,
            "대형마트":0,
            "은행":100,
            "병원":80,
            "종합병원":100,
            "공원":100,
            "혐오시설":0,
            "인프라총점":41.0,
            "초등학군":88.48,
            "중학군":50.96,
            "학군총점":58.464,
            "인구수":50.28,
            "인구증감":43.56,
            "인구총점":48.264,
            "일자리":22.9,
            "소득수준":53.37,
            "일자리총점":32.041,
            "가치 총점":33.7696,
            "매매실거래년":20211214.0,
            "매매실거래가":49000.0,
            "전세실거래년":20220111.0,
            "전세실거래가":25200.0,
            "전세가율":51.43,
            "장기전세가율평균":67.15,
            "전세가율거품지수":15.72,
            "검색코드":26227,
            "세대수":360.0,
            "준공년월":"2008-03-28",
            "준공년차":15.0,
            "가까운역이름":"검단사거리",
            "가까운역거리":4624.67,
            "역세권여부":"비역세권",
            "30분이내주요거점역":0,
            "1시간이내주요거점역":3,
            "3km이내백화점수":0,
            "5km이내아울렛몰수":0,
            "1km이내대형먀트수":0,
            "500m이내은행수":5,
            "500m이내병원수":42,
            "5km이내대형병원수":3,
            "500m이내공원수":4,
            "3km이내혐오시설수":0,
            "초등학교학업성취도":88.48,
            "중학교학업성취도":83.2,
            "용적률":192,
            "건폐율":14,
            "Y":37.643139,
            "X":126.66342,
            "rank":85.0,
            "area_info":"34평(112.42)",
            "last_sales":"2021-12-14,49000.0,34평(112.42)"
        },
        {
            "index":553,
            "아파트명":"모담마을한강화성파크드림",
            "투자타입":"일반",
            "전용면적(m2)":"109.28",
            "전용면적(평)":"33평",
            "법정동주소":"경기도 김포시 운양동 1325-7",
            "도로명주소":"경기도 김포시 김포한강11로 38",
            "세대수":50,
            "입주년차":60,
            "용적률점수":"--",
            "건폐율점수":"--",
            "세대당주차수":60,
            "난방방식":100,
            "공급면적":"--",
            "전용률":"--",
            "욕실수":100,
            "현관타입":100,
            "주거총점":68.5,
            "지역구공급총점":50.0,
            "역세권":0,
            "30분내 이동가능 거점":0,
            "1시간내 이동가능 거점":60,
            "교통총점":12.0,
            "백화점":0,
            "아울렛몰":0,
            "대형마트":0,
            "은행":0,
            "병원":0,
            "종합병원":100,
            "공원":80,
            "혐오시설":0,
            "인프라총점":22.4,
            "초등학군":88.9,
            "중학군":53.84,
            "학군총점":60.852,
            "인구수":50.28,
            "인구증감":43.56,
            "인구총점":48.264,
            "일자리":22.9,
            "소득수준":53.37,
            "일자리총점":32.041,
            "가치 총점":33.7478,
            "매매실거래년":20211227.0,
            "매매실거래가":65000.0,
            "전세실거래년":20211205.0,
            "전세실거래가":35000.0,
            "전세가율":53.85,
            "장기전세가율평균":67.15,
            "전세가율거품지수":13.3,
            "검색코드":100724,
            "세대수":648.0,
            "준공년월":"2012-06-28",
            "준공년차":11.0,
            "가까운역이름":"검단사거리",
            "가까운역거리":5745.07,
            "역세권여부":"비역세권",
            "30분이내주요거점역":0,
            "1시간이내주요거점역":6,
            "3km이내백화점수":0,
            "5km이내아울렛몰수":0,
            "1km이내대형먀트수":0,
            "500m이내은행수":0,
            "500m이내병원수":0,
            "5km이내대형병원수":2,
            "500m이내공원수":1,
            "3km이내혐오시설수":0,
            "초등학교학업성취도":88.9,
            "중학교학업성취도":88.0,
            "용적률":199,
            "건폐율":13,
            "Y":37.645249,
            "X":126.692504,
            "rank":86.0,
            "area_info":"33평(109.28), 33평(109.98), 33평(109.93)",
            "last_sales":"2021-12-27,65000.0,33평(109.28)"
        },
        {
            "index":150,
            "아파트명":"김포고촌우방아이유쉘",
            "투자타입":"일반",
            "전용면적(m2)":"113.41",
            "전용면적(평)":"34평",
            "법정동주소":"경기도 김포시 고촌읍 신곡리 1284",
            "도로명주소":"경기도 김포시 고송로 7",
            "세대수":30,
            "입주년차":80,
            "용적률점수":"--",
            "건폐율점수":"--",
            "세대당주차수":60,
            "난방방식":30,
            "공급면적":"--",
            "전용률":"--",
            "욕실수":100,
            "현관타입":100,
            "주거총점":58.5,
            "지역구공급총점":50.0,
            "역세권":0,
            "30분내 이동가능 거점":20,
            "1시간내 이동가능 거점":70,
            "교통총점":20.0,
            "백화점":0,
            "아울렛몰":100,
            "대형마트":0,
            "은행":0,
            "병원":60,
            "종합병원":0,
            "공원":100,
            "혐오시설":0,
            "인프라총점":19.0,
            "초등학군":81.49,
            "중학군":57.28,
            "학군총점":62.122,
            "인구수":50.28,
            "인구증감":43.56,
            "인구총점":48.264,
            "일자리":22.9,
            "소득수준":53.37,
            "일자리총점":32.041,
            "가치 총점":33.7183,
            "매매실거래년":20211008.0,
            "매매실거래가":74000.0,
            "전세실거래년":20211127.0,
            "전세실거래가":39000.0,
            "전세가율":52.7,
            "장기전세가율평균":67.15,
            "전세가율거품지수":14.45,
            "검색코드":108261,
            "세대수":347.0,
            "준공년월":"2014-11-26",
            "준공년차":9.0,
            "가까운역이름":"개화",
            "가까운역거리":3968.04,
            "역세권여부":"비역세권",
            "30분이내주요거점역":1,
            "1시간이내주요거점역":7,
            "3km이내백화점수":0,
            "5km이내아울렛몰수":2,
            "1km이내대형먀트수":0,
            "500m이내은행수":1,
            "500m이내병원수":17,
            "5km이내대형병원수":0,
            "500m이내공원수":7,
            "3km이내혐오시설수":0,
            "초등학교학업성취도":81.49,
            "중학교학업성취도":91.4,
            "용적률":199,
            "건폐율":22,
            "Y":37.604388,
            "X":126.767013,
            "rank":87.0,
            "area_info":"34평(113.41), 34평(113.51), 46평(152.57), 55평(182.31)",
            "last_sales":"2021-10-08,74000.0,34평(113.41)"
        },
        {
            "index":192,
            "아파트명":"오룡한화",
            "투자타입":"일반",
            "전용면적(m2)":"108.28",
            "전용면적(평)":"32평",
            "법정동주소":"경기도 김포시 고촌읍 신곡리 1058",
            "도로명주소":"경기도 김포시 수기로 8",
            "세대수":50,
            "입주년차":20,
            "용적률점수":"--",
            "건폐율점수":"--",
            "세대당주차수":60,
            "난방방식":30,
            "공급면적":"--",
            "전용률":"--",
            "욕실수":100,
            "현관타입":100,
            "주거총점":53.5,
            "지역구공급총점":50.0,
            "역세권":0,
            "30분내 이동가능 거점":20,
            "1시간내 이동가능 거점":80,
            "교통총점":22.0,
            "백화점":0,
            "아울렛몰":100,
            "대형마트":0,
            "은행":0,
            "병원":60,
            "종합병원":0,
            "공원":100,
            "혐오시설":0,
            "인프라총점":19.0,
            "초등학군":87.38,
            "중학군":57.7,
            "학군총점":63.636,
            "인구수":50.28,
            "인구증감":43.56,
            "인구총점":48.264,
            "일자리":22.9,
            "소득수준":53.37,
            "일자리총점":32.041,
            "가치 총점":33.6454,
            "매매실거래년":20211020.0,
            "매매실거래가":58000.0,
            "전세실거래년":20211126.0,
            "전세실거래가":35000.0,
            "전세가율":60.34,
            "장기전세가율평균":67.15,
            "전세가율거품지수":6.81,
            "검색코드":8741,
            "세대수":432.0,
            "준공년월":"2002-11-26",
            "준공년차":21.0,
            "가까운역이름":"개화",
            "가까운역거리":3861.54,
            "역세권여부":"비역세권",
            "30분이내주요거점역":1,
            "1시간이내주요거점역":8,
            "3km이내백화점수":0,
            "5km이내아울렛몰수":2,
            "1km이내대형먀트수":0,
            "500m이내은행수":1,
            "500m이내병원수":19,
            "5km이내대형병원수":0,
            "500m이내공원수":6,
            "3km이내혐오시설수":0,
            "초등학교학업성취도":87.38,
            "중학교학업성취도":92.7,
            "용적률":247,
            "건폐율":26,
            "Y":37.602681,
            "X":126.766565,
            "rank":88.0,
            "area_info":"32평(108.28), 50평(167.29)",
            "last_sales":"2021-10-20,58000.0,32평(108.28)"
        },
        {
            "index":300,
            "아파트명":"김포한강아이파크",
            "투자타입":"일반",
            "전용면적(m2)":"100.4",
            "전용면적(평)":"30평",
            "법정동주소":"경기도 김포시 구래동 6874-20",
            "도로명주소":"경기도 김포시 김포한강4로420번길 100",
            "세대수":90,
            "입주년차":80,
            "용적률점수":"--",
            "건폐율점수":"--",
            "세대당주차수":30,
            "난방방식":100,
            "공급면적":"--",
            "전용률":"--",
            "욕실수":100,
            "현관타입":100,
            "주거총점":82.0,
            "지역구공급총점":50.0,
            "역세권":0,
            "30분내 이동가능 거점":0,
            "1시간내 이동가능 거점":10,
            "교통총점":2.0,
            "백화점":0,
            "아울렛몰":0,
            "대형마트":80,
            "은행":0,
            "병원":0,
            "종합병원":80,
            "공원":100,
            "혐오시설":-100,
            "인프라총점":29.0,
            "초등학군":83.84,
            "중학군":43.48,
            "학군총점":51.552,
            "인구수":50.28,
            "인구증감":43.56,
            "인구총점":48.264,
            "일자리":22.9,
            "소득수준":53.37,
            "일자리총점":32.041,
            "가치 총점":33.5328,
            "매매실거래년":20211203.0,
            "매매실거래가":61850.0,
            "전세실거래년":20210811.0,
            "전세실거래가":32000.0,
            "전세가율":58.39,
            "장기전세가율평균":67.15,
            "전세가율거품지수":8.76,
            "검색코드":113318,
            "세대수":1230.0,
            "준공년월":"2018-02-19",
            "준공년차":5.0,
            "가까운역이름":"검단사거리",
            "가까운역거리":5927.96,
            "역세권여부":"비역세권",
            "30분이내주요거점역":0,
            "1시간이내주요거점역":1,
            "3km이내백화점수":0,
            "5km이내아울렛몰수":0,
            "1km이내대형먀트수":1,
            "500m이내은행수":1,
            "500m이내병원수":1,
            "5km이내대형병원수":1,
            "500m이내공원수":4,
            "3km이내혐오시설수":2,
            "초등학교학업성취도":83.84,
            "중학교학업성취도":69.4,
            "용적률":209,
            "건폐율":15,
            "Y":37.651512,
            "X":126.632632,
            "rank":89.0,
            "area_info":"30평(100.4), 30평(101.13), 33평(112.02)",
            "last_sales":"2021-12-03,61850.0,33평(112.02)"
        },
        {
            "index":384,
            "아파트명":"한강신도시레이크에일린의뜰",
            "투자타입":"일반",
            "전용면적(m2)":"98.5",
            "전용면적(평)":"29평",
            "법정동주소":"경기도 김포시 마산동 616-3",
            "도로명주소":"경기도 김포시 김포한강8로 281",
            "세대수":50,
            "입주년차":80,
            "용적률점수":"--",
            "건폐율점수":"--",
            "세대당주차수":60,
            "난방방식":100,
            "공급면적":"--",
            "전용률":"--",
            "욕실수":100,
            "현관타입":100,
            "주거총점":72.5,
            "지역구공급총점":50.0,
            "역세권":0,
            "30분내 이동가능 거점":0,
            "1시간내 이동가능 거점":20,
            "교통총점":4.0,
            "백화점":0,
            "아울렛몰":0,
            "대형마트":80,
            "은행":0,
            "병원":0,
            "종합병원":100,
            "공원":100,
            "혐오시설":-100,
            "인프라총점":33.0,
            "초등학군":74.16,
            "중학군":45.7,
            "학군총점":51.392,
            "인구수":50.28,
            "인구증감":43.56,
            "인구총점":48.264,
            "일자리":22.9,
            "소득수준":53.37,
            "일자리총점":32.041,
            "가치 총점":33.5088,
            "매매실거래년":20211231.0,
            "매매실거래가":51700.0,
            "전세실거래년":20211215.0,
            "전세실거래가":23500.0,
            "전세가율":45.45,
            "장기전세가율평균":67.15,
            "전세가율거품지수":21.7,
            "검색코드":112810,
            "세대수":578.0,
            "준공년월":"2017-09-15",
            "준공년차":6.0,
            "가까운역이름":"검단사거리",
            "가까운역거리":4978.25,
            "역세권여부":"비역세권",
            "30분이내주요거점역":0,
            "1시간이내주요거점역":2,
            "3km이내백화점수":0,
            "5km이내아울렛몰수":0,
            "1km이내대형먀트수":1,
            "500m이내은행수":0,
            "500m이내병원수":1,
            "5km이내대형병원수":2,
            "500m이내공원수":4,
            "3km이내혐오시설수":2,
            "초등학교학업성취도":74.16,
            "중학교학업성취도":74.1,
            "용적률":120,
            "건폐율":14,
            "Y":37.643903,
            "X":126.637715,
            "rank":90.0,
            "area_info":"29평(98.5), 34평(112.86), 34평(113.23)",
            "last_sales":"2021-12-31,51700.0,29평(98.5)"
        },
        {
            "index":675,
            "아파트명":"고창마을반도유보라",
            "투자타입":"일반",
            "전용면적(m2)":"127.49",
            "전용면적(평)":"38평",
            "법정동주소":"경기도 김포시 장기동 1642",
            "도로명주소":"경기도 김포시 김포한강1로 9",
            "세대수":50,
            "입주년차":40,
            "용적률점수":"--",
            "건폐율점수":"--",
            "세대당주차수":60,
            "난방방식":100,
            "공급면적":"--",
            "전용률":"--",
            "욕실수":100,
            "현관타입":100,
            "주거총점":64.5,
            "지역구공급총점":50.0,
            "역세권":0,
            "30분내 이동가능 거점":0,
            "1시간내 이동가능 거점":30,
            "교통총점":6.0,
            "백화점":0,
            "아울렛몰":0,
            "대형마트":0,
            "은행":20,
            "병원":60,
            "종합병원":100,
            "공원":100,
            "혐오시설":0,
            "인프라총점":31.0,
            "초등학군":88.48,
            "중학군":53.98,
            "학군총점":60.88,
            "인구수":50.28,
            "인구증감":43.56,
            "인구총점":48.264,
            "일자리":22.9,
            "소득수준":53.37,
            "일자리총점":32.041,
            "가치 총점":33.432,
            "매매실거래년":20211113.0,
            "매매실거래가":63000.0,
            "전세실거래년":20211206.0,
            "전세실거래가":41000.0,
            "전세가율":65.08,
            "장기전세가율평균":67.15,
            "전세가율거품지수":2.07,
            "검색코드":26229,
            "세대수":447.0,
            "준공년월":"2008-06-27",
            "준공년차":15.0,
            "가까운역이름":"검단사거리",
            "가까운역거리":4360.47,
            "역세권여부":"비역세권",
            "30분이내주요거점역":0,
            "1시간이내주요거점역":3,
            "3km이내백화점수":0,
            "5km이내아울렛몰수":0,
            "1km이내대형먀트수":0,
            "500m이내은행수":2,
            "500m이내병원수":26,
            "5km이내대형병원수":3,
            "500m이내공원수":5,
            "3km이내혐오시설수":0,
            "초등학교학업성취도":88.48,
            "중학교학업성취도":87.7,
            "용적률":189,
            "건폐율":16,
            "Y":37.64062,
            "X":126.664542,
            "rank":91.0,
            "area_info":"38평(127.49), 38평(127.59), 46평(154.66), 46평(154.4), 46평(155.17)",
            "last_sales":"2021-11-13,63000.0,46평(154.66)"
        },
        {
            "index":109,
            "아파트명":"한강메트로자이3단지",
            "투자타입":"일반",
            "전용면적(m2)":"111.64",
            "전용면적(평)":"33평",
            "법정동주소":"경기도 김포시 걸포동 걸포3지구 도시개발사업구역 A-2블록",
            "도로명주소":"경기도 김포시 걸포2로 60",
            "세대수":50,
            "입주년차":100,
            "용적률점수":"--",
            "건폐율점수":"--",
            "세대당주차수":30,
            "난방방식":100,
            "공급면적":"--",
            "전용률":"--",
            "욕실수":100,
            "현관타입":100,
            "주거총점":72.0,
            "지역구공급총점":50.0,
            "역세권":0,
            "30분내 이동가능 거점":0,
            "1시간내 이동가능 거점":40,
            "교통총점":8.0,
            "백화점":0,
            "아울렛몰":0,
            "대형마트":0,
            "은행":0,
            "병원":10,
            "종합병원":100,
            "공원":100,
            "혐오시설":0,
            "인프라총점":24.0,
            "초등학군":100.0,
            "중학군":49.64,
            "학군총점":59.712,
            "인구수":50.28,
            "인구증감":43.56,
            "인구총점":48.264,
            "일자리":22.9,
            "소득수준":53.37,
            "일자리총점":32.041,
            "가치 총점":33.3568,
            "매매실거래년":20211011.0,
            "매매실거래가":128000.0,
            "전세실거래년":null,
            "전세실거래가":null,
            "전세가율":null,
            "장기전세가율평균":67.15,
            "전세가율거품지수":null,
            "검색코드":118655,
            "세대수":431.0,
            "준공년월":"2020-07-14",
            "준공년차":3.0,
            "가까운역이름":"마전",
            "가까운역거리":5387.65,
            "역세권여부":"비역세권",
            "30분이내주요거점역":0,
            "1시간이내주요거점역":4,
            "3km이내백화점수":0,
            "5km이내아울렛몰수":0,
            "1km이내대형먀트수":0,
            "500m이내은행수":0,
            "500m이내병원수":4,
            "5km이내대형병원수":2,
            "500m이내공원수":3,
            "3km이내혐오시설수":0,
            "초등학교학업성취도":100.0,
            "중학교학업성취도":81.4,
            "용적률":228,
            "건폐율":15,
            "Y":37.637099,
            "X":126.702364,
            "rank":92.0,
            "area_info":"33평(111.64), 33평(111.4), 33평(112.11), 39평(130.84), 39평(131.04), 54평(178.77)",
            "last_sales":"2021-10-11,128000.0,39평(130.84)"
        },
        {
            "index":358,
            "아파트명":"은여울마을경남아너스빌",
            "투자타입":"일반",
            "전용면적(m2)":"99.04",
            "전용면적(평)":"29평",
            "법정동주소":"경기도 김포시 마산동 639-8",
            "도로명주소":"경기도 김포시 김포한강8로 173-58",
            "세대수":90,
            "입주년차":60,
            "용적률점수":"--",
            "건폐율점수":"--",
            "세대당주차수":60,
            "난방방식":100,
            "공급면적":"--",
            "전용률":"--",
            "욕실수":100,
            "현관타입":100,
            "주거총점":82.5,
            "지역구공급총점":50.0,
            "역세권":0,
            "30분내 이동가능 거점":0,
            "1시간내 이동가능 거점":20,
            "교통총점":4.0,
            "백화점":0,
            "아울렛몰":0,
            "대형마트":0,
            "은행":0,
            "병원":0,
            "종합병원":100,
            "공원":100,
            "혐오시설":0,
            "인프라총점":23.0,
            "초등학군":95.36,
            "중학군":45.7,
            "학군총점":55.632,
            "인구수":50.28,
            "인구증감":43.56,
            "인구총점":48.264,
            "일자리":22.9,
            "소득수준":53.37,
            "일자리총점":32.041,
            "가치 총점":33.1448,
            "매매실거래년":20220108.0,
            "매매실거래가":47000.0,
            "전세실거래년":20220118.0,
            "전세실거래가":32000.0,
            "전세가율":68.28,
            "장기전세가율평균":67.15,
            "전세가율거품지수":-1.13,
            "검색코드":105368,
            "세대수":976.0,
            "준공년월":"2013-01-10",
            "준공년차":10.0,
            "가까운역이름":"검단사거리",
            "가까운역거리":4404.41,
            "역세권여부":"비역세권",
            "30분이내주요거점역":0,
            "1시간이내주요거점역":2,
            "3km이내백화점수":0,
            "5km이내아울렛몰수":0,
            "1km이내대형먀트수":0,
            "500m이내은행수":0,
            "500m이내병원수":0,
            "5km이내대형병원수":2,
            "500m이내공원수":12,
            "3km이내혐오시설수":0,
            "초등학교학업성취도":95.36,
            "중학교학업성취도":74.1,
            "용적률":193,
            "건폐율":15,
            "Y":37.638255,
            "X":126.637403,
            "rank":93.0,
            "area_info":"29평(99.04), 29평(99.04), 30평(99.25), 30평(99.25), 33평(111.98), 33평(111.72), 33평(111.72), 33평(112.39), 33평(112.12), 34평(112.66), 33평(112.24)",
            "last_sales":"2022-01-08,47000.0,33평(112.12)"
        },
        {
            "index":123,
            "아파트명":"강변마을2단지동부센트레빌",
            "투자타입":"일반",
            "전용면적(m2)":"110.54",
            "전용면적(평)":"33평",
            "법정동주소":"경기도 김포시 고촌읍 신곡리 1110",
            "도로명주소":"경기도 김포시 신곡로3번길 34-38",
            "세대수":0,
            "입주년차":40,
            "용적률점수":"--",
            "건폐율점수":"--",
            "세대당주차수":30,
            "난방방식":30,
            "공급면적":"--",
            "전용률":"--",
            "욕실수":100,
            "현관타입":100,
            "주거총점":35.5,
            "지역구공급총점":50.0,
            "역세권":0,
            "30분내 이동가능 거점":20,
            "1시간내 이동가능 거점":70,
            "교통총점":20.0,
            "백화점":0,
            "아울렛몰":100,
            "대형마트":0,
            "은행":0,
            "병원":30,
            "종합병원":80,
            "공원":100,
            "혐오시설":0,
            "인프라총점":32.0,
            "초등학군":81.49,
            "중학군":57.28,
            "학군총점":62.122,
            "인구수":50.28,
            "인구증감":43.56,
            "인구총점":48.264,
            "일자리":22.9,
            "소득수준":53.37,
            "일자리총점":32.041,
            "가치 총점":33.0183,
            "매매실거래년":20211208.0,
            "매매실거래가":67800.0,
            "전세실거래년":20211215.0,
            "전세실거래가":30400.0,
            "전세가율":44.84,
            "장기전세가율평균":67.15,
            "전세가율거품지수":22.31,
            "검색코드":22494,
            "세대수":294.0,
            "준공년월":"2006-11-13",
            "준공년차":17.0,
            "가까운역이름":"개화",
            "가까운역거리":3600.65,
            "역세권여부":"비역세권",
            "30분이내주요거점역":1,
            "1시간이내주요거점역":7,
            "3km이내백화점수":0,
            "5km이내아울렛몰수":2,
            "1km이내대형먀트수":0,
            "500m이내은행수":0,
            "500m이내병원수":7,
            "5km이내대형병원수":1,
            "500m이내공원수":5,
            "3km이내혐오시설수":0,
            "초등학교학업성취도":81.49,
            "중학교학업성취도":91.4,
            "용적률":0,
            "건폐율":0,
            "Y":37.604951,
            "X":126.774388,
            "rank":94.0,
            "area_info":"33평(110.54), 34평(115.67)",
            "last_sales":"2021-12-08,67800.0,33평(110.54)"
        },
        {
            "index":413,
            "아파트명":"풍년2단지동남",
            "투자타입":"일반",
            "전용면적(m2)":"102.91",
            "전용면적(평)":"31평",
            "법정동주소":"경기도 김포시 북변동 816",
            "도로명주소":"경기도 김포시 사우중로73번길 39",
            "세대수":0,
            "입주년차":20,
            "용적률점수":"--",
            "건폐율점수":"--",
            "세대당주차수":30,
            "난방방식":30,
            "공급면적":"--",
            "전용률":"--",
            "욕실수":100,
            "현관타입":100,
            "주거총점":31.5,
            "지역구공급총점":50.0,
            "역세권":0,
            "30분내 이동가능 거점":20,
            "1시간내 이동가능 거점":70,
            "교통총점":20.0,
            "백화점":0,
            "아울렛몰":0,
            "대형마트":0,
            "은행":70,
            "병원":80,
            "종합병원":80,
            "공원":100,
            "혐오시설":0,
            "인프라총점":34.0,
            "초등학군":93.52,
            "중학군":54.34,
            "학군총점":62.176,
            "인구수":50.28,
            "인구증감":43.56,
            "인구총점":48.264,
            "일자리":22.9,
            "소득수준":53.37,
            "일자리총점":32.041,
            "가치 총점":32.8264,
            "매매실거래년":20210907.0,
            "매매실거래가":49200.0,
            "전세실거래년":20220111.0,
            "전세실거래가":30000.0,
            "전세가율":60.98,
            "장기전세가율평균":67.15,
            "전세가율거품지수":6.17,
            "검색코드":4704,
            "세대수":292.0,
            "준공년월":"1999-03-04",
            "준공년차":24.0,
            "가까운역이름":"완정",
            "가까운역거리":5318.32,
            "역세권여부":"비역세권",
            "30분이내주요거점역":1,
            "1시간이내주요거점역":7,
            "3km이내백화점수":0,
            "5km이내아울렛몰수":0,
            "1km이내대형먀트수":0,
            "500m이내은행수":4,
            "500m이내병원수":40,
            "5km이내대형병원수":1,
            "500m이내공원수":7,
            "3km이내혐오시설수":0,
            "초등학교학업성취도":93.52,
            "중학교학업성취도":88.3,
            "용적률":204,
            "건폐율":17,
            "Y":37.623249,
            "X":126.719895,
            "rank":95.0,
            "area_info":"31평(102.91)",
            "last_sales":"2021-09-07,49200.0,31평(102.91)"
        },
        {
            "index":683,
            "아파트명":"고창마을이지더원",
            "투자타입":"일반",
            "전용면적(m2)":"110.55",
            "전용면적(평)":"33평",
            "법정동주소":"경기도 김포시 장기동 1626",
            "도로명주소":"경기도 김포시 김포한강2로 178",
            "세대수":0,
            "입주년차":40,
            "용적률점수":"--",
            "건폐율점수":"--",
            "세대당주차수":30,
            "난방방식":100,
            "공급면적":"--",
            "전용률":"--",
            "욕실수":100,
            "현관타입":100,
            "주거총점":42.5,
            "지역구공급총점":50.0,
            "역세권":0,
            "30분내 이동가능 거점":0,
            "1시간내 이동가능 거점":40,
            "교통총점":8.0,
            "백화점":0,
            "아울렛몰":0,
            "대형마트":0,
            "은행":100,
            "병원":80,
            "종합병원":100,
            "공원":100,
            "혐오시설":0,
            "인프라총점":41.0,
            "초등학군":88.48,
            "중학군":53.98,
            "학군총점":60.88,
            "인구수":50.28,
            "인구증감":43.56,
            "인구총점":48.264,
            "일자리":22.9,
            "소득수준":53.37,
            "일자리총점":32.041,
            "가치 총점":32.732,
            "매매실거래년":20210918.0,
            "매매실거래가":53700.0,
            "전세실거래년":20211203.0,
            "전세실거래가":30000.0,
            "전세가율":55.87,
            "장기전세가율평균":67.15,
            "전세가율거품지수":11.28,
            "검색코드":26243,
            "세대수":290.0,
            "준공년월":"2008-04-25",
            "준공년차":15.0,
            "가까운역이름":"검단사거리",
            "가까운역거리":4688.88,
            "역세권여부":"비역세권",
            "30분이내주요거점역":0,
            "1시간이내주요거점역":4,
            "3km이내백화점수":0,
            "5km이내아울렛몰수":0,
            "1km이내대형먀트수":0,
            "500m이내은행수":5,
            "500m이내병원수":46,
            "5km이내대형병원수":3,
            "500m이내공원수":16,
            "3km이내혐오시설수":0,
            "초등학교학업성취도":88.48,
            "중학교학업성취도":87.7,
            "용적률":189,
            "건폐율":17,
            "Y":37.643429,
            "X":126.665976,
            "rank":96.0,
            "area_info":"33평(110.55)",
            "last_sales":"2021-09-18,53700.0,33평(110.55)"
        },
        {
            "index":764,
            "아파트명":"한강현대성우오스타",
            "투자타입":"일반",
            "전용면적(m2)":"131.47",
            "전용면적(평)":"39평",
            "법정동주소":"경기도 김포시 장기동 1868-2",
            "도로명주소":"경기도 김포시 김포한강2로 292",
            "세대수":50,
            "입주년차":60,
            "용적률점수":"--",
            "건폐율점수":"--",
            "세대당주차수":80,
            "난방방식":100,
            "공급면적":"--",
            "전용률":"--",
            "욕실수":100,
            "현관타입":100,
            "주거총점":71.5,
            "지역구공급총점":50.0,
            "역세권":0,
            "30분내 이동가능 거점":0,
            "1시간내 이동가능 거점":20,
            "교통총점":4.0,
            "백화점":0,
            "아울렛몰":0,
            "대형마트":0,
            "은행":0,
            "병원":30,
            "종합병원":100,
            "공원":100,
            "혐오시설":0,
            "인프라총점":26.0,
            "초등학군":100.0,
            "중학군":50.96,
            "학군총점":60.768,
            "인구수":50.28,
            "인구증감":43.56,
            "인구총점":48.264,
            "일자리":22.9,
            "소득수준":53.37,
            "일자리총점":32.041,
            "가치 총점":32.6152,
            "매매실거래년":20210904.0,
            "매매실거래가":69000.0,
            "전세실거래년":20210914.0,
            "전세실거래가":26000.0,
            "전세가율":50.49,
            "장기전세가율평균":67.15,
            "전세가율거품지수":16.66,
            "검색코드":100725,
            "세대수":465.0,
            "준공년월":"2012-05-01",
            "준공년차":11.0,
            "가까운역이름":"검단사거리",
            "가까운역거리":5446.04,
            "역세권여부":"비역세권",
            "30분이내주요거점역":0,
            "1시간이내주요거점역":2,
            "3km이내백화점수":0,
            "5km이내아울렛몰수":0,
            "1km이내대형먀트수":0,
            "500m이내은행수":0,
            "500m이내병원수":6,
            "5km이내대형병원수":2,
            "500m이내공원수":4,
            "3km이내혐오시설수":0,
            "초등학교학업성취도":100.0,
            "중학교학업성취도":83.2,
            "용적률":194,
            "건폐율":14,
            "Y":37.650436,
            "X":126.66491,
            "rank":97.0,
            "area_info":"39평(131.47), 39평(131.82), 39평(132.21), 46평(153.2), 46평(154.57), 49평(162.65)",
            "last_sales":"2021-09-04,69000.0,49평(162.65)"
        },
        {
            "index":329,
            "아파트명":"호반베르디움더레이크2차",
            "투자타입":"일반",
            "전용면적(m2)":"95.68",
            "전용면적(평)":"28평",
            "법정동주소":"경기도 김포시 구래동 6887-1",
            "도로명주소":"경기도 김포시 김포한강4로 471",
            "세대수":30,
            "입주년차":80,
            "용적률점수":"--",
            "건폐율점수":"--",
            "세대당주차수":60,
            "난방방식":100,
            "공급면적":"--",
            "전용률":"--",
            "욕실수":100,
            "현관타입":100,
            "주거총점":65.5,
            "지역구공급총점":50.0,
            "역세권":0,
            "30분내 이동가능 거점":0,
            "1시간내 이동가능 거점":20,
            "교통총점":4.0,
            "백화점":0,
            "아울렛몰":0,
            "대형마트":80,
            "은행":0,
            "병원":60,
            "종합병원":80,
            "공원":80,
            "혐오시설":-100,
            "인프라총점":34.4,
            "초등학군":83.84,
            "중학군":43.48,
            "학군총점":51.552,
            "인구수":50.28,
            "인구증감":43.56,
            "인구총점":48.264,
            "일자리":22.9,
            "소득수준":53.37,
            "일자리총점":32.041,
            "가치 총점":32.5528,
            "매매실거래년":20211204.0,
            "매매실거래가":61000.0,
            "전세실거래년":20200119.0,
            "전세실거래가":28000.0,
            "전세가율":69.14,
            "장기전세가율평균":67.15,
            "전세가율거품지수":-1.99,
            "검색코드":115496,
            "세대수":344.0,
            "준공년월":"2018-11-01",
            "준공년차":5.0,
            "가까운역이름":"검단사거리",
            "가까운역거리":5455.46,
            "역세권여부":"비역세권",
            "30분이내주요거점역":0,
            "1시간이내주요거점역":2,
            "3km이내백화점수":0,
            "5km이내아울렛몰수":0,
            "1km이내대형먀트수":1,
            "500m이내은행수":0,
            "500m이내병원수":14,
            "5km이내대형병원수":1,
            "500m이내공원수":1,
            "3km이내혐오시설수":2,
            "초등학교학업성취도":83.84,
            "중학교학업성취도":69.4,
            "용적률":199,
            "건폐율":19,
            "Y":37.646878,
            "X":126.63251,
            "rank":98.0,
            "area_info":"28평(95.68), 34평(112.51), 34평(113.33), 34평(113.6)",
            "last_sales":"2021-12-04,61000.0,34평(113.33)"
        },
        {
            "index":425,
            "아파트명":"한일",
            "투자타입":"재건축",
            "전용면적(m2)":"60.5",
            "전용면적(평)":"18평",
            "법정동주소":"경기도 김포시 북변동 184",
            "도로명주소":"경기도 김포시 북변중로 104-5",
            "세대수":0,
            "입주년차":"--",
            "용적률점수":60,
            "건폐율점수":0,
            "세대당주차수":"--",
            "난방방식":"--",
            "공급면적":50,
            "전용률":60,
            "욕실수":"--",
            "현관타입":"--",
            "주거총점":29.5,
            "지역구공급총점":50.0,
            "역세권":0,
            "30분내 이동가능 거점":0,
            "1시간내 이동가능 거점":80,
            "교통총점":16.0,
            "백화점":0,
            "아울렛몰":0,
            "대형마트":100,
            "은행":0,
            "병원":60,
            "종합병원":100,
            "공원":100,
            "혐오시설":0,
            "인프라총점":44.0,
            "초등학군":83.82,
            "중학군":43.9,
            "학군총점":51.884,
            "인구수":50.28,
            "인구증감":43.56,
            "인구총점":48.264,
            "일자리":22.9,
            "소득수준":53.37,
            "일자리총점":32.041,
            "가치 총점":32.4826,
            "매매실거래년":20210320.0,
            "매매실거래가":45500.0,
            "전세실거래년":20191126.0,
            "전세실거래가":5000.0,
            "전세가율":14.37,
            "장기전세가율평균":67.15,
            "전세가율거품지수":52.78,
            "검색코드":3878,
            "세대수":150.0,
            "준공년월":"1990-11-06",
            "준공년차":33.0,
            "가까운역이름":"마전",
            "가까운역거리":4937.48,
            "역세권여부":"비역세권",
            "30분이내주요거점역":0,
            "1시간이내주요거점역":8,
            "3km이내백화점수":0,
            "5km이내아울렛몰수":0,
            "1km이내대형먀트수":4,
            "500m이내은행수":1,
            "500m이내병원수":15,
            "5km이내대형병원수":2,
            "500m이내공원수":4,
            "3km이내혐오시설수":0,
            "초등학교학업성취도":83.82,
            "중학교학업성취도":72.5,
            "용적률":188,
            "건폐율":55,
            "Y":37.629263,
            "X":126.706254,
            "rank":99.0,
            "area_info":"18평(60.5), 18평(60.24), 22평(75.9), 25평(84.22), 26평(86.15), 27평(92.25), 29평(97.65)",
            "last_sales":"2021-03-20,45500.0,27평(92.25)"
        },
        {
            "index":867,
            "아파트명":"풍무자이2단지",
            "투자타입":"일반",
            "전용면적(m2)":"112.91",
            "전용면적(평)":"34평",
            "법정동주소":"경기도 김포시 풍무동 766",
            "도로명주소":"경기도 김포시 풍무로96번길 100",
            "세대수":30,
            "입주년차":60,
            "용적률점수":"--",
            "건폐율점수":"--",
            "세대당주차수":80,
            "난방방식":30,
            "공급면적":"--",
            "전용률":"--",
            "욕실수":100,
            "현관타입":100,
            "주거총점":57.5,
            "지역구공급총점":50.0,
            "역세권":0,
            "30분내 이동가능 거점":0,
            "1시간내 이동가능 거점":30,
            "교통총점":6.0,
            "백화점":0,
            "아울렛몰":0,
            "대형마트":80,
            "은행":0,
            "병원":30,
            "종합병원":80,
            "공원":100,
            "혐오시설":0,
            "인프라총점":34.0,
            "초등학군":87.18,
            "중학군":47.94,
            "학군총점":55.788,
            "인구수":50.28,
            "인구증감":43.56,
            "인구총점":48.264,
            "일자리":22.9,
            "소득수준":53.37,
            "일자리총점":32.041,
            "가치 총점":32.1682,
            "매매실거래년":20201221.0,
            "매매실거래가":54000.0,
            "전세실거래년":20201205.0,
            "전세실거래가":40000.0,
            "전세가율":74.07,
            "장기전세가율평균":67.15,
            "전세가율거품지수":-6.92,
            "검색코드":26927,
            "세대수":373.0,
            "준공년월":"2010-06-17",
            "준공년차":13.0,
            "가까운역이름":"계양",
            "가까운역거리":3636.82,
            "역세권여부":"비역세권",
            "30분이내주요거점역":0,
            "1시간이내주요거점역":3,
            "3km이내백화점수":0,
            "5km이내아울렛몰수":0,
            "1km이내대형먀트수":1,
            "500m이내은행수":0,
            "500m이내병원수":5,
            "5km이내대형병원수":1,
            "500m이내공원수":5,
            "3km이내혐오시설수":0,
            "초등학교학업성취도":87.18,
            "중학교학업성취도":77.9,
            "용적률":229,
            "건폐율":23,
            "Y":37.603614,
            "X":126.728068,
            "rank":100.0,
            "area_info":"34평(112.91), 39평(129.04), 48평(160.76), 48평(160.78), 48평(161.06), 56평(187.05)",
            "last_sales":"2020-12-21,54000.0,34평(112.91)"
        },
        {
            "index":776,
            "아파트명":"호반베르디움더퍼스트",
            "투자타입":"일반",
            "전용면적(m2)":"132.13",
            "전용면적(평)":"39평",
            "법정동주소":"경기도 김포시 장기동 1865-4",
            "도로명주소":"경기도 김포시 김포한강2로 361",
            "세대수":50,
            "입주년차":100,
            "용적률점수":"--",
            "건폐율점수":"--",
            "세대당주차수":60,
            "난방방식":100,
            "공급면적":"--",
            "전용률":"--",
            "욕실수":100,
            "현관타입":100,
            "주거총점":76.5,
            "지역구공급총점":50.0,
            "역세권":0,
            "30분내 이동가능 거점":0,
            "1시간내 이동가능 거점":20,
            "교통총점":4.0,
            "백화점":0,
            "아울렛몰":0,
            "대형마트":0,
            "은행":0,
            "병원":0,
            "종합병원":100,
            "공원":80,
            "혐오시설":0,
            "인프라총점":22.4,
            "초등학군":100.0,
            "중학군":47.36,
            "학군총점":57.888,
            "인구수":50.28,
            "인구증감":43.56,
            "인구총점":48.264,
            "일자리":22.9,
            "소득수준":53.37,
            "일자리총점":32.041,
            "가치 총점":32.1032,
            "매매실거래년":20220108.0,
            "매매실거래가":60000.0,
            "전세실거래년":20220113.0,
            "전세실거래가":48000.0,
            "전세가율":67.13,
            "장기전세가율평균":67.15,
            "전세가율거품지수":0.02,
            "검색코드":119185,
            "세대수":696.0,
            "준공년월":"2020-02-03",
            "준공년차":3.0,
            "가까운역이름":"검단사거리",
            "가까운역거리":5769.87,
            "역세권여부":"비역세권",
            "30분이내주요거점역":0,
            "1시간이내주요거점역":2,
            "3km이내백화점수":0,
            "5km이내아울렛몰수":0,
            "1km이내대형먀트수":0,
            "500m이내은행수":0,
            "500m이내병원수":0,
            "5km이내대형병원수":2,
            "500m이내공원수":1,
            "3km이내혐오시설수":0,
            "초등학교학업성취도":100.0,
            "중학교학업성취도":77.8,
            "용적률":219,
            "건폐율":18,
            "Y":37.65272,
            "X":126.670032,
            "rank":101.0,
            "area_info":"39평(132.13), 39평(132.15), 39평(132.19)",
            "last_sales":"2022-01-08,60000.0,39평(132.15)"
        },
        {
            "index":518,
            "아파트명":"김포한강이랜드타운힐스",
            "투자타입":"일반",
            "전용면적(m2)":"97.34",
            "전용면적(평)":"29평",
            "법정동주소":"경기도 김포시 운양동 1304-1",
            "도로명주소":"경기도 김포시 김포한강11로255번길 15",
            "세대수":50,
            "입주년차":80,
            "용적률점수":"--",
            "건폐율점수":"--",
            "세대당주차수":60,
            "난방방식":100,
            "공급면적":"--",
            "전용률":"--",
            "욕실수":100,
            "현관타입":100,
            "주거총점":72.5,
            "지역구공급총점":50.0,
            "역세권":0,
            "30분내 이동가능 거점":0,
            "1시간내 이동가능 거점":30,
            "교통총점":6.0,
            "백화점":0,
            "아울렛몰":0,
            "대형마트":0,
            "은행":0,
            "병원":10,
            "종합병원":100,
            "공원":100,
            "혐오시설":0,
            "인프라총점":24.0,
            "초등학군":84.39,
            "중학군":47.36,
            "학군총점":54.766,
            "인구수":50.28,
            "인구증감":43.56,
            "인구총점":48.264,
            "일자리":22.9,
            "소득수준":53.37,
            "일자리총점":32.041,
            "가치 총점":32.0149,
            "매매실거래년":20211211.0,
            "매매실거래가":58500.0,
            "전세실거래년":20220118.0,
            "전세실거래가":43000.0,
            "전세가율":68.36,
            "장기전세가율평균":67.15,
            "전세가율거품지수":-1.21,
            "검색코드":113309,
            "세대수":550.0,
            "준공년월":"2018-01-11",
            "준공년차":5.0,
            "가까운역이름":"검단사거리",
            "가까운역거리":6130.56,
            "역세권여부":"비역세권",
            "30분이내주요거점역":0,
            "1시간이내주요거점역":3,
            "3km이내백화점수":0,
            "5km이내아울렛몰수":0,
            "1km이내대형먀트수":0,
            "500m이내은행수":0,
            "500m이내병원수":2,
            "5km이내대형병원수":2,
            "500m이내공원수":2,
            "3km이내혐오시설수":0,
            "초등학교학업성취도":84.39,
            "중학교학업성취도":77.8,
            "용적률":194,
            "건폐율":16,
            "Y":37.654821,
            "X":126.676413,
            "rank":102.0,
            "area_info":"29평(97.34), 29평(97.34), 29평(97.36), 34평(112.87), 34평(112.87), 34평(113.16), 35평(117.01), 35평(117.05)",
            "last_sales":"2021-12-11,58500.0,29평(97.36)"
        },
        {
            "index":629,
            "아파트명":"한강신도시운양역푸르지오",
            "투자타입":"일반",
            "전용면적(m2)":"90.39",
            "전용면적(평)":"27평",
            "법정동주소":"경기도 김포시 운양동 1306-2",
            "도로명주소":"경기도 김포시 모담공원로 17",
            "세대수":0,
            "입주년차":80,
            "용적률점수":"--",
            "건폐율점수":"--",
            "세대당주차수":60,
            "난방방식":100,
            "공급면적":"--",
            "전용률":"--",
            "욕실수":100,
            "현관타입":100,
            "주거총점":55.0,
            "지역구공급총점":50.0,
            "역세권":0,
            "30분내 이동가능 거점":0,
            "1시간내 이동가능 거점":50,
            "교통총점":10.0,
            "백화점":0,
            "아울렛몰":0,
            "대형마트":0,
            "은행":0,
            "병원":60,
            "종합병원":100,
            "공원":80,
            "혐오시설":0,
            "인프라총점":28.4,
            "초등학군":84.39,
            "중학군":53.84,
            "학군총점":59.95,
            "인구수":50.28,
            "인구증감":43.56,
            "인구총점":48.264,
            "일자리":22.9,
            "소득수준":53.37,
            "일자리총점":32.041,
            "가치 총점":32.0125,
            "매매실거래년":20211224.0,
            "매매실거래가":67500.0,
            "전세실거래년":20211216.0,
            "전세실거래가":40000.0,
            "전세가율":69.87,
            "장기전세가율평균":67.15,
            "전세가율거품지수":-2.72,
            "검색코드":108783,
            "세대수":242.0,
            "준공년월":"2016-02-05",
            "준공년차":7.0,
            "가까운역이름":"검단사거리",
            "가까운역거리":6015.47,
            "역세권여부":"비역세권",
            "30분이내주요거점역":0,
            "1시간이내주요거점역":5,
            "3km이내백화점수":0,
            "5km이내아울렛몰수":0,
            "1km이내대형먀트수":0,
            "500m이내은행수":0,
            "500m이내병원수":23,
            "5km이내대형병원수":2,
            "500m이내공원수":1,
            "3km이내혐오시설수":0,
            "초등학교학업성취도":84.39,
            "중학교학업성취도":88.0,
            "용적률":119,
            "건폐율":16,
            "Y":37.652457,
            "X":126.681249,
            "rank":103.0,
            "area_info":"27평(90.39), 27평(90.54), 33평(109.92), 33평(110.06), 33평(110.58)",
            "last_sales":"2021-12-24,67500.0,33평(110.58)"
        },
        {
            "index":802,
            "아파트명":"김포풍무꿈에그린더포레듀4단지",
            "투자타입":"일반",
            "전용면적(m2)":"82.23",
            "전용면적(평)":"24평",
            "법정동주소":"경기도 김포시 풍무동 797",
            "도로명주소":"경기도 김포시 유현로33번길 73",
            "세대수":50,
            "입주년차":80,
            "용적률점수":"--",
            "건폐율점수":"--",
            "세대당주차수":30,
            "난방방식":30,
            "공급면적":"--",
            "전용률":"--",
            "욕실수":100,
            "현관타입":100,
            "주거총점":61.0,
            "지역구공급총점":50.0,
            "역세권":0,
            "30분내 이동가능 거점":0,
            "1시간내 이동가능 거점":20,
            "교통총점":4.0,
            "백화점":0,
            "아울렛몰":0,
            "대형마트":0,
            "은행":20,
            "병원":60,
            "종합병원":100,
            "공원":80,
            "혐오시설":0,
            "인프라총점":30.4,
            "초등학군":91.84,
            "중학군":54.4,
            "학군총점":61.888,
            "인구수":50.28,
            "인구증감":43.56,
            "인구총점":48.264,
            "일자리":22.9,
            "소득수준":53.37,
            "일자리총점":32.041,
            "가치 총점":32.0032,
            "매매실거래년":20211215.0,
            "매매실거래가":51000.0,
            "전세실거래년":20220117.0,
            "전세실거래가":34000.0,
            "전세가율":66.67,
            "장기전세가율평균":67.15,
            "전세가율거품지수":0.48,
            "검색코드":115483,
            "세대수":660.0,
            "준공년월":"2018-12-27",
            "준공년차":5.0,
            "가까운역이름":"계양",
            "가까운역거리":3282.78,
            "역세권여부":"비역세권",
            "30분이내주요거점역":0,
            "1시간이내주요거점역":2,
            "3km이내백화점수":0,
            "5km이내아울렛몰수":0,
            "1km이내대형먀트수":0,
            "500m이내은행수":2,
            "500m이내병원수":15,
            "5km이내대형병원수":2,
            "500m이내공원수":1,
            "3km이내혐오시설수":0,
            "초등학교학업성취도":91.84,
            "중학교학업성취도":88.8,
            "용적률":199,
            "건폐율":15,
            "Y":37.599793,
            "X":126.725159,
            "rank":104.0,
            "area_info":"24평(82.23), 24평(82.64), 24평(82.57), 29평(98.62), 29평(98.75)",
            "last_sales":"2021-12-15,51000.0,24평(82.64)"
        },
        {
            "index":849,
            "아파트명":"유현마을신동아",
            "투자타입":"일반",
            "전용면적(m2)":"78.74",
            "전용면적(평)":"23평",
            "법정동주소":"경기도 김포시 풍무동 583-6",
            "도로명주소":"경기도 김포시 유현로 19",
            "세대수":90,
            "입주년차":20,
            "용적률점수":"--",
            "건폐율점수":"--",
            "세대당주차수":60,
            "난방방식":30,
            "공급면적":"--",
            "전용률":"--",
            "욕실수":100,
            "현관타입":100,
            "주거총점":67.5,
            "지역구공급총점":50.0,
            "역세권":0,
            "30분내 이동가능 거점":0,
            "1시간내 이동가능 거점":20,
            "교통총점":4.0,
            "백화점":0,
            "아울렛몰":0,
            "대형마트":0,
            "은행":0,
            "병원":60,
            "종합병원":100,
            "공원":0,
            "혐오시설":0,
            "인프라총점":26.0,
            "초등학군":91.84,
            "중학군":54.4,
            "학군총점":61.888,
            "인구수":50.28,
            "인구증감":43.56,
            "인구총점":48.264,
            "일자리":22.9,
            "소득수준":53.37,
            "일자리총점":32.041,
            "가치 총점":31.9832,
            "매매실거래년":20220117.0,
            "매매실거래가":52000.0,
            "전세실거래년":20211030.0,
            "전세실거래가":25500.0,
            "전세가율":69.86,
            "장기전세가율평균":67.15,
            "전세가율거품지수":-2.71,
            "검색코드":3926,
            "세대수":1256.0,
            "준공년월":"1999-11-29",
            "준공년차":24.0,
            "가까운역이름":"계양",
            "가까운역거리":3104.72,
            "역세권여부":"비역세권",
            "30분이내주요거점역":0,
            "1시간이내주요거점역":2,
            "3km이내백화점수":0,
            "5km이내아울렛몰수":0,
            "1km이내대형먀트수":0,
            "500m이내은행수":1,
            "500m이내병원수":10,
            "5km이내대형병원수":2,
            "500m이내공원수":0,
            "3km이내혐오시설수":0,
            "초등학교학업성취도":91.84,
            "중학교학업성취도":88.8,
            "용적률":203,
            "건폐율":19,
            "Y":37.597569,
            "X":126.723143,
            "rank":105.0,
            "area_info":"23평(78.74), 31평(104.73), 41평(138.75), 49평(164.84)",
            "last_sales":"2022-01-17,52000.0,49평(164.84)"
        },
        {
            "index":387,
            "아파트명":"한강신도시반도유보라3차",
            "투자타입":"일반",
            "전용면적(m2)":"80.39",
            "전용면적(평)":"24평",
            "법정동주소":"경기도 김포시 마산동 640-5",
            "도로명주소":"경기도 김포시 김포한강8로 173-28",
            "세대수":50,
            "입주년차":80,
            "용적률점수":"--",
            "건폐율점수":"--",
            "세대당주차수":30,
            "난방방식":100,
            "공급면적":"--",
            "전용률":"--",
            "욕실수":100,
            "현관타입":100,
            "주거총점":68.0,
            "지역구공급총점":50.0,
            "역세권":0,
            "30분내 이동가능 거점":0,
            "1시간내 이동가능 거점":30,
            "교통총점":6.0,
            "백화점":0,
            "아울렛몰":0,
            "대형마트":0,
            "은행":0,
            "병원":30,
            "종합병원":100,
            "공원":100,
            "혐오시설":0,
            "인프라총점":26.0,
            "초등학군":95.36,
            "중학군":45.7,
            "학군총점":55.632,
            "인구수":50.28,
            "인구증감":43.56,
            "인구총점":48.264,
            "일자리":22.9,
            "소득수준":53.37,
            "일자리총점":32.041,
            "가치 총점":31.8448,
            "매매실거래년":20211231.0,
            "매매실거래가":49561.0,
            "전세실거래년":20220104.0,
            "전세실거래가":35000.0,
            "전세가율":70.62,
            "장기전세가율평균":67.15,
            "전세가율거품지수":-3.47,
            "검색코드":110004,
            "세대수":662.0,
            "준공년월":"2017-02-13",
            "준공년차":6.0,
            "가까운역이름":"검단사거리",
            "가까운역거리":4235.12,
            "역세권여부":"비역세권",
            "30분이내주요거점역":0,
            "1시간이내주요거점역":3,
            "3km이내백화점수":0,
            "5km이내아울렛몰수":0,
            "1km이내대형먀트수":0,
            "500m이내은행수":0,
            "500m이내병원수":8,
            "5km이내대형병원수":2,
            "500m이내공원수":11,
            "3km이내혐오시설수":0,
            "초등학교학업성취도":95.36,
            "중학교학업성취도":74.1,
            "용적률":99,
            "건폐율":15,
            "Y":37.638118,
            "X":126.642424,
            "rank":106.0,
            "area_info":"24평(80.39), 24평(80.29), 33평(111.7), 33평(111.8)",
            "last_sales":"2021-12-31,49561.0,24평(80.39)"
        },
        {
            "index":573,
            "아파트명":"전원월드4단지",
            "투자타입":"일반",
            "전용면적(m2)":"114.46",
            "전용면적(평)":"34평",
            "법정동주소":"경기도 김포시 운양동 1434",
            "도로명주소":"경기도 김포시 전원로 17-54",
            "세대수":0,
            "입주년차":20,
            "용적률점수":"--",
            "건폐율점수":"--",
            "세대당주차수":60,
            "난방방식":30,
            "공급면적":"--",
            "전용률":"--",
            "욕실수":100,
            "현관타입":100,
            "주거총점":36.0,
            "지역구공급총점":50.0,
            "역세권":0,
            "30분내 이동가능 거점":0,
            "1시간내 이동가능 거점":40,
            "교통총점":8.0,
            "백화점":0,
            "아울렛몰":0,
            "대형마트":80,
            "은행":20,
            "병원":60,
            "종합병원":100,
            "공원":100,
            "혐오시설":0,
            "인프라총점":43.0,
            "초등학군":87.8,
            "중학군":50.82,
            "학군총점":58.216,
            "인구수":50.28,
            "인구증감":43.56,
            "인구총점":48.264,
            "일자리":22.9,
            "소득수준":53.37,
            "일자리총점":32.041,
            "가치 총점":31.6324,
            "매매실거래년":20211206.0,
            "매매실거래가":48300.0,
            "전세실거래년":20211218.0,
            "전세실거래가":31000.0,
            "전세가율":64.58,
            "장기전세가율평균":67.15,
            "전세가율거품지수":2.57,
            "검색코드":3869,
            "세대수":282.0,
            "준공년월":"2000-10-18",
            "준공년차":23.0,
            "가까운역이름":"검단사거리",
            "가까운역거리":5492.89,
            "역세권여부":"비역세권",
            "30분이내주요거점역":0,
            "1시간이내주요거점역":4,
            "3km이내백화점수":0,
            "5km이내아울렛몰수":0,
            "1km이내대형먀트수":1,
            "500m이내은행수":2,
            "500m이내병원수":10,
            "5km이내대형병원수":2,
            "500m이내공원수":2,
            "3km이내혐오시설수":0,
            "초등학교학업성취도":87.8,
            "중학교학업성취도":83.9,
            "용적률":210,
            "건폐율":21,
            "Y":37.647742,
            "X":126.680188,
            "rank":107.0,
            "area_info":"34평(114.46), 49평(164.47)",
            "last_sales":"2021-12-06,48300.0,49평(164.47)"
        },
        {
            "index":28,
            "아파트명":"신화",
            "투자타입":"일반",
            "전용면적(m2)":"103.75",
            "전용면적(평)":"31평",
            "법정동주소":"경기도 김포시 감정동 674",
            "도로명주소":"경기도 김포시 봉화로167번길 35-18",
            "세대수":50,
            "입주년차":0,
            "용적률점수":"--",
            "건폐율점수":"--",
            "세대당주차수":0,
            "난방방식":30,
            "공급면적":"--",
            "전용률":"--",
            "욕실수":100,
            "현관타입":100,
            "주거총점":40.5,
            "지역구공급총점":50.0,
            "역세권":0,
            "30분내 이동가능 거점":0,
            "1시간내 이동가능 거점":30,
            "교통총점":6.0,
            "백화점":0,
            "아울렛몰":0,
            "대형마트":80,
            "은행":20,
            "병원":60,
            "종합병원":100,
            "공원":100,
            "혐오시설":0,
            "인프라총점":43.0,
            "초등학군":83.82,
            "중학군":49.64,
            "학군총점":56.476,
            "인구수":50.28,
            "인구증감":43.56,
            "인구총점":48.264,
            "일자리":22.9,
            "소득수준":53.37,
            "일자리총점":32.041,
            "가치 총점":31.5714,
            "매매실거래년":20211228.0,
            "매매실거래가":31500.0,
            "전세실거래년":20211211.0,
            "전세실거래가":18300.0,
            "전세가율":58.1,
            "장기전세가율평균":67.15,
            "전세가율거품지수":9.05,
            "검색코드":2540,
            "세대수":654.0,
            "준공년월":"1995-09-30",
            "준공년차":28.0,
            "가까운역이름":"마전",
            "가까운역거리":4259.73,
            "역세권여부":"비역세권",
            "30분이내주요거점역":0,
            "1시간이내주요거점역":3,
            "3km이내백화점수":0,
            "5km이내아울렛몰수":0,
            "1km이내대형먀트수":1,
            "500m이내은행수":2,
            "500m이내병원수":21,
            "5km이내대형병원수":4,
            "500m이내공원수":4,
            "3km이내혐오시설수":0,
            "초등학교학업성취도":83.82,
            "중학교학업성취도":81.4,
            "용적률":229,
            "건폐율":21,
            "Y":37.6249,
            "X":126.70088,
            "rank":108.0,
            "area_info":"31평(103.75)",
            "last_sales":"2021-12-28,31500.0,31평(103.75)"
        },
        {
            "index":333,
            "아파트명":"호반베르디움더레이크3차",
            "투자타입":"일반",
            "전용면적(m2)":"95.38",
            "전용면적(평)":"28평",
            "법정동주소":"경기도 김포시 구래동 6887-3",
            "도로명주소":"경기도 김포시 솔터로 23",
            "세대수":30,
            "입주년차":80,
            "용적률점수":"--",
            "건폐율점수":"--",
            "세대당주차수":60,
            "난방방식":100,
            "공급면적":"--",
            "전용률":"--",
            "욕실수":100,
            "현관타입":100,
            "주거총점":65.5,
            "지역구공급총점":50.0,
            "역세권":0,
            "30분내 이동가능 거점":0,
            "1시간내 이동가능 거점":20,
            "교통총점":4.0,
            "백화점":0,
            "아울렛몰":0,
            "대형마트":80,
            "은행":0,
            "병원":60,
            "종합병원":80,
            "공원":0,
            "혐오시설":-100,
            "인프라총점":32.0,
            "초등학군":74.16,
            "중학군":43.48,
            "학군총점":49.616,
            "인구수":50.28,
            "인구증감":43.56,
            "인구총점":48.264,
            "일자리":22.9,
            "소득수준":53.37,
            "일자리총점":32.041,
            "가치 총점":31.5424,
            "매매실거래년":20220106.0,
            "매매실거래가":59000.0,
            "전세실거래년":20190201.0,
            "전세실거래가":21000.0,
            "전세가율":null,
            "장기전세가율평균":67.15,
            "전세가율거품지수":null,
            "검색코드":115497,
            "세대수":336.0,
            "준공년월":"2018-12-04",
            "준공년차":5.0,
            "가까운역이름":"검단사거리",
            "가까운역거리":5312.22,
            "역세권여부":"비역세권",
            "30분이내주요거점역":0,
            "1시간이내주요거점역":2,
            "3km이내백화점수":0,
            "5km이내아울렛몰수":0,
            "1km이내대형먀트수":1,
            "500m이내은행수":0,
            "500m이내병원수":19,
            "5km이내대형병원수":1,
            "500m이내공원수":0,
            "3km이내혐오시설수":2,
            "초등학교학업성취도":74.16,
            "중학교학업성취도":69.4,
            "용적률":199,
            "건폐율":19,
            "Y":37.645551,
            "X":126.632738,
            "rank":109.0,
            "area_info":"28평(95.38), 34평(113.44)",
            "last_sales":"2022-01-06,59000.0,34평(113.44)"
        },
        {
            "index":661,
            "아파트명":"한신더휴테라스8단지(도시형)",
            "투자타입":"일반",
            "전용면적(m2)":"107.28",
            "전용면적(평)":"32평",
            "법정동주소":"경기도 김포시 운양동 1339-1",
            "도로명주소":"경기도 김포시 김포한강11로 288-48",
            "세대수":0,
            "입주년차":80,
            "용적률점수":"--",
            "건폐율점수":"--",
            "세대당주차수":60,
            "난방방식":100,
            "공급면적":"--",
            "전용률":"--",
            "욕실수":100,
            "현관타입":100,
            "주거총점":55.0,
            "지역구공급총점":50.0,
            "역세권":0,
            "30분내 이동가능 거점":0,
            "1시간내 이동가능 거점":50,
            "교통총점":10.0,
            "백화점":0,
            "아울렛몰":0,
            "대형마트":0,
            "은행":0,
            "병원":60,
            "종합병원":100,
            "공원":0,
            "혐오시설":0,
            "인프라총점":26.0,
            "초등학군":90.49,
            "중학군":53.84,
            "학군총점":61.17,
            "인구수":50.28,
            "인구증감":43.56,
            "인구총점":48.264,
            "일자리":22.9,
            "소득수준":53.37,
            "일자리총점":32.041,
            "가치 총점":31.4755,
            "매매실거래년":"18000101",
            "매매실거래가":null,
            "전세실거래년":null,
            "전세실거래가":null,
            "전세가율":null,
            "장기전세가율평균":67.15,
            "전세가율거품지수":null,
            "검색코드":111317,
            "세대수":232.0,
            "준공년월":"2017-02-27",
            "준공년차":6.0,
            "가까운역이름":"대화",
            "가까운역거리":5834.91,
            "역세권여부":"비역세권",
            "30분이내주요거점역":0,
            "1시간이내주요거점역":5,
            "3km이내백화점수":0,
            "5km이내아울렛몰수":0,
            "1km이내대형먀트수":0,
            "500m이내은행수":0,
            "500m이내병원수":23,
            "5km이내대형병원수":2,
            "500m이내공원수":0,
            "3km이내혐오시설수":0,
            "초등학교학업성취도":90.49,
            "중학교학업성취도":88.0,
            "용적률":103,
            "건폐율":38,
            "Y":37.654408,
            "X":126.687201,
            "rank":110.0,
            "area_info":"32평(107.28), 32평(107.22), 32평(107.86), 32평(107.69), 32평(108.0)",
            "last_sales":"1800-01-01,nan,32평(107.28)"
        },
        {
            "index":627,
            "아파트명":"한강신도시반도유보라6차",
            "투자타입":"일반",
            "전용면적(m2)":"97.75",
            "전용면적(평)":"29평",
            "법정동주소":"경기도 김포시 운양동 1340-7",
            "도로명주소":"경기도 김포시 모담공원로 53",
            "세대수":0,
            "입주년차":80,
            "용적률점수":"--",
            "건폐율점수":"--",
            "세대당주차수":60,
            "난방방식":100,
            "공급면적":"--",
            "전용률":"--",
            "욕실수":100,
            "현관타입":100,
            "주거총점":55.0,
            "지역구공급총점":50.0,
            "역세권":0,
            "30분내 이동가능 거점":0,
            "1시간내 이동가능 거점":50,
            "교통총점":10.0,
            "백화점":0,
            "아울렛몰":0,
            "대형마트":0,
            "은행":0,
            "병원":60,
            "종합병원":100,
            "공원":0,
            "혐오시설":0,
            "인프라총점":26.0,
            "초등학군":84.39,
            "중학군":53.84,
            "학군총점":59.95,
            "인구수":50.28,
            "인구증감":43.56,
            "인구총점":48.264,
            "일자리":22.9,
            "소득수준":53.37,
            "일자리총점":32.041,
            "가치 총점":31.2925,
            "매매실거래년":20220101.0,
            "매매실거래가":58700.0,
            "전세실거래년":20220108.0,
            "전세실거래가":25000.0,
            "전세가율":42.59,
            "장기전세가율평균":67.15,
            "전세가율거품지수":24.56,
            "검색코드":115406,
            "세대수":199.0,
            "준공년월":"2017-10-25",
            "준공년차":6.0,
            "가까운역이름":"검단사거리",
            "가까운역거리":6093.02,
            "역세권여부":"비역세권",
            "30분이내주요거점역":0,
            "1시간이내주요거점역":5,
            "3km이내백화점수":0,
            "5km이내아울렛몰수":0,
            "1km이내대형먀트수":0,
            "500m이내은행수":0,
            "500m이내병원수":23,
            "5km이내대형병원수":2,
            "500m이내공원수":0,
            "3km이내혐오시설수":0,
            "초등학교학업성취도":84.39,
            "중학교학업성취도":88.0,
            "용적률":119,
            "건폐율":25,
            "Y":37.652402,
            "X":126.683805,
            "rank":111.0,
            "area_info":"29평(97.75), 31평(105.6)",
            "last_sales":"2022-01-01,58700.0,29평(97.75)"
        },
        {
            "index":649,
            "아파트명":"한신더휴테라스12단지(도시형)",
            "투자타입":"일반",
            "전용면적(m2)":"106.81",
            "전용면적(평)":"32평",
            "법정동주소":"경기도 김포시 운양동 1288-1",
            "도로명주소":"경기도 김포시 김포한강11로438번길 123",
            "세대수":30,
            "입주년차":80,
            "용적률점수":"--",
            "건폐율점수":"--",
            "세대당주차수":60,
            "난방방식":100,
            "공급면적":"--",
            "전용률":"--",
            "욕실수":100,
            "현관타입":100,
            "주거총점":65.5,
            "지역구공급총점":50.0,
            "역세권":0,
            "30분내 이동가능 거점":0,
            "1시간내 이동가능 거점":30,
            "교통총점":6.0,
            "백화점":0,
            "아울렛몰":0,
            "대형마트":0,
            "은행":0,
            "병원":0,
            "종합병원":100,
            "공원":100,
            "혐오시설":0,
            "인프라총점":23.0,
            "초등학군":90.49,
            "중학군":53.84,
            "학군총점":61.17,
            "인구수":50.28,
            "인구증감":43.56,
            "인구총점":48.264,
            "일자리":22.9,
            "소득수준":53.37,
            "일자리총점":32.041,
            "가치 총점":31.2755,
            "매매실거래년":20170809.0,
            "매매실거래가":39120.0,
            "전세실거래년":null,
            "전세실거래가":null,
            "전세가율":null,
            "장기전세가율평균":67.15,
            "전세가율거품지수":null,
            "검색코드":114583,
            "세대수":351.0,
            "준공년월":"2017-04-28",
            "준공년차":6.0,
            "가까운역이름":"대화",
            "가까운역거리":5420.35,
            "역세권여부":"비역세권",
            "30분이내주요거점역":0,
            "1시간이내주요거점역":3,
            "3km이내백화점수":0,
            "5km이내아울렛몰수":0,
            "1km이내대형먀트수":0,
            "500m이내은행수":0,
            "500m이내병원수":0,
            "5km이내대형병원수":2,
            "500m이내공원수":2,
            "3km이내혐오시설수":0,
            "초등학교학업성취도":90.49,
            "중학교학업성취도":88.0,
            "용적률":98,
            "건폐율":36,
            "Y":37.651048,
            "X":126.694735,
            "rank":112.0,
            "area_info":"32평(106.81), 32평(106.81), 32평(106.81), 32평(106.76), 32평(107.47), 32평(107.47), 32평(107.47), 32평(107.53), 32평(107.23), 32평(107.23), 32평(107.23), 32평(107.23)",
            "last_sales":"2017-08-09,39120.0,32평(107.53)"
        },
        {
            "index":407,
            "아파트명":"북변대우",
            "투자타입":"일반",
            "전용면적(m2)":"70.74",
            "전용면적(평)":"21평",
            "법정동주소":"경기도 김포시 북변동 688",
            "도로명주소":"경기도 김포시 봉화로182번길 33",
            "세대수":50,
            "입주년차":0,
            "용적률점수":"--",
            "건폐율점수":"--",
            "세대당주차수":0,
            "난방방식":30,
            "공급면적":"--",
            "전용률":"--",
            "욕실수":50,
            "현관타입":10,
            "주거총점":26.5,
            "지역구공급총점":50.0,
            "역세권":0,
            "30분내 이동가능 거점":0,
            "1시간내 이동가능 거점":60,
            "교통총점":12.0,
            "백화점":0,
            "아울렛몰":0,
            "대형마트":100,
            "은행":0,
            "병원":60,
            "종합병원":100,
            "공원":100,
            "혐오시설":0,
            "인프라총점":44.0,
            "초등학군":83.82,
            "중학군":49.64,
            "학군총점":56.476,
            "인구수":50.28,
            "인구증감":43.56,
            "인구총점":48.264,
            "일자리":22.9,
            "소득수준":53.37,
            "일자리총점":32.041,
            "가치 총점":31.1714,
            "매매실거래년":20211218.0,
            "매매실거래가":36500.0,
            "전세실거래년":20220106.0,
            "전세실거래가":22000.0,
            "전세가율":84.62,
            "장기전세가율평균":67.15,
            "전세가율거품지수":-17.47,
            "검색코드":3876,
            "세대수":543.0,
            "준공년월":"1995-03-30",
            "준공년차":28.0,
            "가까운역이름":"마전",
            "가까운역거리":4803.17,
            "역세권여부":"비역세권",
            "30분이내주요거점역":0,
            "1시간이내주요거점역":6,
            "3km이내백화점수":0,
            "5km이내아울렛몰수":0,
            "1km이내대형먀트수":4,
            "500m이내은행수":1,
            "500m이내병원수":17,
            "5km이내대형병원수":2,
            "500m이내공원수":4,
            "3km이내혐오시설수":0,
            "초등학교학업성취도":83.82,
            "중학교학업성취도":81.4,
            "용적률":222,
            "건폐율":20,
            "Y":37.62982,
            "X":126.70327,
            "rank":113.0,
            "area_info":"21평(70.74), 24평(79.39), 24평(79.42)",
            "last_sales":"2021-12-18,36500.0,24평(79.39)"
        },
        {
            "index":29,
            "아파트명":"쌍용",
            "투자타입":"일반",
            "전용면적(m2)":"75.03",
            "전용면적(평)":"22평",
            "법정동주소":"경기도 김포시 감정동 517-1",
            "도로명주소":"경기도 김포시 중봉로58번길 46",
            "세대수":50,
            "입주년차":0,
            "용적률점수":"--",
            "건폐율점수":"--",
            "세대당주차수":30,
            "난방방식":30,
            "공급면적":"--",
            "전용률":"--",
            "욕실수":50,
            "현관타입":100,
            "주거총점":40.0,
            "지역구공급총점":50.0,
            "역세권":0,
            "30분내 이동가능 거점":0,
            "1시간내 이동가능 거점":30,
            "교통총점":6.0,
            "백화점":0,
            "아울렛몰":0,
            "대형마트":80,
            "은행":0,
            "병원":60,
            "종합병원":100,
            "공원":100,
            "혐오시설":0,
            "인프라총점":41.0,
            "초등학군":93.61,
            "중학군":49.64,
            "학군총점":58.434,
            "인구수":50.28,
            "인구증감":43.56,
            "인구총점":48.264,
            "일자리":22.9,
            "소득수준":53.37,
            "일자리총점":32.041,
            "가치 총점":31.1651,
            "매매실거래년":20211223.0,
            "매매실거래가":32300.0,
            "전세실거래년":20211218.0,
            "전세실거래가":23000.0,
            "전세가율":71.21,
            "장기전세가율평균":67.15,
            "전세가율거품지수":-4.06,
            "검색코드":3654,
            "세대수":586.0,
            "준공년월":"1998-07-08",
            "준공년차":25.0,
            "가까운역이름":"마전",
            "가까운역거리":4077.19,
            "역세권여부":"비역세권",
            "30분이내주요거점역":0,
            "1시간이내주요거점역":3,
            "3km이내백화점수":0,
            "5km이내아울렛몰수":0,
            "1km이내대형먀트수":1,
            "500m이내은행수":1,
            "500m이내병원수":18,
            "5km이내대형병원수":4,
            "500m이내공원수":3,
            "3km이내혐오시설수":0,
            "초등학교학업성취도":93.61,
            "중학교학업성취도":81.4,
            "용적률":244,
            "건폐율":24,
            "Y":37.624951,
            "X":126.697778,
            "rank":114.0,
            "area_info":"22평(75.03), 32평(106.61), 43평(144.26)",
            "last_sales":"2021-12-23,32300.0,22평(75.03)"
        },
        {
            "index":438,
            "아파트명":"경신",
            "투자타입":"일반",
            "전용면적(m2)":"78.59",
            "전용면적(평)":"23평",
            "법정동주소":"경기도 김포시 사우동 316",
            "도로명주소":"경기도 김포시 돌문로15번길 23",
            "세대수":0,
            "입주년차":0,
            "용적률점수":"--",
            "건폐율점수":"--",
            "세대당주차수":0,
            "난방방식":30,
            "공급면적":"--",
            "전용률":"--",
            "욕실수":50,
            "현관타입":100,
            "주거총점":18.0,
            "지역구공급총점":50.0,
            "역세권":0,
            "30분내 이동가능 거점":0,
            "1시간내 이동가능 거점":70,
            "교통총점":14.0,
            "백화점":0,
            "아울렛몰":0,
            "대형마트":80,
            "은행":100,
            "병원":80,
            "종합병원":80,
            "공원":100,
            "혐오시설":0,
            "인프라총점":49.0,
            "초등학군":86.24,
            "중학군":44.62,
            "학군총점":52.944,
            "인구수":50.28,
            "인구증감":43.56,
            "인구총점":48.264,
            "일자리":22.9,
            "소득수준":53.37,
            "일자리총점":32.041,
            "가치 총점":31.1416,
            "매매실거래년":20201124.0,
            "매매실거래가":25000.0,
            "전세실거래년":20180314.0,
            "전세실거래가":7000.0,
            "전세가율":25.0,
            "장기전세가율평균":67.15,
            "전세가율거품지수":42.15,
            "검색코드":3928,
            "세대수":174.0,
            "준공년월":"1997-05-09",
            "준공년차":26.0,
            "가까운역이름":"완정",
            "가까운역거리":5006.67,
            "역세권여부":"비역세권",
            "30분이내주요거점역":0,
            "1시간이내주요거점역":7,
            "3km이내백화점수":0,
            "5km이내아울렛몰수":0,
            "1km이내대형먀트수":1,
            "500m이내은행수":5,
            "500m이내병원수":35,
            "5km이내대형병원수":1,
            "500m이내공원수":5,
            "3km이내혐오시설수":0,
            "초등학교학업성취도":86.24,
            "중학교학업성취도":72.7,
            "용적률":275,
            "건폐율":31,
            "Y":37.616966,
            "X":126.72126,
            "rank":115.0,
            "area_info":"23평(78.59), 27평(91.52), 31평(104.71)",
            "last_sales":"2020-11-24,25000.0,31평(104.71)"
        },
        {
            "index":145,
            "아파트명":"길훈2차",
            "투자타입":"일반",
            "전용면적(m2)":"72.77",
            "전용면적(평)":"22평",
            "법정동주소":"경기도 김포시 고촌읍 신곡리 469-3",
            "도로명주소":"경기도 김포시 장차로 31",
            "세대수":0,
            "입주년차":0,
            "용적률점수":"--",
            "건폐율점수":"--",
            "세대당주차수":0,
            "난방방식":30,
            "공급면적":"--",
            "전용률":"--",
            "욕실수":50,
            "현관타입":100,
            "주거총점":18.0,
            "지역구공급총점":50.0,
            "역세권":0,
            "30분내 이동가능 거점":20,
            "1시간내 이동가능 거점":80,
            "교통총점":22.0,
            "백화점":0,
            "아울렛몰":100,
            "대형마트":0,
            "은행":0,
            "병원":60,
            "종합병원":80,
            "공원":100,
            "혐오시설":0,
            "인프라총점":35.0,
            "초등학군":81.49,
            "중학군":57.28,
            "학군총점":62.122,
            "인구수":50.28,
            "인구증감":43.56,
            "인구총점":48.264,
            "일자리":22.9,
            "소득수준":53.37,
            "일자리총점":32.041,
            "가치 총점":31.1183,
            "매매실거래년":20211112.0,
            "매매실거래가":43700.0,
            "전세실거래년":20211112.0,
            "전세실거래가":30000.0,
            "전세가율":68.65,
            "장기전세가율평균":67.15,
            "전세가율거품지수":-1.5,
            "검색코드":3656,
            "세대수":238.0,
            "준공년월":"1995-04-15",
            "준공년차":28.0,
            "가까운역이름":"개화",
            "가까운역거리":3809.9,
            "역세권여부":"비역세권",
            "30분이내주요거점역":1,
            "1시간이내주요거점역":8,
            "3km이내백화점수":0,
            "5km이내아울렛몰수":2,
            "1km이내대형먀트수":0,
            "500m이내은행수":1,
            "500m이내병원수":15,
            "5km이내대형병원수":1,
            "500m이내공원수":7,
            "3km이내혐오시설수":0,
            "초등학교학업성취도":81.49,
            "중학교학업성취도":91.4,
            "용적률":245,
            "건폐율":20,
            "Y":37.605185,
            "X":126.770862,
            "rank":116.0,
            "area_info":"22평(72.77), 31평(103.69), 39평(130.6)",
            "last_sales":"2021-11-12,43700.0,22평(72.77)"
        },
        {
            "index":620,
            "아파트명":"한강신도시리버에일린의뜰",
            "투자타입":"일반",
            "전용면적(m2)":"97.97",
            "전용면적(평)":"29평",
            "법정동주소":"경기도 김포시 운양동 1305-1",
            "도로명주소":"경기도 김포시 김포대로 1430",
            "세대수":50,
            "입주년차":80,
            "용적률점수":"--",
            "건폐율점수":"--",
            "세대당주차수":60,
            "난방방식":100,
            "공급면적":"--",
            "전용률":"--",
            "욕실수":100,
            "현관타입":100,
            "주거총점":72.5,
            "지역구공급총점":50.0,
            "역세권":0,
            "30분내 이동가능 거점":0,
            "1시간내 이동가능 거점":20,
            "교통총점":4.0,
            "백화점":0,
            "아울렛몰":0,
            "대형마트":0,
            "은행":0,
            "병원":0,
            "종합병원":100,
            "공원":100,
            "혐오시설":0,
            "인프라총점":23.0,
            "초등학군":84.39,
            "중학군":47.36,
            "학군총점":54.766,
            "인구수":50.28,
            "인구증감":43.56,
            "인구총점":48.264,
            "일자리":22.9,
            "소득수준":53.37,
            "일자리총점":32.041,
            "가치 총점":31.0149,
            "매매실거래년":20211016.0,
            "매매실거래가":54400.0,
            "전세실거래년":20210807.0,
            "전세실거래가":33000.0,
            "전세가율":64.71,
            "장기전세가율평균":67.15,
            "전세가율거품지수":2.44,
            "검색코드":112809,
            "세대수":439.0,
            "준공년월":"2017-11-21",
            "준공년차":6.0,
            "가까운역이름":"검단사거리",
            "가까운역거리":5928.56,
            "역세권여부":"비역세권",
            "30분이내주요거점역":0,
            "1시간이내주요거점역":2,
            "3km이내백화점수":0,
            "5km이내아울렛몰수":0,
            "1km이내대형먀트수":0,
            "500m이내은행수":0,
            "500m이내병원수":0,
            "5km이내대형병원수":2,
            "500m이내공원수":2,
            "3km이내혐오시설수":0,
            "초등학교학업성취도":84.39,
            "중학교학업성취도":77.8,
            "용적률":192,
            "건폐율":21,
            "Y":37.653649,
            "X":126.673056,
            "rank":117.0,
            "area_info":"29평(97.97), 33평(112.24), 34평(112.62)",
            "last_sales":"2021-10-16,54400.0,34평(112.62)"
        },
        {
            "index":23,
            "아파트명":"삼환(659번지)",
            "투자타입":"일반",
            "전용면적(m2)":"121.53",
            "전용면적(평)":"36평",
            "법정동주소":"경기도 김포시 감정동 659",
            "도로명주소":"경기도 김포시 봉화로181번길 30",
            "세대수":50,
            "입주년차":0,
            "용적률점수":"--",
            "건폐율점수":"--",
            "세대당주차수":0,
            "난방방식":30,
            "공급면적":"--",
            "전용률":"--",
            "욕실수":100,
            "현관타입":100,
            "주거총점":40.5,
            "지역구공급총점":50.0,
            "역세권":0,
            "30분내 이동가능 거점":0,
            "1시간내 이동가능 거점":30,
            "교통총점":6.0,
            "백화점":0,
            "아울렛몰":0,
            "대형마트":80,
            "은행":0,
            "병원":60,
            "종합병원":100,
            "공원":100,
            "혐오시설":0,
            "인프라총점":41.0,
            "초등학군":83.82,
            "중학군":49.64,
            "학군총점":56.476,
            "인구수":50.28,
            "인구증감":43.56,
            "인구총점":48.264,
            "일자리":22.9,
            "소득수준":53.37,
            "일자리총점":32.041,
            "가치 총점":30.9714,
            "매매실거래년":20211106.0,
            "매매실거래가":48700.0,
            "전세실거래년":20211129.0,
            "전세실거래가":32000.0,
            "전세가율":65.71,
            "장기전세가율평균":67.15,
            "전세가율거품지수":1.44,
            "검색코드":2836,
            "세대수":422.0,
            "준공년월":"1995-05-30",
            "준공년차":28.0,
            "가까운역이름":"마전",
            "가까운역거리":4419.18,
            "역세권여부":"비역세권",
            "30분이내주요거점역":0,
            "1시간이내주요거점역":3,
            "3km이내백화점수":0,
            "5km이내아울렛몰수":0,
            "1km이내대형먀트수":1,
            "500m이내은행수":1,
            "500m이내병원수":14,
            "5km이내대형병원수":4,
            "500m이내공원수":3,
            "3km이내혐오시설수":0,
            "초등학교학업성취도":83.82,
            "중학교학업성취도":81.4,
            "용적률":217,
            "건폐율":23,
            "Y":37.62766,
            "X":126.699767,
            "rank":118.0,
            "area_info":"36평(121.53), 42평(140.1)",
            "last_sales":"2021-11-06,48700.0,36평(121.53)"
        },
        {
            "index":187,
            "아파트명":"수기마을힐스테이트3단지",
            "투자타입":"일반",
            "전용면적(m2)":"199.46",
            "전용면적(평)":"60평",
            "법정동주소":"경기도 김포시 고촌읍 신곡리 1248",
            "도로명주소":"경기도 김포시 수기로 39-13",
            "세대수":0,
            "입주년차":40,
            "용적률점수":"--",
            "건폐율점수":"--",
            "세대당주차수":80,
            "난방방식":30,
            "공급면적":"--",
            "전용률":"--",
            "욕실수":100,
            "현관타입":100,
            "주거총점":43.0,
            "지역구공급총점":50.0,
            "역세권":0,
            "30분내 이동가능 거점":20,
            "1시간내 이동가능 거점":80,
            "교통총점":22.0,
            "백화점":0,
            "아울렛몰":80,
            "대형마트":0,
            "은행":0,
            "병원":60,
            "종합병원":0,
            "공원":100,
            "혐오시설":0,
            "인프라총점":17.0,
            "초등학군":87.38,
            "중학군":57.7,
            "학군총점":63.636,
            "인구수":50.28,
            "인구증감":43.56,
            "인구총점":48.264,
            "일자리":22.9,
            "소득수준":53.37,
            "일자리총점":32.041,
            "가치 총점":30.9454,
            "매매실거래년":20210829.0,
            "매매실거래가":104500.0,
            "전세실거래년":20211015.0,
            "전세실거래가":68000.0,
            "전세가율":65.07,
            "장기전세가율평균":67.15,
            "전세가율거품지수":2.08,
            "검색코드":24700,
            "세대수":203.0,
            "준공년월":"2008-04-14",
            "준공년차":15.0,
            "가까운역이름":"개화",
            "가까운역거리":3695.87,
            "역세권여부":"비역세권",
            "30분이내주요거점역":1,
            "1시간이내주요거점역":8,
            "3km이내백화점수":0,
            "5km이내아울렛몰수":1,
            "1km이내대형먀트수":0,
            "500m이내은행수":1,
            "500m이내병원수":20,
            "5km이내대형병원수":0,
            "500m이내공원수":7,
            "3km이내혐오시설수":0,
            "초등학교학업성취도":87.38,
            "중학교학업성취도":92.7,
            "용적률":213,
            "건폐율":22,
            "Y":37.600509,
            "X":126.766601,
            "rank":119.0,
            "area_info":"60평(199.46), 60평(199.73), 60평(201.58)",
            "last_sales":"2021-08-29,104500.0,60평(199.46)"
        },
        {
            "index":480,
            "아파트명":"김포양촌금빛마을자연앤데시앙",
            "투자타입":"일반",
            "전용면적(m2)":"109.2",
            "전용면적(평)":"33평",
            "법정동주소":"경기도 김포시 양촌읍 학운리 3019",
            "도로명주소":"경기도 김포시 황금로89번길 25",
            "세대수":80,
            "입주년차":60,
            "용적률점수":"--",
            "건폐율점수":"--",
            "세대당주차수":30,
            "난방방식":30,
            "공급면적":"--",
            "전용률":"--",
            "욕실수":100,
            "현관타입":100,
            "주거총점":67.5,
            "지역구공급총점":50.0,
            "역세권":0,
            "30분내 이동가능 거점":0,
            "1시간내 이동가능 거점":0,
            "교통총점":0.0,
            "백화점":0,
            "아울렛몰":0,
            "대형마트":0,
            "은행":70,
            "병원":10,
            "종합병원":100,
            "공원":100,
            "혐오시설":0,
            "인프라총점":31.0,
            "초등학군":84.63,
            "중학군":45.7,
            "학군총점":53.486,
            "인구수":50.28,
            "인구증감":43.56,
            "인구총점":48.264,
            "일자리":22.9,
            "소득수준":53.37,
            "일자리총점":32.041,
            "가치 총점":30.8229,
            "매매실거래년":20211228.0,
            "매매실거래가":33200.0,
            "전세실거래년":20211118.0,
            "전세실거래가":17850.0,
            "전세가율":53.28,
            "장기전세가율평균":67.15,
            "전세가율거품지수":13.87,
            "검색코드":102440,
            "세대수":743.0,
            "준공년월":"2010-12-02",
            "준공년차":13.0,
            "가까운역이름":"검단오류",
            "가까운역거리":2652.76,
            "역세권여부":"비역세권",
            "30분이내주요거점역":0,
            "1시간이내주요거점역":0,
            "3km이내백화점수":0,
            "5km이내아울렛몰수":0,
            "1km이내대형먀트수":0,
            "500m이내은행수":4,
            "500m이내병원수":3,
            "5km이내대형병원수":3,
            "500m이내공원수":3,
            "3km이내혐오시설수":0,
            "초등학교학업성취도":84.63,
            "중학교학업성취도":74.1,
            "용적률":159,
            "건폐율":16,
            "Y":37.618678,
            "X":126.62512,
            "rank":120.0,
            "area_info":"33평(109.2), 33평(109.78), 33평(109.21), 33평(109.24), 33평(109.29), 34평(112.77)",
            "last_sales":"2021-12-28,33200.0,33평(109.29)"
        },
        {
            "index":447,
            "아파트명":"김포길훈4차",
            "투자타입":"일반",
            "전용면적(m2)":"77.32",
            "전용면적(평)":"23평",
            "법정동주소":"경기도 김포시 사우동 385",
            "도로명주소":"경기도 김포시 풍무로 232",
            "세대수":30,
            "입주년차":0,
            "용적률점수":"--",
            "건폐율점수":"--",
            "세대당주차수":0,
            "난방방식":30,
            "공급면적":"--",
            "전용률":"--",
            "욕실수":50,
            "현관타입":100,
            "주거총점":28.5,
            "지역구공급총점":50.0,
            "역세권":0,
            "30분내 이동가능 거점":20,
            "1시간내 이동가능 거점":70,
            "교통총점":20.0,
            "백화점":0,
            "아울렛몰":0,
            "대형마트":80,
            "은행":0,
            "병원":0,
            "종합병원":80,
            "공원":80,
            "혐오시설":0,
            "인프라총점":30.4,
            "초등학군":82.39,
            "중학군":54.34,
            "학군총점":59.95,
            "인구수":50.28,
            "인구증감":43.56,
            "인구총점":48.264,
            "일자리":22.9,
            "소득수준":53.37,
            "일자리총점":32.041,
            "가치 총점":30.8125,
            "매매실거래년":20220107.0,
            "매매실거래가":32200.0,
            "전세실거래년":20211125.0,
            "전세실거래가":24000.0,
            "전세가율":74.53,
            "장기전세가율평균":67.15,
            "전세가율거품지수":-7.38,
            "검색코드":3929,
            "세대수":351.0,
            "준공년월":"1996-12-06",
            "준공년차":27.0,
            "가까운역이름":"계양",
            "가까운역거리":4986.82,
            "역세권여부":"비역세권",
            "30분이내주요거점역":1,
            "1시간이내주요거점역":7,
            "3km이내백화점수":0,
            "5km이내아울렛몰수":0,
            "1km이내대형먀트수":1,
            "500m이내은행수":0,
            "500m이내병원수":1,
            "5km이내대형병원수":1,
            "500m이내공원수":1,
            "3km이내혐오시설수":0,
            "초등학교학업성취도":82.39,
            "중학교학업성취도":88.3,
            "용적률":339,
            "건폐율":22,
            "Y":37.615657,
            "X":126.726017,
            "rank":121.0,
            "area_info":"23평(77.32), 29평(98.52), 33평(110.69), 33평(110.19)",
            "last_sales":"2022-01-07,32200.0,23평(77.32)"
        },
        {
            "index":400,
            "아파트명":"동변마을동양파라곤2차",
            "투자타입":"일반",
            "전용면적(m2)":"111.99",
            "전용면적(평)":"33평",
            "법정동주소":"경기도 김포시 북변동 904",
            "도로명주소":"경기도 김포시 봉화로 90-13",
            "세대수":0,
            "입주년차":60,
            "용적률점수":"--",
            "건폐율점수":"--",
            "세대당주차수":30,
            "난방방식":30,
            "공급면적":"--",
            "전용률":"--",
            "욕실수":100,
            "현관타입":100,
            "주거총점":39.5,
            "지역구공급총점":50.0,
            "역세권":0,
            "30분내 이동가능 거점":0,
            "1시간내 이동가능 거점":40,
            "교통총점":8.0,
            "백화점":0,
            "아울렛몰":0,
            "대형마트":100,
            "은행":20,
            "병원":10,
            "종합병원":100,
            "공원":100,
            "혐오시설":0,
            "인프라총점":41.0,
            "초등학군":84.37,
            "중학군":43.9,
            "학군총점":51.994,
            "인구수":50.28,
            "인구증감":43.56,
            "인구총점":48.264,
            "일자리":22.9,
            "소득수준":53.37,
            "일자리총점":32.041,
            "가치 총점":30.7991,
            "매매실거래년":20211222.0,
            "매매실거래가":35000.0,
            "전세실거래년":20201124.0,
            "전세실거래가":25000.0,
            "전세가율":68.49,
            "장기전세가율평균":67.15,
            "전세가율거품지수":-1.34,
            "검색코드":27423,
            "세대수":133.0,
            "준공년월":"2009-06-25",
            "준공년차":14.0,
            "가까운역이름":"완정",
            "가까운역거리":4619.03,
            "역세권여부":"비역세권",
            "30분이내주요거점역":0,
            "1시간이내주요거점역":4,
            "3km이내백화점수":0,
            "5km이내아울렛몰수":0,
            "1km이내대형먀트수":4,
            "500m이내은행수":2,
            "500m이내병원수":4,
            "5km이내대형병원수":3,
            "500m이내공원수":2,
            "3km이내혐오시설수":0,
            "초등학교학업성취도":84.37,
            "중학교학업성취도":72.5,
            "용적률":196,
            "건폐율":26,
            "Y":37.623727,
            "X":126.708389,
            "rank":122.0,
            "area_info":"33평(111.99), 35평(118.15), 44평(146.82)",
            "last_sales":"2021-12-22,35000.0,35평(118.15)"
        },
        {
            "index":0,
            "아파트명":"김포센트럴헤센1단지",
            "투자타입":"일반",
            "전용면적(m2)":"79.7",
            "전용면적(평)":"24평",
            "법정동주소":"경기도 김포시 감정동 705",
            "도로명주소":"경기도 김포시 감정로 87",
            "세대수":80,
            "입주년차":100,
            "용적률점수":"--",
            "건폐율점수":"--",
            "세대당주차수":30,
            "난방방식":30,
            "공급면적":"--",
            "전용률":"--",
            "욕실수":100,
            "현관타입":100,
            "주거총점":75.5,
            "지역구공급총점":50.0,
            "역세권":0,
            "30분내 이동가능 거점":0,
            "1시간내 이동가능 거점":0,
            "교통총점":0.0,
            "백화점":0,
            "아울렛몰":0,
            "대형마트":0,
            "은행":0,
            "병원":0,
            "종합병원":100,
            "공원":100,
            "혐오시설":0,
            "인프라총점":23.0,
            "초등학군":93.61,
            "중학군":49.64,
            "학군총점":58.434,
            "인구수":50.28,
            "인구증감":43.56,
            "인구총점":48.264,
            "일자리":22.9,
            "소득수준":53.37,
            "일자리총점":32.041,
            "가치 총점":30.7651,
            "매매실거래년":20220103.0,
            "매매실거래가":28000.0,
            "전세실거래년":20220112.0,
            "전세실거래가":26000.0,
            "전세가율":92.86,
            "장기전세가율평균":67.15,
            "전세가율거품지수":-25.71,
            "검색코드":119213,
            "세대수":700.0,
            "준공년월":"2021-10-18",
            "준공년차":2.0,
            "가까운역이름":"완정",
            "가까운역거리":3661.26,
            "역세권여부":"비역세권",
            "30분이내주요거점역":0,
            "1시간이내주요거점역":0,
            "3km이내백화점수":0,
            "5km이내아울렛몰수":0,
            "1km이내대형먀트수":0,
            "500m이내은행수":0,
            "500m이내병원수":1,
            "5km이내대형병원수":4,
            "500m이내공원수":2,
            "3km이내혐오시설수":0,
            "초등학교학업성취도":93.61,
            "중학교학업성취도":81.4,
            "용적률":216,
            "건폐율":24,
            "Y":37.615392,
            "X":126.703589,
            "rank":123.0,
            "area_info":"24평(79.7), 24평(80.35), 28평(93.44), 30평(100.88), 30평(100.77)",
            "last_sales":"2022-01-03,28000.0,24평(79.7)"
        },
        {
            "index":835,
            "아파트명":"삼용",
            "투자타입":"일반",
            "전용면적(m2)":"75.77",
            "전용면적(평)":"22평",
            "법정동주소":"경기도 김포시 풍무동 449-2",
            "도로명주소":"경기도 김포시 풍무로96번길 8",
            "세대수":30,
            "입주년차":0,
            "용적률점수":"--",
            "건폐율점수":"--",
            "세대당주차수":30,
            "난방방식":30,
            "공급면적":"--",
            "전용률":"--",
            "욕실수":50,
            "현관타입":100,
            "주거총점":33.0,
            "지역구공급총점":50.0,
            "역세권":0,
            "30분내 이동가능 거점":0,
            "1시간내 이동가능 거점":30,
            "교통총점":6.0,
            "백화점":0,
            "아울렛몰":0,
            "대형마트":80,
            "은행":20,
            "병원":60,
            "종합병원":100,
            "공원":100,
            "혐오시설":0,
            "인프라총점":43.0,
            "초등학군":86.37,
            "중학군":54.4,
            "학군총점":60.794,
            "인구수":50.28,
            "인구증감":43.56,
            "인구총점":48.264,
            "일자리":22.9,
            "소득수준":53.37,
            "일자리총점":32.041,
            "가치 총점":30.7191,
            "매매실거래년":20211112.0,
            "매매실거래가":35500.0,
            "전세실거래년":20211126.0,
            "전세실거래가":23000.0,
            "전세가율":77.97,
            "장기전세가율평균":67.15,
            "전세가율거품지수":-10.82,
            "검색코드":3924,
            "세대수":376.0,
            "준공년월":"1997-10-31",
            "준공년차":26.0,
            "가까운역이름":"계양",
            "가까운역거리":3781.61,
            "역세권여부":"비역세권",
            "30분이내주요거점역":0,
            "1시간이내주요거점역":3,
            "3km이내백화점수":0,
            "5km이내아울렛몰수":0,
            "1km이내대형먀트수":1,
            "500m이내은행수":2,
            "500m이내병원수":26,
            "5km이내대형병원수":2,
            "500m이내공원수":5,
            "3km이내혐오시설수":0,
            "초등학교학업성취도":86.37,
            "중학교학업성취도":88.8,
            "용적률":302,
            "건폐율":18,
            "Y":37.603927,
            "X":126.722853,
            "rank":124.0,
            "area_info":"22평(75.77), 32평(107.3), 48평(160.07)",
            "last_sales":"2021-11-12,35500.0,32평(107.3)"
        },
        {
            "index":46,
            "아파트명":"한국",
            "투자타입":"일반",
            "전용면적(m2)":"93.93",
            "전용면적(평)":"28평",
            "법정동주소":"경기도 김포시 감정동 676",
            "도로명주소":"경기도 김포시 봉화로181번길 31-14",
            "세대수":50,
            "입주년차":0,
            "용적률점수":"--",
            "건폐율점수":"--",
            "세대당주차수":0,
            "난방방식":30,
            "공급면적":"--",
            "전용률":"--",
            "욕실수":50,
            "현관타입":100,
            "주거총점":35.5,
            "지역구공급총점":50.0,
            "역세권":0,
            "30분내 이동가능 거점":0,
            "1시간내 이동가능 거점":30,
            "교통총점":6.0,
            "백화점":0,
            "아울렛몰":0,
            "대형마트":80,
            "은행":20,
            "병원":60,
            "종합병원":100,
            "공원":100,
            "혐오시설":0,
            "인프라총점":43.0,
            "초등학군":83.82,
            "중학군":49.64,
            "학군총점":56.476,
            "인구수":50.28,
            "인구증감":43.56,
            "인구총점":48.264,
            "일자리":22.9,
            "소득수준":53.37,
            "일자리총점":32.041,
            "가치 총점":30.5714,
            "매매실거래년":20211204.0,
            "매매실거래가":36000.0,
            "전세실거래년":20211213.0,
            "전세실거래가":24000.0,
            "전세가율":75.0,
            "장기전세가율평균":67.15,
            "전세가율거품지수":-7.85,
            "검색코드":2840,
            "세대수":620.0,
            "준공년월":"1995-09-22",
            "준공년차":28.0,
            "가까운역이름":"마전",
            "가까운역거리":4309.84,
            "역세권여부":"비역세권",
            "30분이내주요거점역":0,
            "1시간이내주요거점역":3,
            "3km이내백화점수":0,
            "5km이내아울렛몰수":0,
            "1km이내대형먀트수":1,
            "500m이내은행수":2,
            "500m이내병원수":22,
            "5km이내대형병원수":4,
            "500m이내공원수":4,
            "3km이내혐오시설수":0,
            "초등학교학업성취도":83.82,
            "중학교학업성취도":81.4,
            "용적률":230,
            "건폐율":25,
            "Y":37.62615,
            "X":126.700043,
            "rank":125.0,
            "area_info":"28평(93.93), 31평(103.23)",
            "last_sales":"2021-12-04,36000.0,31평(103.23)"
        },
        {
            "index":122,
            "아파트명":"강변마을1단지청도솔리움",
            "투자타입":"일반",
            "전용면적(m2)":"79.64",
            "전용면적(평)":"24평",
            "법정동주소":"경기도 김포시 고촌읍 신곡리 1102",
            "도로명주소":"경기도 김포시 신곡로 33",
            "세대수":0,
            "입주년차":40,
            "용적률점수":"--",
            "건폐율점수":"--",
            "세대당주차수":0,
            "난방방식":30,
            "공급면적":"--",
            "전용률":"--",
            "욕실수":100,
            "현관타입":100,
            "주거총점":31.0,
            "지역구공급총점":50.0,
            "역세권":0,
            "30분내 이동가능 거점":20,
            "1시간내 이동가능 거점":60,
            "교통총점":18.0,
            "백화점":0,
            "아울렛몰":100,
            "대형마트":0,
            "은행":0,
            "병원":0,
            "종합병원":80,
            "공원":100,
            "혐오시설":0,
            "인프라총점":29.0,
            "초등학군":81.49,
            "중학군":57.28,
            "학군총점":62.122,
            "인구수":50.28,
            "인구증감":43.56,
            "인구총점":48.264,
            "일자리":22.9,
            "소득수준":53.37,
            "일자리총점":32.041,
            "가치 총점":30.5183,
            "매매실거래년":20211217.0,
            "매매실거래가":58000.0,
            "전세실거래년":20210928.0,
            "전세실거래가":39000.0,
            "전세가율":67.24,
            "장기전세가율평균":67.15,
            "전세가율거품지수":-0.09,
            "검색코드":27878,
            "세대수":232.0,
            "준공년월":"2006-09-29",
            "준공년차":17.0,
            "가까운역이름":"개화",
            "가까운역거리":3682.27,
            "역세권여부":"비역세권",
            "30분이내주요거점역":1,
            "1시간이내주요거점역":6,
            "3km이내백화점수":0,
            "5km이내아울렛몰수":2,
            "1km이내대형먀트수":0,
            "500m이내은행수":0,
            "500m이내병원수":0,
            "5km이내대형병원수":1,
            "500m이내공원수":3,
            "3km이내혐오시설수":0,
            "초등학교학업성취도":81.49,
            "중학교학업성취도":91.4,
            "용적률":0,
            "건폐율":0,
            "Y":37.606101,
            "X":126.774856,
            "rank":126.0,
            "area_info":"24평(79.64)",
            "last_sales":"2021-12-17,58000.0,24평(79.64)"
        },
        {
            "index":432,
            "아파트명":"함성2차",
            "투자타입":"재건축",
            "전용면적(m2)":"58.53",
            "전용면적(평)":"17평",
            "법정동주소":"경기도 김포시 북변동 216-6",
            "도로명주소":"경기도 김포시 중봉1로 56",
            "세대수":0,
            "입주년차":"--",
            "용적률점수":80,
            "건폐율점수":0,
            "세대당주차수":"--",
            "난방방식":"--",
            "공급면적":50,
            "전용률":60,
            "욕실수":"--",
            "현관타입":"--",
            "주거총점":37.5,
            "지역구공급총점":50.0,
            "역세권":0,
            "30분내 이동가능 거점":0,
            "1시간내 이동가능 거점":30,
            "교통총점":6.0,
            "백화점":0,
            "아울렛몰":0,
            "대형마트":80,
            "은행":0,
            "병원":60,
            "종합병원":100,
            "공원":100,
            "혐오시설":0,
            "인프라총점":41.0,
            "초등학군":84.37,
            "중학군":49.64,
            "학군총점":56.586,
            "인구수":50.28,
            "인구증감":43.56,
            "인구총점":48.264,
            "일자리":22.9,
            "소득수준":53.37,
            "일자리총점":32.041,
            "가치 총점":30.3879,
            "매매실거래년":20210813.0,
            "매매실거래가":10000.0,
            "전세실거래년":20210710.0,
            "전세실거래가":5000.0,
            "전세가율":50.0,
            "장기전세가율평균":67.15,
            "전세가율거품지수":17.15,
            "검색코드":3880,
            "세대수":140.0,
            "준공년월":"1991-06-18",
            "준공년차":32.0,
            "가까운역이름":"마전",
            "가까운역거리":4419.97,
            "역세권여부":"비역세권",
            "30분이내주요거점역":0,
            "1시간이내주요거점역":3,
            "3km이내백화점수":0,
            "5km이내아울렛몰수":0,
            "1km이내대형먀트수":1,
            "500m이내은행수":1,
            "500m이내병원수":18,
            "5km이내대형병원수":4,
            "500m이내공원수":5,
            "3km이내혐오시설수":0,
            "초등학교학업성취도":84.37,
            "중학교학업성취도":81.4,
            "용적률":166,
            "건폐율":0,
            "Y":37.624765,
            "X":126.70359,
            "rank":127.0,
            "area_info":"17평(58.53), 26평(86.97), 30평(101.12)",
            "last_sales":"2021-08-13,10000.0,17평(58.53)"
        },
        {
            "index":403,
            "아파트명":"동변파라곤",
            "투자타입":"일반",
            "전용면적(m2)":"105.94",
            "전용면적(평)":"32평",
            "법정동주소":"경기도 김포시 북변동 902",
            "도로명주소":"경기도 김포시 봉화로 90-3",
            "세대수":0,
            "입주년차":40,
            "용적률점수":"--",
            "건폐율점수":"--",
            "세대당주차수":60,
            "난방방식":30,
            "공급면적":"--",
            "전용률":"--",
            "욕실수":100,
            "현관타입":100,
            "주거총점":40.0,
            "지역구공급총점":50.0,
            "역세권":0,
            "30분내 이동가능 거점":0,
            "1시간내 이동가능 거점":30,
            "교통총점":6.0,
            "백화점":0,
            "아울렛몰":0,
            "대형마트":100,
            "은행":20,
            "병원":10,
            "종합병원":100,
            "공원":100,
            "혐오시설":0,
            "인프라총점":41.0,
            "초등학군":84.37,
            "중학군":43.9,
            "학군총점":51.994,
            "인구수":50.28,
            "인구증감":43.56,
            "인구총점":48.264,
            "일자리":22.9,
            "소득수준":53.37,
            "일자리총점":32.041,
            "가치 총점":30.1991,
            "매매실거래년":20210712.0,
            "매매실거래가":32500.0,
            "전세실거래년":20210712.0,
            "전세실거래가":29200.0,
            "전세가율":89.3,
            "장기전세가율평균":67.15,
            "전세가율거품지수":-22.15,
            "검색코드":18838,
            "세대수":143.0,
            "준공년월":"2006-02-24",
            "준공년차":17.0,
            "가까운역이름":"완정",
            "가까운역거리":4649.28,
            "역세권여부":"비역세권",
            "30분이내주요거점역":0,
            "1시간이내주요거점역":3,
            "3km이내백화점수":0,
            "5km이내아울렛몰수":0,
            "1km이내대형먀트수":4,
            "500m이내은행수":2,
            "500m이내병원수":3,
            "5km이내대형병원수":3,
            "500m이내공원수":3,
            "3km이내혐오시설수":0,
            "초등학교학업성취도":84.37,
            "중학교학업성취도":72.5,
            "용적률":186,
            "건폐율":26,
            "Y":37.623209,
            "X":126.709598,
            "rank":128.0,
            "area_info":"32평(105.94), 42평(142.06), 44평(147.91), 46평(153.85)",
            "last_sales":"2021-07-12,32500.0,46평(153.85)"
        },
        {
            "index":682,
            "아파트명":"고창마을이니스더원",
            "투자타입":"일반",
            "전용면적(m2)":"137.35",
            "전용면적(평)":"41평",
            "법정동주소":"경기도 김포시 장기동 1635",
            "도로명주소":"경기도 김포시 김포한강3로 290-16",
            "세대수":30,
            "입주년차":40,
            "용적률점수":"--",
            "건폐율점수":"--",
            "세대당주차수":60,
            "난방방식":100,
            "공급면적":"--",
            "전용률":"--",
            "욕실수":100,
            "현관타입":100,
            "주거총점":57.5,
            "지역구공급총점":50.0,
            "역세권":0,
            "30분내 이동가능 거점":0,
            "1시간내 이동가능 거점":30,
            "교통총점":6.0,
            "백화점":0,
            "아울렛몰":0,
            "대형마트":0,
            "은행":0,
            "병원":30,
            "종합병원":100,
            "공원":100,
            "혐오시설":0,
            "인프라총점":26.0,
            "초등학군":88.48,
            "중학군":50.96,
            "학군총점":58.464,
            "인구수":50.28,
            "인구증감":43.56,
            "인구총점":48.264,
            "일자리":22.9,
            "소득수준":53.37,
            "일자리총점":32.041,
            "가치 총점":30.1696,
            "매매실거래년":20211016.0,
            "매매실거래가":52000.0,
            "전세실거래년":20211116.0,
            "전세실거래가":36000.0,
            "전세가율":69.23,
            "장기전세가율평균":67.15,
            "전세가율거품지수":-2.08,
            "검색코드":26225,
            "세대수":315.0,
            "준공년월":"2008-05-01",
            "준공년차":15.0,
            "가까운역이름":"검단사거리",
            "가까운역거리":4478.97,
            "역세권여부":"비역세권",
            "30분이내주요거점역":0,
            "1시간이내주요거점역":3,
            "3km이내백화점수":0,
            "5km이내아울렛몰수":0,
            "1km이내대형먀트수":0,
            "500m이내은행수":0,
            "500m이내병원수":7,
            "5km이내대형병원수":3,
            "500m이내공원수":3,
            "3km이내혐오시설수":0,
            "초등학교학업성취도":88.48,
            "중학교학업성취도":83.2,
            "용적률":189,
            "건폐율":14,
            "Y":37.641974,
            "X":126.661583,
            "rank":129.0,
            "area_info":"41평(137.35)",
            "last_sales":"2021-10-16,52000.0,41평(137.35)"
        },
        {
            "index":472,
            "아파트명":"풍년1단지진흥흥화",
            "투자타입":"일반",
            "전용면적(m2)":"73.29",
            "전용면적(평)":"22평",
            "법정동주소":"경기도 김포시 사우동 857",
            "도로명주소":"경기도 김포시 풍년로 19",
            "세대수":80,
            "입주년차":0,
            "용적률점수":"--",
            "건폐율점수":"--",
            "세대당주차수":0,
            "난방방식":30,
            "공급면적":"--",
            "전용률":"--",
            "욕실수":100,
            "현관타입":100,
            "주거총점":51.0,
            "지역구공급총점":50.0,
            "역세권":0,
            "30분내 이동가능 거점":0,
            "1시간내 이동가능 거점":60,
            "교통총점":12.0,
            "백화점":0,
            "아울렛몰":0,
            "대형마트":0,
            "은행":0,
            "병원":30,
            "종합병원":80,
            "공원":100,
            "혐오시설":0,
            "인프라총점":22.0,
            "초등학군":86.24,
            "중학군":54.34,
            "학군총점":60.72,
            "인구수":50.28,
            "인구증감":43.56,
            "인구총점":48.264,
            "일자리":22.9,
            "소득수준":53.37,
            "일자리총점":32.041,
            "가치 총점":30.108,
            "매매실거래년":20211214.0,
            "매매실거래가":36800.0,
            "전세실거래년":20210611.0,
            "전세실거래가":21000.0,
            "전세가율":55.85,
            "장기전세가율평균":67.15,
            "전세가율거품지수":11.3,
            "검색코드":3934,
            "세대수":740.0,
            "준공년월":"1998-11-27",
            "준공년차":25.0,
            "가까운역이름":"마두",
            "가까운역거리":5622.45,
            "역세권여부":"비역세권",
            "30분이내주요거점역":0,
            "1시간이내주요거점역":6,
            "3km이내백화점수":0,
            "5km이내아울렛몰수":0,
            "1km이내대형먀트수":0,
            "500m이내은행수":0,
            "500m이내병원수":9,
            "5km이내대형병원수":1,
            "500m이내공원수":3,
            "3km이내혐오시설수":0,
            "초등학교학업성취도":86.24,
            "중학교학업성취도":88.3,
            "용적률":0,
            "건폐율":0,
            "Y":37.62378,
            "X":126.724813,
            "rank":130.0,
            "area_info":"22평(73.29), 23평(78.74)",
            "last_sales":"2021-12-14,36800.0,23평(78.74)"
        },
        {
            "index":565,
            "아파트명":"전원월드2단지",
            "투자타입":"일반",
            "전용면적(m2)":"82.4",
            "전용면적(평)":"24평",
            "법정동주소":"경기도 김포시 운양동 1435",
            "도로명주소":"경기도 김포시 전원로 44",
            "세대수":50,
            "입주년차":20,
            "용적률점수":"--",
            "건폐율점수":"--",
            "세대당주차수":60,
            "난방방식":30,
            "공급면적":"--",
            "전용률":"--",
            "욕실수":100,
            "현관타입":100,
            "주거총점":53.5,
            "지역구공급총점":50.0,
            "역세권":0,
            "30분내 이동가능 거점":0,
            "1시간내 이동가능 거점":30,
            "교통총점":6.0,
            "백화점":0,
            "아울렛몰":0,
            "대형마트":0,
            "은행":0,
            "병원":60,
            "종합병원":100,
            "공원":80,
            "혐오시설":0,
            "인프라총점":28.4,
            "초등학군":88.9,
            "중학군":50.82,
            "학군총점":58.436,
            "인구수":50.28,
            "인구증감":43.56,
            "인구총점":48.264,
            "일자리":22.9,
            "소득수준":53.37,
            "일자리총점":32.041,
            "가치 총점":30.0854,
            "매매실거래년":20210927.0,
            "매매실거래가":54200.0,
            "전세실거래년":20210724.0,
            "전세실거래가":24000.0,
            "전세가율":73.28,
            "장기전세가율평균":67.15,
            "전세가율거품지수":-6.13,
            "검색코드":3867,
            "세대수":442.0,
            "준공년월":"2000-04-07",
            "준공년차":23.0,
            "가까운역이름":"검단사거리",
            "가까운역거리":5601.93,
            "역세권여부":"비역세권",
            "30분이내주요거점역":0,
            "1시간이내주요거점역":3,
            "3km이내백화점수":0,
            "5km이내아울렛몰수":0,
            "1km이내대형먀트수":0,
            "500m이내은행수":0,
            "500m이내병원수":10,
            "5km이내대형병원수":2,
            "500m이내공원수":1,
            "3km이내혐오시설수":0,
            "초등학교학업성취도":88.9,
            "중학교학업성취도":83.9,
            "용적률":223,
            "건폐율":21,
            "Y":37.647042,
            "X":126.68522,
            "rank":131.0,
            "area_info":"24평(82.4), 34평(114.16), 49평(164.95), 62평(205.45)",
            "last_sales":"2021-09-27,54200.0,49평(164.95)"
        },
        {
            "index":853,
            "아파트명":"유현현대프라임빌",
            "투자타입":"일반",
            "전용면적(m2)":"120.53",
            "전용면적(평)":"36평",
            "법정동주소":"경기도 김포시 풍무동 759",
            "도로명주소":"경기도 김포시 유현로 51",
            "세대수":90,
            "입주년차":20,
            "용적률점수":"--",
            "건폐율점수":"--",
            "세대당주차수":80,
            "난방방식":30,
            "공급면적":"--",
            "전용률":"--",
            "욕실수":100,
            "현관타입":100,
            "주거총점":70.5,
            "지역구공급총점":50.0,
            "역세권":0,
            "30분내 이동가능 거점":0,
            "1시간내 이동가능 거점":20,
            "교통총점":4.0,
            "백화점":0,
            "아울렛몰":0,
            "대형마트":0,
            "은행":0,
            "병원":10,
            "종합병원":80,
            "공원":0,
            "혐오시설":0,
            "인프라총점":17.0,
            "초등학군":91.84,
            "중학군":54.4,
            "학군총점":61.888,
            "인구수":50.28,
            "인구증감":43.56,
            "인구총점":48.264,
            "일자리":22.9,
            "소득수준":53.37,
            "일자리총점":32.041,
            "가치 총점":29.8832,
            "매매실거래년":20211218.0,
            "매매실거래가":65000.0,
            "전세실거래년":20210731.0,
            "전세실거래가":32000.0,
            "전세가율":62.75,
            "장기전세가율평균":67.15,
            "전세가율거품지수":4.4,
            "검색코드":3589,
            "세대수":1351.0,
            "준공년월":"2003-12-09",
            "준공년차":20.0,
            "가까운역이름":"계양",
            "가까운역거리":3090.1,
            "역세권여부":"비역세권",
            "30분이내주요거점역":0,
            "1시간이내주요거점역":2,
            "3km이내백화점수":0,
            "5km이내아울렛몰수":0,
            "1km이내대형먀트수":0,
            "500m이내은행수":0,
            "500m이내병원수":2,
            "5km이내대형병원수":1,
            "500m이내공원수":0,
            "3km이내혐오시설수":0,
            "초등학교학업성취도":91.84,
            "중학교학업성취도":88.8,
            "용적률":211,
            "건폐율":13,
            "Y":37.598586,
            "X":126.728006,
            "rank":132.0,
            "area_info":"36평(120.53), 47평(158.54), 53평(176.66), 69평(228.98), 84평(279.81)",
            "last_sales":"2021-12-18,65000.0,69평(228.98)"
        },
        {
            "index":5,
            "아파트명":"김포센트럴헤센2단지",
            "투자타입":"일반",
            "전용면적(m2)":"79.15",
            "전용면적(평)":"23평",
            "법정동주소":"경기도 김포시 감정동 626-18",
            "도로명주소":"경기도 김포시 감정로 85",
            "세대수":0,
            "입주년차":100,
            "용적률점수":"--",
            "건폐율점수":"--",
            "세대당주차수":30,
            "난방방식":30,
            "공급면적":"--",
            "전용률":"--",
            "욕실수":100,
            "현관타입":100,
            "주거총점":47.5,
            "지역구공급총점":50.0,
            "역세권":0,
            "30분내 이동가능 거점":0,
            "1시간내 이동가능 거점":10,
            "교통총점":2.0,
            "백화점":0,
            "아울렛몰":0,
            "대형마트":80,
            "은행":0,
            "병원":10,
            "종합병원":100,
            "공원":100,
            "혐오시설":0,
            "인프라총점":36.0,
            "초등학군":93.61,
            "중학군":49.64,
            "학군총점":58.434,
            "인구수":50.28,
            "인구증감":43.56,
            "인구총점":48.264,
            "일자리":22.9,
            "소득수준":53.37,
            "일자리총점":32.041,
            "가치 총점":29.7651,
            "매매실거래년":20201220.0,
            "매매실거래가":38500.0,
            "전세실거래년":20210814.0,
            "전세실거래가":27500.0,
            "전세가율":94.83,
            "장기전세가율평균":67.15,
            "전세가율거품지수":-27.68,
            "검색코드":123396,
            "세대수":145.0,
            "준공년월":"2020-08-01",
            "준공년차":3.0,
            "가까운역이름":"완정",
            "가까운역거리":3687.45,
            "역세권여부":"비역세권",
            "30분이내주요거점역":0,
            "1시간이내주요거점역":1,
            "3km이내백화점수":0,
            "5km이내아울렛몰수":0,
            "1km이내대형먀트수":1,
            "500m이내은행수":0,
            "500m이내병원수":2,
            "5km이내대형병원수":4,
            "500m이내공원수":3,
            "3km이내혐오시설수":0,
            "초등학교학업성취도":93.61,
            "중학교학업성취도":81.4,
            "용적률":0,
            "건폐율":0,
            "Y":37.616254,
            "X":126.702956,
            "rank":133.0,
            "area_info":"23평(79.15), 24평(79.8), 30평(100.19)",
            "last_sales":"2020-12-20,38500.0,30평(100.19)"
        },
        {
            "index":369,
            "아파트명":"은여울마을상록데시앙",
            "투자타입":"일반",
            "전용면적(m2)":"92.27",
            "전용면적(평)":"27평",
            "법정동주소":"경기도 김포시 마산동 672-6",
            "도로명주소":"경기도 김포시 김포한강8로 173-27",
            "세대수":50,
            "입주년차":60,
            "용적률점수":"--",
            "건폐율점수":"--",
            "세대당주차수":60,
            "난방방식":30,
            "공급면적":"--",
            "전용률":"--",
            "욕실수":50,
            "현관타입":100,
            "주거총점":56.5,
            "지역구공급총점":50.0,
            "역세권":0,
            "30분내 이동가능 거점":0,
            "1시간내 이동가능 거점":30,
            "교통총점":6.0,
            "백화점":0,
            "아울렛몰":0,
            "대형마트":0,
            "은행":0,
            "병원":30,
            "종합병원":100,
            "공원":100,
            "혐오시설":0,
            "인프라총점":26.0,
            "초등학군":95.36,
            "중학군":45.7,
            "학군총점":55.632,
            "인구수":50.28,
            "인구증감":43.56,
            "인구총점":48.264,
            "일자리":22.9,
            "소득수준":53.37,
            "일자리총점":32.041,
            "가치 총점":29.5448,
            "매매실거래년":"18000101",
            "매매실거래가":null,
            "전세실거래년":20210714.0,
            "전세실거래가":12419.0,
            "전세가율":null,
            "장기전세가율평균":67.15,
            "전세가율거품지수":null,
            "검색코드":109641,
            "세대수":490.0,
            "준공년월":"2013-11-01",
            "준공년차":10.0,
            "가까운역이름":"검단사거리",
            "가까운역거리":4127.76,
            "역세권여부":"비역세권",
            "30분이내주요거점역":0,
            "1시간이내주요거점역":3,
            "3km이내백화점수":0,
            "5km이내아울렛몰수":0,
            "1km이내대형먀트수":0,
            "500m이내은행수":0,
            "500m이내병원수":8,
            "5km이내대형병원수":2,
            "500m이내공원수":10,
            "3km이내혐오시설수":0,
            "초등학교학업성취도":95.36,
            "중학교학업성취도":74.1,
            "용적률":190,
            "건폐율":14,
            "Y":37.636804,
            "X":126.641327,
            "rank":134.0,
            "area_info":"27평(92.27), 28평(93.61), 33평(111.93), 33평(111.95)",
            "last_sales":"1800-01-01,nan,27평(92.27)"
        },
        {
            "index":638,
            "아파트명":"한신더휴테라스11단지(도시형)",
            "투자타입":"일반",
            "전용면적(m2)":"107.62",
            "전용면적(평)":"32평",
            "법정동주소":"경기도 김포시 운양동 1337-1",
            "도로명주소":"경기도 김포시 김포한강1로 309",
            "세대수":0,
            "입주년차":80,
            "용적률점수":"--",
            "건폐율점수":"--",
            "세대당주차수":60,
            "난방방식":100,
            "공급면적":"--",
            "전용률":"--",
            "욕실수":100,
            "현관타입":100,
            "주거총점":55.0,
            "지역구공급총점":50.0,
            "역세권":0,
            "30분내 이동가능 거점":0,
            "1시간내 이동가능 거점":30,
            "교통총점":6.0,
            "백화점":0,
            "아울렛몰":0,
            "대형마트":0,
            "은행":0,
            "병원":0,
            "종합병원":100,
            "공원":80,
            "혐오시설":0,
            "인프라총점":22.4,
            "초등학군":90.49,
            "중학군":53.84,
            "학군총점":61.17,
            "인구수":50.28,
            "인구증감":43.56,
            "인구총점":48.264,
            "일자리":22.9,
            "소득수준":53.37,
            "일자리총점":32.041,
            "가치 총점":28.9955,
            "매매실거래년":"18000101",
            "매매실거래가":null,
            "전세실거래년":null,
            "전세실거래가":null,
            "전세가율":null,
            "장기전세가율평균":67.15,
            "전세가율거품지수":null,
            "검색코드":111414,
            "세대수":157.0,
            "준공년월":"2017-02-27",
            "준공년차":6.0,
            "가까운역이름":"대화",
            "가까운역거리":5525.65,
            "역세권여부":"비역세권",
            "30분이내주요거점역":0,
            "1시간이내주요거점역":3,
            "3km이내백화점수":0,
            "5km이내아울렛몰수":0,
            "1km이내대형먀트수":0,
            "500m이내은행수":0,
            "500m이내병원수":0,
            "5km이내대형병원수":2,
            "500m이내공원수":1,
            "3km이내혐오시설수":0,
            "초등학교학업성취도":90.49,
            "중학교학업성취도":88.0,
            "용적률":105,
            "건폐율":38,
            "Y":37.65181,
            "X":126.692795,
            "rank":135.0,
            "area_info":"32평(107.62), 32평(107.62), 32평(107.62), 32평(107.57), 32평(108.04), 32평(108.21), 32평(108.21), 32평(108.21), 32평(108.34), 32평(108.04), 32평(108.04)",
            "last_sales":"1800-01-01,nan,32평(107.62)"
        },
        {
            "index":441,
            "아파트명":"김포",
            "투자타입":"재건축",
            "전용면적(m2)":"52.32",
            "전용면적(평)":"15평",
            "법정동주소":"경기도 김포시 사우동 238-5",
            "도로명주소":"경기도 김포시 사우중로3번길 35",
            "세대수":0,
            "입주년차":"--",
            "용적률점수":100,
            "건폐율점수":0,
            "세대당주차수":"--",
            "난방방식":"--",
            "공급면적":50,
            "전용률":40,
            "욕실수":"--",
            "현관타입":"--",
            "주거총점":44.5,
            "지역구공급총점":50.0,
            "역세권":0,
            "30분내 이동가능 거점":0,
            "1시간내 이동가능 거점":50,
            "교통총점":10.0,
            "백화점":0,
            "아울렛몰":0,
            "대형마트":0,
            "은행":20,
            "병원":30,
            "종합병원":100,
            "공원":100,
            "혐오시설":0,
            "인프라총점":28.0,
            "초등학군":93.52,
            "중학군":44.62,
            "학군총점":54.4,
            "인구수":50.28,
            "인구증감":43.56,
            "인구총점":48.264,
            "일자리":22.9,
            "소득수준":53.37,
            "일자리총점":32.041,
            "가치 총점":28.96,
            "매매실거래년":20210814.0,
            "매매실거래가":15000.0,
            "전세실거래년":20220104.0,
            "전세실거래가":10000.0,
            "전세가율":116.28,
            "장기전세가율평균":67.15,
            "전세가율거품지수":-49.13,
            "검색코드":9282,
            "세대수":239.0,
            "준공년월":"1986-12-30",
            "준공년차":37.0,
            "가까운역이름":"완정",
            "가까운역거리":4432.08,
            "역세권여부":"비역세권",
            "30분이내주요거점역":0,
            "1시간이내주요거점역":5,
            "3km이내백화점수":0,
            "5km이내아울렛몰수":0,
            "1km이내대형먀트수":0,
            "500m이내은행수":2,
            "500m이내병원수":5,
            "5km이내대형병원수":2,
            "500m이내공원수":2,
            "3km이내혐오시설수":0,
            "초등학교학업성취도":93.52,
            "중학교학업성취도":72.7,
            "용적률":129,
            "건폐율":0,
            "Y":37.61675,
            "X":126.71354,
            "rank":136.0,
            "area_info":"15평(52.32), 16평(55.46), 18평(60.97), 18평(61.31), 19평(63.67), 19평(63.45)",
            "last_sales":"2021-08-14,15000.0,19평(63.45)"
        },
        {
            "index":416,
            "아파트명":"풍년2단지영풍",
            "투자타입":"일반",
            "전용면적(m2)":"117.36",
            "전용면적(평)":"35평",
            "법정동주소":"경기도 김포시 북변동 832",
            "도로명주소":"경기도 김포시 김포대로926번길 137",
            "세대수":0,
            "입주년차":20,
            "용적률점수":"--",
            "건폐율점수":"--",
            "세대당주차수":60,
            "난방방식":30,
            "공급면적":"--",
            "전용률":"--",
            "욕실수":100,
            "현관타입":100,
            "주거총점":36.0,
            "지역구공급총점":50.0,
            "역세권":0,
            "30분내 이동가능 거점":0,
            "1시간내 이동가능 거점":70,
            "교통총점":14.0,
            "백화점":0,
            "아울렛몰":0,
            "대형마트":0,
            "은행":0,
            "병원":60,
            "종합병원":80,
            "공원":100,
            "혐오시설":0,
            "인프라총점":25.0,
            "초등학군":93.52,
            "중학군":54.34,
            "학군총점":62.176,
            "인구수":50.28,
            "인구증감":43.56,
            "인구총점":48.264,
            "일자리":22.9,
            "소득수준":53.37,
            "일자리총점":32.041,
            "가치 총점":28.9264,
            "매매실거래년":20210927.0,
            "매매실거래가":59000.0,
            "전세실거래년":20210826.0,
            "전세실거래가":40000.0,
            "전세가율":67.8,
            "장기전세가율평균":67.15,
            "전세가율거품지수":-0.65,
            "검색코드":4709,
            "세대수":288.0,
            "준공년월":"1999-05-03",
            "준공년차":24.0,
            "가까운역이름":"완정",
            "가까운역거리":5486.65,
            "역세권여부":"비역세권",
            "30분이내주요거점역":0,
            "1시간이내주요거점역":7,
            "3km이내백화점수":0,
            "5km이내아울렛몰수":0,
            "1km이내대형먀트수":0,
            "500m이내은행수":0,
            "500m이내병원수":18,
            "5km이내대형병원수":1,
            "500m이내공원수":4,
            "3km이내혐오시설수":0,
            "초등학교학업성취도":93.52,
            "중학교학업성취도":88.3,
            "용적률":206,
            "건폐율":15,
            "Y":37.62426,
            "X":126.72132,
            "rank":137.0,
            "area_info":"35평(117.36), 48평(158.9)",
            "last_sales":"2021-09-27,59000.0,35평(117.36)"
        },
        {
            "index":468,
            "아파트명":"풍년1단지대우",
            "투자타입":"일반",
            "전용면적(m2)":"104.21",
            "전용면적(평)":"31평",
            "법정동주소":"경기도 김포시 사우동 1475",
            "도로명주소":"경기도 김포시 사우중로74번길 66",
            "세대수":0,
            "입주년차":20,
            "용적률점수":"--",
            "건폐율점수":"--",
            "세대당주차수":60,
            "난방방식":30,
            "공급면적":"--",
            "전용률":"--",
            "욕실수":100,
            "현관타입":100,
            "주거총점":36.0,
            "지역구공급총점":50.0,
            "역세권":0,
            "30분내 이동가능 거점":0,
            "1시간내 이동가능 거점":70,
            "교통총점":14.0,
            "백화점":0,
            "아울렛몰":0,
            "대형마트":0,
            "은행":0,
            "병원":60,
            "종합병원":80,
            "공원":100,
            "혐오시설":0,
            "인프라총점":25.0,
            "초등학군":86.24,
            "중학군":54.34,
            "학군총점":60.72,
            "인구수":50.28,
            "인구증감":43.56,
            "인구총점":48.264,
            "일자리":22.9,
            "소득수준":53.37,
            "일자리총점":32.041,
            "가치 총점":28.708,
            "매매실거래년":20211222.0,
            "매매실거래가":49500.0,
            "전세실거래년":20211228.0,
            "전세실거래가":28000.0,
            "전세가율":90.32,
            "장기전세가율평균":67.15,
            "전세가율거품지수":-23.17,
            "검색코드":8226,
            "세대수":138.0,
            "준공년월":"2002-12-27",
            "준공년차":21.0,
            "가까운역이름":"완정",
            "가까운역거리":5540.32,
            "역세권여부":"비역세권",
            "30분이내주요거점역":0,
            "1시간이내주요거점역":7,
            "3km이내백화점수":0,
            "5km이내아울렛몰수":0,
            "1km이내대형먀트수":0,
            "500m이내은행수":0,
            "500m이내병원수":12,
            "5km이내대형병원수":1,
            "500m이내공원수":4,
            "3km이내혐오시설수":0,
            "초등학교학업성취도":86.24,
            "중학교학업성취도":88.3,
            "용적률":250,
            "건폐율":16,
            "Y":37.623284,
            "X":126.723077,
            "rank":138.0,
            "area_info":"31평(104.21), 43평(144.07)",
            "last_sales":"2021-12-22,49500.0,43평(144.07)"
        },
        {
            "index":779,
            "아파트명":"e편한세상김포로얄하임",
            "투자타입":"일반",
            "전용면적(m2)":"90.44",
            "전용면적(평)":"27평",
            "법정동주소":"경기도 김포시 통진읍 마송리 513",
            "도로명주소":"경기도 김포시 마송1로 122",
            "세대수":50,
            "입주년차":100,
            "용적률점수":"--",
            "건폐율점수":"--",
            "세대당주차수":30,
            "난방방식":100,
            "공급면적":"--",
            "전용률":"--",
            "욕실수":100,
            "현관타입":100,
            "주거총점":72.0,
            "지역구공급총점":50.0,
            "역세권":0,
            "30분내 이동가능 거점":0,
            "1시간내 이동가능 거점":0,
            "교통총점":0.0,
            "백화점":0,
            "아울렛몰":0,
            "대형마트":100,
            "은행":0,
            "병원":60,
            "종합병원":0,
            "공원":100,
            "혐오시설":0,
            "인프라총점":24.0,
            "초등학군":85.47,
            "중학군":37.26,
            "학군총점":46.902,
            "인구수":50.28,
            "인구증감":43.56,
            "인구총점":48.264,
            "일자리":22.9,
            "소득수준":53.37,
            "일자리총점":32.041,
            "가치 총점":28.6353,
            "매매실거래년":20211207.0,
            "매매실거래가":28523.0,
            "전세실거래년":null,
            "전세실거래가":null,
            "전세가율":null,
            "장기전세가율평균":67.15,
            "전세가율거품지수":null,
            "검색코드":127111,
            "세대수":574.0,
            "준공년월":"2021-06-01",
            "준공년차":2.0,
            "가까운역이름":"검단오류",
            "가까운역거리":10876.0,
            "역세권여부":"비역세권",
            "30분이내주요거점역":0,
            "1시간이내주요거점역":0,
            "3km이내백화점수":0,
            "5km이내아울렛몰수":0,
            "1km이내대형먀트수":2,
            "500m이내은행수":1,
            "500m이내병원수":19,
            "5km이내대형병원수":0,
            "500m이내공원수":3,
            "3km이내혐오시설수":0,
            "초등학교학업성취도":85.47,
            "중학교학업성취도":62.1,
            "용적률":199,
            "건폐율":18,
            "Y":37.689449,
            "X":126.595658,
            "rank":139.0,
            "area_info":"27평(90.44), 27평(91.55), 30평(100.56), 30평(101.46), 33평(112.31), 34평(112.47), 34평(113.43), 34평(113.14)",
            "last_sales":"2021-12-07,28523.0,33평(112.31)"
        },
        {
            "index":526,
            "아파트명":"라피아노",
            "투자타입":"일반",
            "전용면적(m2)":"91.13",
            "전용면적(평)":"27평",
            "법정동주소":"경기도 김포시 운양동 1341-41",
            "도로명주소":"경기도 김포시 모담공원로28번길 46-26",
            "세대수":0,
            "입주년차":100,
            "용적률점수":"--",
            "건폐율점수":"--",
            "세대당주차수":30,
            "난방방식":30,
            "공급면적":"--",
            "전용률":"--",
            "욕실수":100,
            "현관타입":100,
            "주거총점":47.5,
            "지역구공급총점":50.0,
            "역세권":0,
            "30분내 이동가능 거점":0,
            "1시간내 이동가능 거점":40,
            "교통총점":8.0,
            "백화점":0,
            "아울렛몰":0,
            "대형마트":0,
            "은행":0,
            "병원":30,
            "종합병원":100,
            "공원":0,
            "혐오시설":0,
            "인프라총점":23.0,
            "초등학군":90.49,
            "중학군":53.84,
            "학군총점":61.17,
            "인구수":50.28,
            "인구증감":43.56,
            "인구총점":48.264,
            "일자리":22.9,
            "소득수준":53.37,
            "일자리총점":32.041,
            "가치 총점":28.3755,
            "매매실거래년":"18000101",
            "매매실거래가":null,
            "전세실거래년":null,
            "전세실거래가":null,
            "전세가율":null,
            "장기전세가율평균":67.15,
            "전세가율거품지수":null,
            "검색코드":117538,
            "세대수":174.0,
            "준공년월":"2019-02-01",
            "준공년차":4.0,
            "가까운역이름":"검단사거리",
            "가까운역거리":5956.35,
            "역세권여부":"비역세권",
            "30분이내주요거점역":0,
            "1시간이내주요거점역":4,
            "3km이내백화점수":0,
            "5km이내아울렛몰수":0,
            "1km이내대형먀트수":0,
            "500m이내은행수":0,
            "500m이내병원수":9,
            "5km이내대형병원수":2,
            "500m이내공원수":0,
            "3km이내혐오시설수":0,
            "초등학교학업성취도":90.49,
            "중학교학업성취도":88.0,
            "용적률":0,
            "건폐율":0,
            "Y":37.65027,
            "X":126.686035,
            "rank":140.0,
            "area_info":"27평(91.13), 27평(91.13), 27평(91.13), 27평(91.13), 27평(91.13), 28평(94.74), 28평(94.74), 28평(94.74), 28평(94.74), 31평(102.76), 31평(102.76), 31평(102.76), 31평(103.45), 31평(105.64), 31평(105.64), 31평(105.64), 32평(106.33), 32평(106.08), 32평(106.78), 32평(106.33), 32평(106.78), 32평(106.08), 32평(106.08), 32평(106.43), 32평(106.45), 32평(106.32), 32평(106.3)",
            "last_sales":"1800-01-01,nan,27평(91.13)"
        },
        {
            "index":591,
            "아파트명":"하늘빛마을일성트루엘",
            "투자타입":"일반",
            "전용면적(m2)":"135.12",
            "전용면적(평)":"40평",
            "법정동주소":"경기도 김포시 운양동 1294-2",
            "도로명주소":"경기도 김포시 김포한강1로 307",
            "세대수":0,
            "입주년차":60,
            "용적률점수":"--",
            "건폐율점수":"--",
            "세대당주차수":80,
            "난방방식":100,
            "공급면적":"--",
            "전용률":"--",
            "욕실수":100,
            "현관타입":100,
            "주거총점":54.0,
            "지역구공급총점":50.0,
            "역세권":0,
            "30분내 이동가능 거점":0,
            "1시간내 이동가능 거점":30,
            "교통총점":6.0,
            "백화점":0,
            "아울렛몰":0,
            "대형마트":0,
            "은행":0,
            "병원":10,
            "종합병원":100,
            "공원":0,
            "혐오시설":0,
            "인프라총점":21.0,
            "초등학군":90.49,
            "중학군":53.84,
            "학군총점":61.17,
            "인구수":50.28,
            "인구증감":43.56,
            "인구총점":48.264,
            "일자리":22.9,
            "소득수준":53.37,
            "일자리총점":32.041,
            "가치 총점":28.3755,
            "매매실거래년":"18000101",
            "매매실거래가":null,
            "전세실거래년":null,
            "전세실거래가":null,
            "전세가율":null,
            "장기전세가율평균":67.15,
            "전세가율거품지수":null,
            "검색코드":102520,
            "세대수":168.0,
            "준공년월":"2012-04-12",
            "준공년차":11.0,
            "가까운역이름":"대화",
            "가까운역거리":5686.48,
            "역세권여부":"비역세권",
            "30분이내주요거점역":0,
            "1시간이내주요거점역":3,
            "3km이내백화점수":0,
            "5km이내아울렛몰수":0,
            "1km이내대형먀트수":0,
            "500m이내은행수":0,
            "500m이내병원수":4,
            "5km이내대형병원수":2,
            "500m이내공원수":0,
            "3km이내혐오시설수":0,
            "초등학교학업성취도":90.49,
            "중학교학업성취도":88.0,
            "용적률":99,
            "건폐율":35,
            "Y":37.652826,
            "X":126.690036,
            "rank":140.0,
            "area_info":"40평(135.12), 43평(142.45), 46평(152.31), 49평(163.89), 49평(164.7), 57평(191.29), 62평(207.01)",
            "last_sales":"1800-01-01,nan,40평(135.12)"
        },
        {
            "index":48,
            "아파트명":"효성",
            "투자타입":"일반",
            "전용면적(m2)":"112.56",
            "전용면적(평)":"34평",
            "법정동주소":"경기도 김포시 감정동 662",
            "도로명주소":"경기도 김포시 봉화로181번길 31-15",
            "세대수":0,
            "입주년차":0,
            "용적률점수":"--",
            "건폐율점수":"--",
            "세대당주차수":30,
            "난방방식":30,
            "공급면적":"--",
            "전용률":"--",
            "욕실수":100,
            "현관타입":100,
            "주거총점":27.5,
            "지역구공급총점":50.0,
            "역세권":0,
            "30분내 이동가능 거점":0,
            "1시간내 이동가능 거점":30,
            "교통총점":6.0,
            "백화점":0,
            "아울렛몰":0,
            "대형마트":80,
            "은행":0,
            "병원":60,
            "종합병원":100,
            "공원":100,
            "혐오시설":0,
            "인프라총점":41.0,
            "초등학군":83.82,
            "중학군":49.64,
            "학군총점":56.476,
            "인구수":50.28,
            "인구증감":43.56,
            "인구총점":48.264,
            "일자리":22.9,
            "소득수준":53.37,
            "일자리총점":32.041,
            "가치 총점":28.3714,
            "매매실거래년":20211115.0,
            "매매실거래가":43700.0,
            "전세실거래년":20211217.0,
            "전세실거래가":19950.0,
            "전세가율":45.65,
            "장기전세가율평균":67.15,
            "전세가율거품지수":21.5,
            "검색코드":3870,
            "세대수":242.0,
            "준공년월":"1996-07-19",
            "준공년차":27.0,
            "가까운역이름":"마전",
            "가까운역거리":4440.82,
            "역세권여부":"비역세권",
            "30분이내주요거점역":0,
            "1시간이내주요거점역":3,
            "3km이내백화점수":0,
            "5km이내아울렛몰수":0,
            "1km이내대형먀트수":1,
            "500m이내은행수":1,
            "500m이내병원수":18,
            "5km이내대형병원수":4,
            "500m이내공원수":3,
            "3km이내혐오시설수":0,
            "초등학교학업성취도":83.82,
            "중학교학업성취도":81.4,
            "용적률":217,
            "건폐율":20,
            "Y":37.62679,
            "X":126.70136,
            "rank":141.0,
            "area_info":"34평(112.56), 41평(138.44)",
            "last_sales":"2021-11-15,43700.0,34평(112.56)"
        },
        {
            "index":502,
            "아파트명":"한강금호어울림1단지",
            "투자타입":"일반",
            "전용면적(m2)":"80.67",
            "전용면적(평)":"24평",
            "법정동주소":"경기도 김포시 양촌읍 양곡리 1268",
            "도로명주소":"경기도 김포시 양곡로449번길 15",
            "세대수":50,
            "입주년차":100,
            "용적률점수":"--",
            "건폐율점수":"--",
            "세대당주차수":30,
            "난방방식":100,
            "공급면적":"--",
            "전용률":"--",
            "욕실수":100,
            "현관타입":100,
            "주거총점":72.0,
            "지역구공급총점":50.0,
            "역세권":0,
            "30분내 이동가능 거점":0,
            "1시간내 이동가능 거점":0,
            "교통총점":0.0,
            "백화점":0,
            "아울렛몰":0,
            "대형마트":0,
            "은행":0,
            "병원":0,
            "종합병원":80,
            "공원":100,
            "혐오시설":0,
            "인프라총점":19.0,
            "초등학군":100.0,
            "중학군":43.48,
            "학군총점":54.784,
            "인구수":50.28,
            "인구증감":43.56,
            "인구총점":48.264,
            "일자리":22.9,
            "소득수준":53.37,
            "일자리총점":32.041,
            "가치 총점":28.3176,
            "매매실거래년":20210323.0,
            "매매실거래가":44500.0,
            "전세실거래년":20201230.0,
            "전세실거래가":23300.0,
            "전세가율":97.9,
            "장기전세가율평균":67.15,
            "전세가율거품지수":-30.75,
            "검색코드":120231,
            "세대수":406.0,
            "준공년월":"2020-03-16",
            "준공년차":3.0,
            "가까운역이름":"검단사거리",
            "가까운역거리":6601.92,
            "역세권여부":"비역세권",
            "30분이내주요거점역":0,
            "1시간이내주요거점역":0,
            "3km이내백화점수":0,
            "5km이내아울렛몰수":0,
            "1km이내대형먀트수":0,
            "500m이내은행수":0,
            "500m이내병원수":0,
            "5km이내대형병원수":1,
            "500m이내공원수":6,
            "3km이내혐오시설수":0,
            "초등학교학업성취도":100.0,
            "중학교학업성취도":69.4,
            "용적률":189,
            "건폐율":21,
            "Y":37.658151,
            "X":126.633308,
            "rank":142.0,
            "area_info":"24평(80.67), 24평(81.11), 24평(81.28), 30평(99.94), 30평(100.39), 30평(100.74), 30평(100.66), 33평(109.9), 33평(110.6), 33평(110.91)",
            "last_sales":"2021-03-23,44500.0,33평(110.91)"
        },
        {
            "index":512,
            "아파트명":"한강금호어울림2단지",
            "투자타입":"일반",
            "전용면적(m2)":"100.44",
            "전용면적(평)":"30평",
            "법정동주소":"경기도 김포시 양촌읍 양곡리 1241",
            "도로명주소":"경기도 김포시 양곡4로197번길 12",
            "세대수":50,
            "입주년차":100,
            "용적률점수":"--",
            "건폐율점수":"--",
            "세대당주차수":30,
            "난방방식":100,
            "공급면적":"--",
            "전용률":"--",
            "욕실수":100,
            "현관타입":100,
            "주거총점":72.0,
            "지역구공급총점":50.0,
            "역세권":0,
            "30분내 이동가능 거점":0,
            "1시간내 이동가능 거점":0,
            "교통총점":0.0,
            "백화점":0,
            "아울렛몰":0,
            "대형마트":0,
            "은행":0,
            "병원":0,
            "종합병원":80,
            "공원":100,
            "혐오시설":0,
            "인프라총점":19.0,
            "초등학군":100.0,
            "중학군":43.48,
            "학군총점":54.784,
            "인구수":50.28,
            "인구증감":43.56,
            "인구총점":48.264,
            "일자리":22.9,
            "소득수준":53.37,
            "일자리총점":32.041,
            "가치 총점":28.3176,
            "매매실거래년":20211127.0,
            "매매실거래가":46000.0,
            "전세실거래년":20210806.0,
            "전세실거래가":30000.0,
            "전세가율":75.0,
            "장기전세가율평균":67.15,
            "전세가율거품지수":-7.85,
            "검색코드":120232,
            "세대수":467.0,
            "준공년월":"2020-03-16",
            "준공년차":3.0,
            "가까운역이름":"검단사거리",
            "가까운역거리":6894.96,
            "역세권여부":"비역세권",
            "30분이내주요거점역":0,
            "1시간이내주요거점역":0,
            "3km이내백화점수":0,
            "5km이내아울렛몰수":0,
            "1km이내대형먀트수":0,
            "500m이내은행수":0,
            "500m이내병원수":0,
            "5km이내대형병원수":1,
            "500m이내공원수":5,
            "3km이내혐오시설수":0,
            "초등학교학업성취도":100.0,
            "중학교학업성취도":69.4,
            "용적률":189,
            "건폐율":18,
            "Y":37.660498,
            "X":126.631685,
            "rank":142.0,
            "area_info":"30평(100.44), 30평(100.79), 30평(100.7), 33평(110.23), 33평(110.92), 33평(111.24)",
            "last_sales":"2021-11-27,46000.0,33평(111.24)"
        },
        {
            "index":471,
            "아파트명":"풍년1단지삼보",
            "투자타입":"일반",
            "전용면적(m2)":"100.61",
            "전용면적(평)":"30평",
            "법정동주소":"경기도 김포시 사우동 856",
            "도로명주소":"경기도 김포시 풍년로 9",
            "세대수":30,
            "입주년차":0,
            "용적률점수":"--",
            "건폐율점수":"--",
            "세대당주차수":30,
            "난방방식":30,
            "공급면적":"--",
            "전용률":"--",
            "욕실수":100,
            "현관타입":100,
            "주거총점":38.0,
            "지역구공급총점":50.0,
            "역세권":0,
            "30분내 이동가능 거점":0,
            "1시간내 이동가능 거점":70,
            "교통총점":14.0,
            "백화점":0,
            "아울렛몰":0,
            "대형마트":0,
            "은행":0,
            "병원":30,
            "종합병원":80,
            "공원":100,
            "혐오시설":0,
            "인프라총점":22.0,
            "초등학군":86.24,
            "중학군":54.34,
            "학군총점":60.72,
            "인구수":50.28,
            "인구증감":43.56,
            "인구총점":48.264,
            "일자리":22.9,
            "소득수준":53.37,
            "일자리총점":32.041,
            "가치 총점":28.208,
            "매매실거래년":20211004.0,
            "매매실거래가":43500.0,
            "전세실거래년":20211122.0,
            "전세실거래가":35000.0,
            "전세가율":80.46,
            "장기전세가율평균":67.15,
            "전세가율거품지수":-13.31,
            "검색코드":3931,
            "세대수":308.0,
            "준공년월":"1998-11-18",
            "준공년차":25.0,
            "가까운역이름":"마두",
            "가까운역거리":5647.79,
            "역세권여부":"비역세권",
            "30분이내주요거점역":0,
            "1시간이내주요거점역":7,
            "3km이내백화점수":0,
            "5km이내아울렛몰수":0,
            "1km이내대형먀트수":0,
            "500m이내은행수":0,
            "500m이내병원수":9,
            "5km이내대형병원수":1,
            "500m이내공원수":3,
            "3km이내혐오시설수":0,
            "초등학교학업성취도":86.24,
            "중학교학업성취도":88.3,
            "용적률":206,
            "건폐율":16,
            "Y":37.62443,
            "X":126.72392,
            "rank":143.0,
            "area_info":"30평(100.61)",
            "last_sales":"2021-10-04,43500.0,30평(100.61)"
        },
        {
            "index":335,
            "아파트명":"호반베르디움더레이크5차",
            "투자타입":"일반",
            "전용면적(m2)":"95.3",
            "전용면적(평)":"28평",
            "법정동주소":"경기도 김포시 구래동 6877-2",
            "도로명주소":"경기도 김포시 김포한강4로420번길 19",
            "세대수":0,
            "입주년차":80,
            "용적률점수":"--",
            "건폐율점수":"--",
            "세대당주차수":60,
            "난방방식":100,
            "공급면적":"--",
            "전용률":"--",
            "욕실수":100,
            "현관타입":100,
            "주거총점":55.0,
            "지역구공급총점":50.0,
            "역세권":0,
            "30분내 이동가능 거점":0,
            "1시간내 이동가능 거점":10,
            "교통총점":2.0,
            "백화점":0,
            "아울렛몰":0,
            "대형마트":80,
            "은행":0,
            "병원":0,
            "종합병원":80,
            "공원":100,
            "혐오시설":-100,
            "인프라총점":29.0,
            "초등학군":83.84,
            "중학군":43.48,
            "학군총점":51.552,
            "인구수":50.28,
            "인구증감":43.56,
            "인구총점":48.264,
            "일자리":22.9,
            "소득수준":53.37,
            "일자리총점":32.041,
            "가치 총점":28.1328,
            "매매실거래년":20211203.0,
            "매매실거래가":60300.0,
            "전세실거래년":20211025.0,
            "전세실거래가":35000.0,
            "전세가율":94.59,
            "장기전세가율평균":67.15,
            "전세가율거품지수":-27.44,
            "검색코드":115498,
            "세대수":266.0,
            "준공년월":"2018-08-31",
            "준공년차":5.0,
            "가까운역이름":"검단사거리",
            "가까운역거리":5657.35,
            "역세권여부":"비역세권",
            "30분이내주요거점역":0,
            "1시간이내주요거점역":1,
            "3km이내백화점수":0,
            "5km이내아울렛몰수":0,
            "1km이내대형먀트수":1,
            "500m이내은행수":0,
            "500m이내병원수":1,
            "5km이내대형병원수":1,
            "500m이내공원수":2,
            "3km이내혐오시설수":2,
            "초등학교학업성취도":83.84,
            "중학교학업성취도":69.4,
            "용적률":119,
            "건폐율":12,
            "Y":37.649765,
            "X":126.635507,
            "rank":144.0,
            "area_info":"28평(95.3), 34평(112.87)",
            "last_sales":"2021-12-03,60300.0,34평(112.87)"
        },
        {
            "index":797,
            "아파트명":"김포길훈",
            "투자타입":"일반",
            "전용면적(m2)":"74.13",
            "전용면적(평)":"22평",
            "법정동주소":"경기도 김포시 풍무동 1",
            "도로명주소":"경기도 김포시 장릉로 56",
            "세대수":50,
            "입주년차":0,
            "용적률점수":"--",
            "건폐율점수":"--",
            "세대당주차수":0,
            "난방방식":30,
            "공급면적":"--",
            "전용률":"--",
            "욕실수":50,
            "현관타입":100,
            "주거총점":35.5,
            "지역구공급총점":50.0,
            "역세권":0,
            "30분내 이동가능 거점":0,
            "1시간내 이동가능 거점":40,
            "교통총점":8.0,
            "백화점":0,
            "아울렛몰":0,
            "대형마트":80,
            "은행":0,
            "병원":0,
            "종합병원":100,
            "공원":80,
            "혐오시설":0,
            "인프라총점":34.4,
            "초등학군":82.39,
            "중학군":44.62,
            "학군총점":52.174,
            "인구수":50.28,
            "인구증감":43.56,
            "인구총점":48.264,
            "일자리":22.9,
            "소득수준":53.37,
            "일자리총점":32.041,
            "가치 총점":28.0461,
            "매매실거래년":20211225.0,
            "매매실거래가":37000.0,
            "전세실거래년":20211005.0,
            "전세실거래가":16000.0,
            "전세가율":80.0,
            "장기전세가율평균":67.15,
            "전세가율거품지수":-12.85,
            "검색코드":3922,
            "세대수":496.0,
            "준공년월":"1993-05-03",
            "준공년차":30.0,
            "가까운역이름":"완정",
            "가까운역거리":4640.97,
            "역세권여부":"비역세권",
            "30분이내주요거점역":0,
            "1시간이내주요거점역":4,
            "3km이내백화점수":0,
            "5km이내아울렛몰수":0,
            "1km이내대형먀트수":1,
            "500m이내은행수":1,
            "500m이내병원수":1,
            "5km이내대형병원수":2,
            "500m이내공원수":1,
            "3km이내혐오시설수":0,
            "초등학교학업성취도":82.39,
            "중학교학업성취도":72.7,
            "용적률":204,
            "건폐율":18,
            "Y":37.61319,
            "X":126.71926,
            "rank":145.0,
            "area_info":"22평(74.13), 31평(105.44), 51평(169.3)",
            "last_sales":"2021-12-25,37000.0,51평(169.3)"
        },
        {
            "index":823,
            "아파트명":"당곡2단지현대",
            "투자타입":"일반",
            "전용면적(m2)":"104.03",
            "전용면적(평)":"31평",
            "법정동주소":"경기도 김포시 풍무동 743",
            "도로명주소":"경기도 김포시 풍무로 35",
            "세대수":50,
            "입주년차":20,
            "용적률점수":"--",
            "건폐율점수":"--",
            "세대당주차수":30,
            "난방방식":30,
            "공급면적":"--",
            "전용률":"--",
            "욕실수":100,
            "현관타입":100,
            "주거총점":49.0,
            "지역구공급총점":50.0,
            "역세권":0,
            "30분내 이동가능 거점":0,
            "1시간내 이동가능 거점":10,
            "교통총점":2.0,
            "백화점":0,
            "아울렛몰":0,
            "대형마트":0,
            "은행":20,
            "병원":60,
            "종합병원":100,
            "공원":0,
            "혐오시설":0,
            "인프라총점":28.0,
            "초등학군":86.37,
            "중학군":54.4,
            "학군총점":60.794,
            "인구수":50.28,
            "인구증감":43.56,
            "인구총점":48.264,
            "일자리":22.9,
            "소득수준":53.37,
            "일자리총점":32.041,
            "가치 총점":28.0191,
            "매매실거래년":20210918.0,
            "매매실거래가":45000.0,
            "전세실거래년":20211123.0,
            "전세실거래가":21000.0,
            "전세가율":46.67,
            "장기전세가율평균":67.15,
            "전세가율거품지수":20.48,
            "검색코드":8160,
            "세대수":600.0,
            "준공년월":"2001-12-27",
            "준공년차":22.0,
            "가까운역이름":"계양",
            "가까운역거리":3356.25,
            "역세권여부":"비역세권",
            "30분이내주요거점역":0,
            "1시간이내주요거점역":1,
            "3km이내백화점수":0,
            "5km이내아울렛몰수":0,
            "1km이내대형먀트수":0,
            "500m이내은행수":2,
            "500m이내병원수":13,
            "5km이내대형병원수":2,
            "500m이내공원수":0,
            "3km이내혐오시설수":0,
            "초등학교학업성취도":86.37,
            "중학교학업성취도":88.8,
            "용적률":236,
            "건폐율":20,
            "Y":37.598773,
            "X":126.71942,
            "rank":146.0,
            "area_info":"31평(104.03), 43평(142.45), 50평(166.25)",
            "last_sales":"2021-09-18,45000.0,31평(104.03)"
        },
        {
            "index":569,
            "아파트명":"전원월드3단지",
            "투자타입":"일반",
            "전용면적(m2)":"82.37",
            "전용면적(평)":"24평",
            "법정동주소":"경기도 김포시 운양동 1439",
            "도로명주소":"경기도 김포시 전원로38번길 86",
            "세대수":30,
            "입주년차":20,
            "용적률점수":"--",
            "건폐율점수":"--",
            "세대당주차수":60,
            "난방방식":30,
            "공급면적":"--",
            "전용률":"--",
            "욕실수":100,
            "현관타입":100,
            "주거총점":46.5,
            "지역구공급총점":50.0,
            "역세권":0,
            "30분내 이동가능 거점":0,
            "1시간내 이동가능 거점":40,
            "교통총점":8.0,
            "백화점":0,
            "아울렛몰":0,
            "대형마트":0,
            "은행":0,
            "병원":10,
            "종합병원":100,
            "공원":80,
            "혐오시설":0,
            "인프라총점":23.4,
            "초등학군":88.9,
            "중학군":50.82,
            "학군총점":58.436,
            "인구수":50.28,
            "인구증감":43.56,
            "인구총점":48.264,
            "일자리":22.9,
            "소득수준":53.37,
            "일자리총점":32.041,
            "가치 총점":27.8854,
            "매매실거래년":20211113.0,
            "매매실거래가":65000.0,
            "전세실거래년":20220110.0,
            "전세실거래가":17850.0,
            "전세가율":51.29,
            "장기전세가율평균":67.15,
            "전세가율거품지수":15.86,
            "검색코드":3868,
            "세대수":324.0,
            "준공년월":"2000-04-07",
            "준공년차":23.0,
            "가까운역이름":"검단사거리",
            "가까운역거리":5539.45,
            "역세권여부":"비역세권",
            "30분이내주요거점역":0,
            "1시간이내주요거점역":4,
            "3km이내백화점수":0,
            "5km이내아울렛몰수":0,
            "1km이내대형먀트수":0,
            "500m이내은행수":0,
            "500m이내병원수":2,
            "5km이내대형병원수":2,
            "500m이내공원수":1,
            "3km이내혐오시설수":0,
            "초등학교학업성취도":88.9,
            "중학교학업성취도":83.9,
            "용적률":230,
            "건폐율":22,
            "Y":37.6452,
            "X":126.6881,
            "rank":147.0,
            "area_info":"24평(82.37), 34평(114.18), 49평(164.92), 62평(205.47)",
            "last_sales":"2021-11-13,65000.0,62평(205.47)"
        },
        {
            "index":718,
            "아파트명":"청송현대홈타운1단지",
            "투자타입":"일반",
            "전용면적(m2)":"106.68",
            "전용면적(평)":"32평",
            "법정동주소":"경기도 김포시 장기동 1339",
            "도로명주소":"경기도 김포시 청송로 70",
            "세대수":50,
            "입주년차":20,
            "용적률점수":"--",
            "건폐율점수":"--",
            "세대당주차수":60,
            "난방방식":30,
            "공급면적":"--",
            "전용률":"--",
            "욕실수":100,
            "현관타입":100,
            "주거총점":53.5,
            "지역구공급총점":50.0,
            "역세권":0,
            "30분내 이동가능 거점":0,
            "1시간내 이동가능 거점":20,
            "교통총점":4.0,
            "백화점":0,
            "아울렛몰":0,
            "대형마트":0,
            "은행":0,
            "병원":10,
            "종합병원":100,
            "공원":100,
            "혐오시설":0,
            "인프라총점":24.0,
            "초등학군":87.8,
            "중학군":47.36,
            "학군총점":55.448,
            "인구수":50.28,
            "인구증감":43.56,
            "인구총점":48.264,
            "일자리":22.9,
            "소득수준":53.37,
            "일자리총점":32.041,
            "가치 총점":27.6172,
            "매매실거래년":20211128.0,
            "매매실거래가":53800.0,
            "전세실거래년":20210806.0,
            "전세실거래가":19000.0,
            "전세가율":39.58,
            "장기전세가율평균":67.15,
            "전세가율거품지수":27.57,
            "검색코드":3586,
            "세대수":418.0,
            "준공년월":"2001-12-08",
            "준공년차":22.0,
            "가까운역이름":"검단사거리",
            "가까운역거리":5545.95,
            "역세권여부":"비역세권",
            "30분이내주요거점역":0,
            "1시간이내주요거점역":2,
            "3km이내백화점수":0,
            "5km이내아울렛몰수":0,
            "1km이내대형먀트수":0,
            "500m이내은행수":0,
            "500m이내병원수":2,
            "5km이내대형병원수":2,
            "500m이내공원수":3,
            "3km이내혐오시설수":0,
            "초등학교학업성취도":87.8,
            "중학교학업성취도":77.8,
            "용적률":215,
            "건폐율":17,
            "Y":37.650453,
            "X":126.671244,
            "rank":148.0,
            "area_info":"32평(106.68), 42평(141.63), 51평(170.19)",
            "last_sales":"2021-11-28,53800.0,42평(141.63)"
        },
        {
            "index":8,
            "아파트명":"북변건영",
            "투자타입":"일반",
            "전용면적(m2)":"88.66",
            "전용면적(평)":"26평",
            "법정동주소":"경기도 김포시 감정동 672",
            "도로명주소":"경기도 김포시 봉화로167번길 35-9",
            "세대수":0,
            "입주년차":0,
            "용적률점수":"--",
            "건폐율점수":"--",
            "세대당주차수":0,
            "난방방식":30,
            "공급면적":"--",
            "전용률":"--",
            "욕실수":100,
            "현관타입":100,
            "주거총점":23.0,
            "지역구공급총점":50.0,
            "역세권":0,
            "30분내 이동가능 거점":0,
            "1시간내 이동가능 거점":30,
            "교통총점":6.0,
            "백화점":0,
            "아울렛몰":0,
            "대형마트":80,
            "은행":0,
            "병원":60,
            "종합병원":100,
            "공원":100,
            "혐오시설":0,
            "인프라총점":41.0,
            "초등학군":83.82,
            "중학군":49.64,
            "학군총점":56.476,
            "인구수":50.28,
            "인구증감":43.56,
            "인구총점":48.264,
            "일자리":22.9,
            "소득수준":53.37,
            "일자리총점":32.041,
            "가치 총점":27.4714,
            "매매실거래년":20201109.0,
            "매매실거래가":23600.0,
            "전세실거래년":null,
            "전세실거래가":null,
            "전세가율":null,
            "장기전세가율평균":67.15,
            "전세가율거품지수":null,
            "검색코드":2539,
            "세대수":150.0,
            "준공년월":"1995-05-10",
            "준공년차":28.0,
            "가까운역이름":"마전",
            "가까운역거리":4426.38,
            "역세권여부":"비역세권",
            "30분이내주요거점역":0,
            "1시간이내주요거점역":3,
            "3km이내백화점수":0,
            "5km이내아울렛몰수":0,
            "1km이내대형먀트수":1,
            "500m이내은행수":1,
            "500m이내병원수":18,
            "5km이내대형병원수":4,
            "500m이내공원수":4,
            "3km이내혐오시설수":0,
            "초등학교학업성취도":83.82,
            "중학교학업성취도":81.4,
            "용적률":227,
            "건폐율":22,
            "Y":37.625984,
            "X":126.702187,
            "rank":149.0,
            "area_info":"26평(88.66), 28평(92.99), 28평(94.51), 28평(94.66), 28평(94.27), 28평(94.63), 28평(94.66), 28평(94.75), 31평(105.21), 31평(105.21), 31평(105.21), 31평(105.21), 31평(105.25), 31평(105.21), 33평(110.48)",
            "last_sales":"2020-11-09,23600.0,31평(105.21)"
        },
        {
            "index":666,
            "아파트명":"한신더휴테라스9단지(도시형)",
            "투자타입":"일반",
            "전용면적(m2)":"78.67",
            "전용면적(평)":"23평",
            "법정동주소":"경기도 김포시 운양동 1293-4",
            "도로명주소":"경기도 김포시 김포한강11로 388",
            "세대수":0,
            "입주년차":80,
            "용적률점수":"--",
            "건폐율점수":"--",
            "세대당주차수":30,
            "난방방식":100,
            "공급면적":"--",
            "전용률":"--",
            "욕실수":100,
            "현관타입":100,
            "주거총점":50.5,
            "지역구공급총점":50.0,
            "역세권":0,
            "30분내 이동가능 거점":0,
            "1시간내 이동가능 거점":30,
            "교통총점":6.0,
            "백화점":0,
            "아울렛몰":0,
            "대형마트":0,
            "은행":0,
            "병원":0,
            "종합병원":100,
            "공원":0,
            "혐오시설":0,
            "인프라총점":20.0,
            "초등학군":90.49,
            "중학군":53.84,
            "학군총점":61.17,
            "인구수":50.28,
            "인구증감":43.56,
            "인구총점":48.264,
            "일자리":22.9,
            "소득수준":53.37,
            "일자리총점":32.041,
            "가치 총점":27.3755,
            "매매실거래년":"18000101",
            "매매실거래가":null,
            "전세실거래년":null,
            "전세실거래가":null,
            "전세가율":null,
            "장기전세가율평균":67.15,
            "전세가율거품지수":null,
            "검색코드":111318,
            "세대수":184.0,
            "준공년월":"2017-02-27",
            "준공년차":6.0,
            "가까운역이름":"대화",
            "가까운역거리":5571.34,
            "역세권여부":"비역세권",
            "30분이내주요거점역":0,
            "1시간이내주요거점역":3,
            "3km이내백화점수":0,
            "5km이내아울렛몰수":0,
            "1km이내대형먀트수":0,
            "500m이내은행수":0,
            "500m이내병원수":0,
            "5km이내대형병원수":2,
            "500m이내공원수":0,
            "3km이내혐오시설수":0,
            "초등학교학업성취도":90.49,
            "중학교학업성취도":88.0,
            "용적률":101,
            "건폐율":39,
            "Y":37.653396,
            "X":126.691137,
            "rank":150.0,
            "area_info":"23평(78.67), 23평(78.67), 23평(78.83)",
            "last_sales":"1800-01-01,nan,23평(78.67)"
        },
        {
            "index":820,
            "아파트명":"당곡1단지범양",
            "투자타입":"일반",
            "전용면적(m2)":"74.12",
            "전용면적(평)":"22평",
            "법정동주소":"경기도 김포시 풍무동 598-8",
            "도로명주소":"경기도 김포시 풍무로 36",
            "세대수":50,
            "입주년차":0,
            "용적률점수":"--",
            "건폐율점수":"--",
            "세대당주차수":30,
            "난방방식":30,
            "공급면적":"--",
            "전용률":"--",
            "욕실수":50,
            "현관타입":100,
            "주거총점":40.0,
            "지역구공급총점":50.0,
            "역세권":0,
            "30분내 이동가능 거점":0,
            "1시간내 이동가능 거점":20,
            "교통총점":4.0,
            "백화점":0,
            "아울렛몰":0,
            "대형마트":0,
            "은행":20,
            "병원":60,
            "종합병원":100,
            "공원":0,
            "혐오시설":0,
            "인프라총점":28.0,
            "초등학군":91.84,
            "중학군":54.4,
            "학군총점":61.888,
            "인구수":50.28,
            "인구증감":43.56,
            "인구총점":48.264,
            "일자리":22.9,
            "소득수준":53.37,
            "일자리총점":32.041,
            "가치 총점":27.0832,
            "매매실거래년":20220108.0,
            "매매실거래가":39000.0,
            "전세실거래년":20211114.0,
            "전세실거래가":17850.0,
            "전세가율":58.14,
            "장기전세가율평균":67.15,
            "전세가율거품지수":9.01,
            "검색코드":3923,
            "세대수":538.0,
            "준공년월":"1998-12-15",
            "준공년차":25.0,
            "가까운역이름":"계양",
            "가까운역거리":3319.02,
            "역세권여부":"비역세권",
            "30분이내주요거점역":0,
            "1시간이내주요거점역":2,
            "3km이내백화점수":0,
            "5km이내아울렛몰수":0,
            "1km이내대형먀트수":0,
            "500m이내은행수":2,
            "500m이내병원수":16,
            "5km이내대형병원수":2,
            "500m이내공원수":0,
            "3km이내혐오시설수":0,
            "초등학교학업성취도":91.84,
            "중학교학업성취도":88.8,
            "용적률":202,
            "건폐율":20,
            "Y":37.599073,
            "X":126.721328,
            "rank":151.0,
            "area_info":"22평(74.12), 30평(101.37), 42평(141.32)",
            "last_sales":"2022-01-08,39000.0,30평(101.37)"
        },
        {
            "index":50,
            "아파트명":"희영",
            "투자타입":"일반",
            "전용면적(m2)":"73.02",
            "전용면적(평)":"22평",
            "법정동주소":"경기도 김포시 감정동 521-1",
            "도로명주소":"경기도 김포시 중봉로58번길 20",
            "세대수":0,
            "입주년차":0,
            "용적률점수":"--",
            "건폐율점수":"--",
            "세대당주차수":0,
            "난방방식":30,
            "공급면적":"--",
            "전용률":"--",
            "욕실수":50,
            "현관타입":100,
            "주거총점":18.0,
            "지역구공급총점":50.0,
            "역세권":0,
            "30분내 이동가능 거점":0,
            "1시간내 이동가능 거점":30,
            "교통총점":6.0,
            "백화점":0,
            "아울렛몰":0,
            "대형마트":80,
            "은행":0,
            "병원":60,
            "종합병원":100,
            "공원":100,
            "혐오시설":0,
            "인프라총점":41.0,
            "초등학군":93.61,
            "중학군":49.64,
            "학군총점":58.434,
            "인구수":50.28,
            "인구증감":43.56,
            "인구총점":48.264,
            "일자리":22.9,
            "소득수준":53.37,
            "일자리총점":32.041,
            "가치 총점":26.7651,
            "매매실거래년":20211204.0,
            "매매실거래가":33500.0,
            "전세실거래년":20211026.0,
            "전세실거래가":22000.0,
            "전세가율":84.62,
            "장기전세가율평균":67.15,
            "전세가율거품지수":-17.47,
            "검색코드":3871,
            "세대수":298.0,
            "준공년월":"1997-07-24",
            "준공년차":26.0,
            "가까운역이름":"마전",
            "가까운역거리":4186.55,
            "역세권여부":"비역세권",
            "30분이내주요거점역":0,
            "1시간이내주요거점역":3,
            "3km이내백화점수":0,
            "5km이내아울렛몰수":0,
            "1km이내대형먀트수":1,
            "500m이내은행수":1,
            "500m이내병원수":18,
            "5km이내대형병원수":4,
            "500m이내공원수":2,
            "3km이내혐오시설수":0,
            "초등학교학업성취도":93.61,
            "중학교학업성취도":81.4,
            "용적률":0,
            "건폐율":0,
            "Y":37.626295,
            "X":126.697718,
            "rank":152.0,
            "area_info":"22평(73.02), 29평(99.04)",
            "last_sales":"2021-12-04,33500.0,29평(99.04)"
        },
        {
            "index":486,
            "아파트명":"김포한강삼정그린코아더베스트",
            "투자타입":"일반",
            "전용면적(m2)":"70.41",
            "전용면적(평)":"21평",
            "법정동주소":"경기도 김포시 양촌읍 양곡리 1551",
            "도로명주소":"경기도 김포시 양곡1로68번길 59",
            "세대수":50,
            "입주년차":100,
            "용적률점수":"--",
            "건폐율점수":"--",
            "세대당주차수":0,
            "난방방식":30,
            "공급면적":"--",
            "전용률":"--",
            "욕실수":50,
            "현관타입":100,
            "주거총점":55.5,
            "지역구공급총점":50.0,
            "역세권":0,
            "30분내 이동가능 거점":0,
            "1시간내 이동가능 거점":0,
            "교통총점":0.0,
            "백화점":0,
            "아울렛몰":0,
            "대형마트":0,
            "은행":0,
            "병원":60,
            "종합병원":80,
            "공원":100,
            "혐오시설":0,
            "인프라총점":25.0,
            "초등학군":97.77,
            "중학군":43.48,
            "학군총점":54.338,
            "인구수":50.28,
            "인구증감":43.56,
            "인구총점":48.264,
            "일자리":22.9,
            "소득수준":53.37,
            "일자리총점":32.041,
            "가치 총점":26.7507,
            "매매실거래년":20211216.0,
            "매매실거래가":42500.0,
            "전세실거래년":20220114.0,
            "전세실거래가":18900.0,
            "전세가율":63.85,
            "장기전세가율평균":67.15,
            "전세가율거품지수":3.3,
            "검색코드":120122,
            "세대수":446.0,
            "준공년월":"2020-02-01",
            "준공년차":3.0,
            "가까운역이름":"검단사거리",
            "가까운역거리":6851.4,
            "역세권여부":"비역세권",
            "30분이내주요거점역":0,
            "1시간이내주요거점역":0,
            "3km이내백화점수":0,
            "5km이내아울렛몰수":0,
            "1km이내대형먀트수":0,
            "500m이내은행수":0,
            "500m이내병원수":12,
            "5km이내대형병원수":1,
            "500m이내공원수":2,
            "3km이내혐오시설수":0,
            "초등학교학업성취도":97.77,
            "중학교학업성취도":69.4,
            "용적률":0,
            "건폐율":0,
            "Y":37.658455,
            "X":126.626375,
            "rank":153.0,
            "area_info":"21평(70.41), 24평(80.3), 24평(80.18), 30평(102.02)",
            "last_sales":"2021-12-16,42500.0,30평(102.02)"
        },
        {
            "index":43,
            "아파트명":"푸른실크벨리2차",
            "투자타입":"일반",
            "전용면적(m2)":"110.06",
            "전용면적(평)":"33평",
            "법정동주소":"경기도 김포시 감정동 694",
            "도로명주소":"경기도 김포시 감정로 75",
            "세대수":0,
            "입주년차":20,
            "용적률점수":"--",
            "건폐율점수":"--",
            "세대당주차수":30,
            "난방방식":30,
            "공급면적":"--",
            "전용률":"--",
            "욕실수":100,
            "현관타입":100,
            "주거총점":31.5,
            "지역구공급총점":50.0,
            "역세권":0,
            "30분내 이동가능 거점":0,
            "1시간내 이동가능 거점":10,
            "교통총점":2.0,
            "백화점":0,
            "아울렛몰":0,
            "대형마트":80,
            "은행":0,
            "병원":10,
            "종합병원":100,
            "공원":100,
            "혐오시설":0,
            "인프라총점":36.0,
            "초등학군":84.37,
            "중학군":49.64,
            "학군총점":56.586,
            "인구수":50.28,
            "인구증감":43.56,
            "인구총점":48.264,
            "일자리":22.9,
            "소득수준":53.37,
            "일자리총점":32.041,
            "가치 총점":26.2879,
            "매매실거래년":20210928.0,
            "매매실거래가":40000.0,
            "전세실거래년":20210816.0,
            "전세실거래가":21400.0,
            "전세가율":77.54,
            "장기전세가율평균":67.15,
            "전세가율거품지수":-10.39,
            "검색코드":9405,
            "세대수":206.0,
            "준공년월":"2001-12-27",
            "준공년차":22.0,
            "가까운역이름":"완정",
            "가까운역거리":3843.92,
            "역세권여부":"비역세권",
            "30분이내주요거점역":0,
            "1시간이내주요거점역":1,
            "3km이내백화점수":0,
            "5km이내아울렛몰수":0,
            "1km이내대형먀트수":1,
            "500m이내은행수":0,
            "500m이내병원수":2,
            "5km이내대형병원수":4,
            "500m이내공원수":4,
            "3km이내혐오시설수":0,
            "초등학교학업성취도":84.37,
            "중학교학업성취도":81.4,
            "용적률":160,
            "건폐율":20,
            "Y":37.617435,
            "X":126.703978,
            "rank":154.0,
            "area_info":"33평(110.06), 36평(120.32), 48평(160.45)",
            "last_sales":"2021-09-28,40000.0,48평(160.45)"
        },
        {
            "index":490,
            "아파트명":"김포한강신원아침도시고다니마을",
            "투자타입":"일반",
            "전용면적(m2)":"99.09",
            "전용면적(평)":"29평",
            "법정동주소":"경기도 김포시 양촌읍 양곡리 1316",
            "도로명주소":"경기도 김포시 양곡2로30번길 77",
            "세대수":30,
            "입주년차":60,
            "용적률점수":"--",
            "건폐율점수":"--",
            "세대당주차수":30,
            "난방방식":100,
            "공급면적":"--",
            "전용률":"--",
            "욕실수":100,
            "현관타입":100,
            "주거총점":57.0,
            "지역구공급총점":50.0,
            "역세권":0,
            "30분내 이동가능 거점":0,
            "1시간내 이동가능 거점":0,
            "교통총점":0.0,
            "백화점":0,
            "아울렛몰":0,
            "대형마트":0,
            "은행":0,
            "병원":30,
            "종합병원":80,
            "공원":100,
            "혐오시설":0,
            "인프라총점":22.0,
            "초등학군":100.0,
            "중학군":43.48,
            "학군총점":54.784,
            "인구수":50.28,
            "인구증감":43.56,
            "인구총점":48.264,
            "일자리":22.9,
            "소득수준":53.37,
            "일자리총점":32.041,
            "가치 총점":26.2176,
            "매매실거래년":20211029.0,
            "매매실거래가":40000.0,
            "전세실거래년":20210302.0,
            "전세실거래가":25000.0,
            "전세가율":79.37,
            "장기전세가율평균":67.15,
            "전세가율거품지수":-12.22,
            "검색코드":101566,
            "세대수":380.0,
            "준공년월":"2010-07-09",
            "준공년차":13.0,
            "가까운역이름":"검단사거리",
            "가까운역거리":6353.17,
            "역세권여부":"비역세권",
            "30분이내주요거점역":0,
            "1시간이내주요거점역":0,
            "3km이내백화점수":0,
            "5km이내아울렛몰수":0,
            "1km이내대형먀트수":0,
            "500m이내은행수":0,
            "500m이내병원수":8,
            "5km이내대형병원수":1,
            "500m이내공원수":5,
            "3km이내혐오시설수":0,
            "초등학교학업성취도":100.0,
            "중학교학업성취도":69.4,
            "용적률":181,
            "건폐율":21,
            "Y":37.655157,
            "X":126.631145,
            "rank":155.0,
            "area_info":"29평(99.09), 29평(99.1), 34평(112.45), 34평(112.45), 34평(112.53), 34평(112.45)",
            "last_sales":"2021-10-29,40000.0,34평(112.53)"
        },
        {
            "index":807,
            "아파트명":"김포풍무꿈에그린더포레듀5단지",
            "투자타입":"일반",
            "전용면적(m2)":"81.83",
            "전용면적(평)":"24평",
            "법정동주소":"경기도 김포시 풍무동 784",
            "도로명주소":"경기도 김포시 풍무로68번길 78",
            "세대수":0,
            "입주년차":80,
            "용적률점수":"--",
            "건폐율점수":"--",
            "세대당주차수":30,
            "난방방식":30,
            "공급면적":"--",
            "전용률":"--",
            "욕실수":100,
            "현관타입":100,
            "주거총점":43.5,
            "지역구공급총점":50.0,
            "역세권":0,
            "30분내 이동가능 거점":0,
            "1시간내 이동가능 거점":10,
            "교통총점":2.0,
            "백화점":0,
            "아울렛몰":80,
            "대형마트":0,
            "은행":0,
            "병원":10,
            "종합병원":80,
            "공원":0,
            "혐오시설":0,
            "인프라총점":25.0,
            "초등학군":91.84,
            "중학군":54.4,
            "학군총점":61.888,
            "인구수":50.28,
            "인구증감":43.56,
            "인구총점":48.264,
            "일자리":22.9,
            "소득수준":53.37,
            "일자리총점":32.041,
            "가치 총점":26.1832,
            "매매실거래년":20211204.0,
            "매매실거래가":45600.0,
            "전세실거래년":20211102.0,
            "전세실거래가":36500.0,
            "전세가율":80.04,
            "장기전세가율평균":67.15,
            "전세가율거품지수":-12.89,
            "검색코드":115485,
            "세대수":231.0,
            "준공년월":"2018-12-27",
            "준공년차":5.0,
            "가까운역이름":"계양",
            "가까운역거리":3241.03,
            "역세권여부":"비역세권",
            "30분이내주요거점역":0,
            "1시간이내주요거점역":1,
            "3km이내백화점수":0,
            "5km이내아울렛몰수":1,
            "1km이내대형먀트수":0,
            "500m이내은행수":0,
            "500m이내병원수":2,
            "5km이내대형병원수":1,
            "500m이내공원수":0,
            "3km이내혐오시설수":0,
            "초등학교학업성취도":91.84,
            "중학교학업성취도":88.8,
            "용적률":199,
            "건폐율":17,
            "Y":37.600309,
            "X":126.730371,
            "rank":156.0,
            "area_info":"24평(81.83), 24평(82.24)",
            "last_sales":"2021-12-04,45600.0,24평(81.83)"
        },
        {
            "index":373,
            "아파트명":"자이더빌리지포레스트4단지",
            "투자타입":"일반",
            "전용면적(m2)":"109.92",
            "전용면적(평)":"33평",
            "법정동주소":"경기도 김포시 마산동 670-7",
            "도로명주소":"경기도 김포시 김포한강8로 118",
            "세대수":0,
            "입주년차":80,
            "용적률점수":"--",
            "건폐율점수":"--",
            "세대당주차수":60,
            "난방방식":30,
            "공급면적":"--",
            "전용률":"--",
            "욕실수":100,
            "현관타입":100,
            "주거총점":48.0,
            "지역구공급총점":50.0,
            "역세권":0,
            "30분내 이동가능 거점":0,
            "1시간내 이동가능 거점":10,
            "교통총점":2.0,
            "백화점":0,
            "아울렛몰":0,
            "대형마트":0,
            "은행":20,
            "병원":30,
            "종합병원":100,
            "공원":0,
            "혐오시설":0,
            "인프라총점":25.0,
            "초등학군":95.36,
            "중학군":45.7,
            "학군총점":55.632,
            "인구수":50.28,
            "인구증감":43.56,
            "인구총점":48.264,
            "일자리":22.9,
            "소득수준":53.37,
            "일자리총점":32.041,
            "가치 총점":26.1448,
            "매매실거래년":"18000101",
            "매매실거래가":null,
            "전세실거래년":null,
            "전세실거래가":null,
            "전세가율":null,
            "장기전세가율평균":67.15,
            "전세가율거품지수":null,
            "검색코드":115718,
            "세대수":184.0,
            "준공년월":"2018-06-19",
            "준공년차":5.0,
            "가까운역이름":"검단사거리",
            "가까운역거리":3738.38,
            "역세권여부":"비역세권",
            "30분이내주요거점역":0,
            "1시간이내주요거점역":1,
            "3km이내백화점수":0,
            "5km이내아울렛몰수":0,
            "1km이내대형먀트수":0,
            "500m이내은행수":2,
            "500m이내병원수":8,
            "5km이내대형병원수":2,
            "500m이내공원수":0,
            "3km이내혐오시설수":0,
            "초등학교학업성취도":95.36,
            "중학교학업성취도":74.1,
            "용적률":71,
            "건폐율":44,
            "Y":37.633174,
            "X":126.641692,
            "rank":157.0,
            "area_info":"33평(109.92), 34평(113.84), 37평(122.82), 39평(130.74), 39평(130.74)",
            "last_sales":"1800-01-01,nan,33평(109.92)"
        },
        {
            "index":496,
            "아파트명":"양곡더숲",
            "투자타입":"일반",
            "전용면적(m2)":"113.37",
            "전용면적(평)":"34평",
            "법정동주소":"경기도 김포시 양촌읍 양곡리 1238",
            "도로명주소":"경기도 김포시 양곡3로 155",
            "세대수":30,
            "입주년차":60,
            "용적률점수":"--",
            "건폐율점수":"--",
            "세대당주차수":30,
            "난방방식":100,
            "공급면적":"--",
            "전용률":"--",
            "욕실수":100,
            "현관타입":100,
            "주거총점":57.0,
            "지역구공급총점":50.0,
            "역세권":0,
            "30분내 이동가능 거점":0,
            "1시간내 이동가능 거점":10,
            "교통총점":2.0,
            "백화점":0,
            "아울렛몰":0,
            "대형마트":0,
            "은행":0,
            "병원":0,
            "종합병원":80,
            "공원":100,
            "혐오시설":0,
            "인프라총점":19.0,
            "초등학군":100.0,
            "중학군":43.48,
            "학군총점":54.784,
            "인구수":50.28,
            "인구증감":43.56,
            "인구총점":48.264,
            "일자리":22.9,
            "소득수준":53.37,
            "일자리총점":32.041,
            "가치 총점":26.0176,
            "매매실거래년":20211215.0,
            "매매실거래가":35700.0,
            "전세실거래년":20211014.0,
            "전세실거래가":28000.0,
            "전세가율":84.85,
            "장기전세가율평균":67.15,
            "전세가율거품지수":-17.7,
            "검색코드":101567,
            "세대수":345.0,
            "준공년월":"2010-07-22",
            "준공년차":13.0,
            "가까운역이름":"검단사거리",
            "가까운역거리":7049.27,
            "역세권여부":"비역세권",
            "30분이내주요거점역":0,
            "1시간이내주요거점역":1,
            "3km이내백화점수":0,
            "5km이내아울렛몰수":0,
            "1km이내대형먀트수":0,
            "500m이내은행수":0,
            "500m이내병원수":0,
            "5km이내대형병원수":1,
            "500m이내공원수":3,
            "3km이내혐오시설수":0,
            "초등학교학업성취도":100.0,
            "중학교학업성취도":69.4,
            "용적률":152,
            "건폐율":22,
            "Y":37.662296,
            "X":126.632975,
            "rank":158.0,
            "area_info":"34평(113.37), 34평(114.26), 34평(114.39), 34평(114.26), 34평(114.39), 34평(114.42)",
            "last_sales":"2021-12-15,35700.0,34평(114.39)"
        },
        {
            "index":858,
            "아파트명":"장릉삼성쉐르빌",
            "투자타입":"일반",
            "전용면적(m2)":"42.83",
            "전용면적(평)":"12평",
            "법정동주소":"경기도 김포시 풍무동 740",
            "도로명주소":"경기도 김포시 승가로 89",
            "세대수":80,
            "입주년차":20,
            "용적률점수":"--",
            "건폐율점수":"--",
            "세대당주차수":60,
            "난방방식":30,
            "공급면적":"--",
            "전용률":"--",
            "욕실수":50,
            "현관타입":100,
            "주거총점":59.0,
            "지역구공급총점":50.0,
            "역세권":0,
            "30분내 이동가능 거점":0,
            "1시간내 이동가능 거점":0,
            "교통총점":0.0,
            "백화점":0,
            "아울렛몰":0,
            "대형마트":0,
            "은행":0,
            "병원":0,
            "종합병원":100,
            "공원":0,
            "혐오시설":0,
            "인프라총점":20.0,
            "초등학군":86.37,
            "중학군":44.62,
            "학군총점":52.97,
            "인구수":50.28,
            "인구증감":43.56,
            "인구총점":48.264,
            "일자리":22.9,
            "소득수준":53.37,
            "일자리총점":32.041,
            "가치 총점":25.7455,
            "매매실거래년":20211212.0,
            "매매실거래가":27000.0,
            "전세실거래년":20211231.0,
            "전세실거래가":7000.0,
            "전세가율":76.09,
            "장기전세가율평균":67.15,
            "전세가율거품지수":-8.94,
            "검색코드":3588,
            "세대수":794.0,
            "준공년월":"2002-05-15",
            "준공년차":21.0,
            "가까운역이름":"완정",
            "가까운역거리":3545.99,
            "역세권여부":"비역세권",
            "30분이내주요거점역":0,
            "1시간이내주요거점역":0,
            "3km이내백화점수":0,
            "5km이내아울렛몰수":0,
            "1km이내대형먀트수":0,
            "500m이내은행수":0,
            "500m이내병원수":0,
            "5km이내대형병원수":3,
            "500m이내공원수":0,
            "3km이내혐오시설수":0,
            "초등학교학업성취도":86.37,
            "중학교학업성취도":72.7,
            "용적률":202,
            "건폐율":19,
            "Y":37.605788,
            "X":126.710035,
            "rank":159.0,
            "area_info":"12평(42.83), 23평(77.98), 39평(131.71), 48평(161.97), 66평(218.21)",
            "last_sales":"2021-12-12,27000.0,23평(77.98)"
        },
        {
            "index":456,
            "아파트명":"농장마을신안",
            "투자타입":"일반",
            "전용면적(m2)":"70.68",
            "전용면적(평)":"21평",
            "법정동주소":"경기도 김포시 사우동 1224",
            "도로명주소":"경기도 김포시 봉화로 59-17",
            "세대수":50,
            "입주년차":0,
            "용적률점수":"--",
            "건폐율점수":"--",
            "세대당주차수":30,
            "난방방식":30,
            "공급면적":"--",
            "전용률":"--",
            "욕실수":50,
            "현관타입":100,
            "주거총점":40.0,
            "지역구공급총점":50.0,
            "역세권":0,
            "30분내 이동가능 거점":0,
            "1시간내 이동가능 거점":40,
            "교통총점":8.0,
            "백화점":0,
            "아울렛몰":0,
            "대형마트":0,
            "은행":0,
            "병원":10,
            "종합병원":100,
            "공원":80,
            "혐오시설":0,
            "인프라총점":23.4,
            "초등학군":84.37,
            "중학군":43.9,
            "학군총점":51.994,
            "인구수":50.28,
            "인구증감":43.56,
            "인구총점":48.264,
            "일자리":22.9,
            "소득수준":53.37,
            "일자리총점":32.041,
            "가치 총점":25.6191,
            "매매실거래년":20220108.0,
            "매매실거래가":48000.0,
            "전세실거래년":20211211.0,
            "전세실거래가":23000.0,
            "전세가율":76.67,
            "장기전세가율평균":67.15,
            "전세가율거품지수":-9.52,
            "검색코드":3933,
            "세대수":651.0,
            "준공년월":"1998-12-31",
            "준공년차":25.0,
            "가까운역이름":"완정",
            "가까운역거리":4363.45,
            "역세권여부":"비역세권",
            "30분이내주요거점역":0,
            "1시간이내주요거점역":4,
            "3km이내백화점수":0,
            "5km이내아울렛몰수":0,
            "1km이내대형먀트수":0,
            "500m이내은행수":1,
            "500m이내병원수":2,
            "5km이내대형병원수":2,
            "500m이내공원수":1,
            "3km이내혐오시설수":0,
            "초등학교학업성취도":84.37,
            "중학교학업성취도":72.5,
            "용적률":244,
            "건폐율":22,
            "Y":37.619079,
            "X":126.710134,
            "rank":160.0,
            "area_info":"21평(70.68), 30평(101.08), 46평(154.06), 61평(201.96)",
            "last_sales":"2022-01-08,48000.0,61평(201.96)"
        },
        {
            "index":435,
            "아파트명":"현대",
            "투자타입":"일반",
            "전용면적(m2)":"74.92",
            "전용면적(평)":"22평",
            "법정동주소":"경기도 김포시 북변동 267",
            "도로명주소":"경기도 김포시 중구로 93",
            "세대수":0,
            "입주년차":0,
            "용적률점수":"--",
            "건폐율점수":"--",
            "세대당주차수":0,
            "난방방식":30,
            "공급면적":"--",
            "전용률":"--",
            "욕실수":50,
            "현관타입":10,
            "주거총점":9.0,
            "지역구공급총점":50.0,
            "역세권":0,
            "30분내 이동가능 거점":0,
            "1시간내 이동가능 거점":50,
            "교통총점":10.0,
            "백화점":0,
            "아울렛몰":0,
            "대형마트":100,
            "은행":0,
            "병원":30,
            "종합병원":100,
            "공원":100,
            "혐오시설":0,
            "인프라총점":41.0,
            "초등학군":84.37,
            "중학군":43.9,
            "학군총점":51.994,
            "인구수":50.28,
            "인구증감":43.56,
            "인구총점":48.264,
            "일자리":22.9,
            "소득수준":53.37,
            "일자리총점":32.041,
            "가치 총점":25.3991,
            "매매실거래년":20210719.0,
            "매매실거래가":27000.0,
            "전세실거래년":20200808.0,
            "전세실거래가":12000.0,
            "전세가율":81.08,
            "장기전세가율평균":67.15,
            "전세가율거품지수":-13.93,
            "검색코드":9544,
            "세대수":130.0,
            "준공년월":"1995-02-11",
            "준공년차":28.0,
            "가까운역이름":"완정",
            "가까운역거리":5200.39,
            "역세권여부":"비역세권",
            "30분이내주요거점역":0,
            "1시간이내주요거점역":5,
            "3km이내백화점수":0,
            "5km이내아울렛몰수":0,
            "1km이내대형먀트수":3,
            "500m이내은행수":0,
            "500m이내병원수":5,
            "5km이내대형병원수":2,
            "500m이내공원수":3,
            "3km이내혐오시설수":0,
            "초등학교학업성취도":84.37,
            "중학교학업성취도":72.5,
            "용적률":275,
            "건폐율":31,
            "Y":37.62898,
            "X":126.71081,
            "rank":161.0,
            "area_info":"22평(74.92), 23평(78.41), 30평(99.37)",
            "last_sales":"2021-07-19,27000.0,30평(99.37)"
        },
        {
            "index":467,
            "아파트명":"풍년1단지건영",
            "투자타입":"일반",
            "전용면적(m2)":"106.6",
            "전용면적(평)":"32평",
            "법정동주소":"경기도 김포시 사우동 1474",
            "도로명주소":"경기도 김포시 풍년로 53",
            "세대수":0,
            "입주년차":20,
            "용적률점수":"--",
            "건폐율점수":"--",
            "세대당주차수":30,
            "난방방식":30,
            "공급면적":"--",
            "전용률":"--",
            "욕실수":100,
            "현관타입":100,
            "주거총점":31.5,
            "지역구공급총점":50.0,
            "역세권":0,
            "30분내 이동가능 거점":0,
            "1시간내 이동가능 거점":50,
            "교통총점":10.0,
            "백화점":0,
            "아울렛몰":0,
            "대형마트":0,
            "은행":0,
            "병원":0,
            "종합병원":80,
            "공원":100,
            "혐오시설":0,
            "인프라총점":19.0,
            "초등학군":86.24,
            "중학군":54.34,
            "학군총점":60.72,
            "인구수":50.28,
            "인구증감":43.56,
            "인구총점":48.264,
            "일자리":22.9,
            "소득수준":53.37,
            "일자리총점":32.041,
            "가치 총점":24.608,
            "매매실거래년":20211107.0,
            "매매실거래가":42500.0,
            "전세실거래년":20211230.0,
            "전세실거래가":31000.0,
            "전세가율":72.94,
            "장기전세가율평균":67.15,
            "전세가율거품지수":-5.79,
            "검색코드":3585,
            "세대수":226.0,
            "준공년월":"2001-08-31",
            "준공년차":22.0,
            "가까운역이름":"마두",
            "가까운역거리":5505.99,
            "역세권여부":"비역세권",
            "30분이내주요거점역":0,
            "1시간이내주요거점역":5,
            "3km이내백화점수":0,
            "5km이내아울렛몰수":0,
            "1km이내대형먀트수":0,
            "500m이내은행수":0,
            "500m이내병원수":1,
            "5km이내대형병원수":1,
            "500m이내공원수":2,
            "3km이내혐오시설수":0,
            "초등학교학업성취도":86.24,
            "중학교학업성취도":88.3,
            "용적률":249,
            "건폐율":21,
            "Y":37.62447,
            "X":126.72582,
            "rank":162.0,
            "area_info":"32평(106.6)",
            "last_sales":"2021-11-07,42500.0,32평(106.6)"
        },
        {
            "index":787,
            "아파트명":"마송현대1차",
            "투자타입":"일반",
            "전용면적(m2)":"70.49",
            "전용면적(평)":"21평",
            "법정동주소":"경기도 김포시 통진읍 마송리 134",
            "도로명주소":"경기도 김포시 김포대로2270번길 29",
            "세대수":50,
            "입주년차":0,
            "용적률점수":"--",
            "건폐율점수":"--",
            "세대당주차수":0,
            "난방방식":30,
            "공급면적":"--",
            "전용률":"--",
            "욕실수":50,
            "현관타입":100,
            "주거총점":35.5,
            "지역구공급총점":50.0,
            "역세권":0,
            "30분내 이동가능 거점":0,
            "1시간내 이동가능 거점":0,
            "교통총점":0.0,
            "백화점":0,
            "아울렛몰":0,
            "대형마트":100,
            "은행":0,
            "병원":60,
            "종합병원":0,
            "공원":0,
            "혐오시설":0,
            "인프라총점":21.0,
            "초등학군":92.9,
            "중학군":37.26,
            "학군총점":48.388,
            "인구수":50.28,
            "인구증감":43.56,
            "인구총점":48.264,
            "일자리":22.9,
            "소득수준":53.37,
            "일자리총점":32.041,
            "가치 총점":20.6582,
            "매매실거래년":20211202.0,
            "매매실거래가":16300.0,
            "전세실거래년":20220111.0,
            "전세실거래가":20000.0,
            "전세가율":122.7,
            "장기전세가율평균":67.15,
            "전세가율거품지수":-55.55,
            "검색코드":3920,
            "세대수":612.0,
            "준공년월":"1997-11-04",
            "준공년차":26.0,
            "가까운역이름":"검단오류",
            "가까운역거리":11266.16,
            "역세권여부":"비역세권",
            "30분이내주요거점역":0,
            "1시간이내주요거점역":0,
            "3km이내백화점수":0,
            "5km이내아울렛몰수":0,
            "1km이내대형먀트수":2,
            "500m이내은행수":1,
            "500m이내병원수":11,
            "5km이내대형병원수":0,
            "500m이내공원수":0,
            "3km이내혐오시설수":0,
            "초등학교학업성취도":92.9,
            "중학교학업성취도":62.1,
            "용적률":213,
            "건폐율":21,
            "Y":37.692743,
            "X":126.594058,
            "rank":163.0,
            "area_info":"21평(70.49), 27평(89.67), 30평(99.61), 35평(117.41)",
            "last_sales":"2021-12-02,16300.0,21평(70.49)"
        },
        {
            "index":477,
            "아파트명":"곡촌마을희영",
            "투자타입":"일반",
            "전용면적(m2)":"78.64",
            "전용면적(평)":"23평",
            "법정동주소":"경기도 김포시 양촌읍 양곡리 865-1",
            "도로명주소":"경기도 김포시 양곡2로80번길 34",
            "세대수":0,
            "입주년차":20,
            "용적률점수":"--",
            "건폐율점수":"--",
            "세대당주차수":0,
            "난방방식":30,
            "공급면적":"--",
            "전용률":"--",
            "욕실수":50,
            "현관타입":100,
            "주거총점":22.0,
            "지역구공급총점":50.0,
            "역세권":0,
            "30분내 이동가능 거점":0,
            "1시간내 이동가능 거점":0,
            "교통총점":0.0,
            "백화점":0,
            "아울렛몰":0,
            "대형마트":0,
            "은행":0,
            "병원":60,
            "종합병원":80,
            "공원":100,
            "혐오시설":0,
            "인프라총점":25.0,
            "초등학군":100.0,
            "중학군":43.48,
            "학군총점":54.784,
            "인구수":50.28,
            "인구증감":43.56,
            "인구총점":48.264,
            "일자리":22.9,
            "소득수준":53.37,
            "일자리총점":32.041,
            "가치 총점":20.1176,
            "매매실거래년":20211002.0,
            "매매실거래가":22300.0,
            "전세실거래년":20201020.0,
            "전세실거래가":15000.0,
            "전세가율":67.26,
            "장기전세가율평균":67.15,
            "전세가율거품지수":-0.11,
            "검색코드":9754,
            "세대수":220.0,
            "준공년월":"1999-07-16",
            "준공년차":24.0,
            "가까운역이름":"검단사거리",
            "가까운역거리":6688.04,
            "역세권여부":"비역세권",
            "30분이내주요거점역":0,
            "1시간이내주요거점역":0,
            "3km이내백화점수":0,
            "5km이내아울렛몰수":0,
            "1km이내대형먀트수":0,
            "500m이내은행수":0,
            "500m이내병원수":11,
            "5km이내대형병원수":1,
            "500m이내공원수":6,
            "3km이내혐오시설수":0,
            "초등학교학업성취도":100.0,
            "중학교학업성취도":69.4,
            "용적률":190,
            "건폐율":21,
            "Y":37.65755,
            "X":126.628449,
            "rank":164.0,
            "area_info":"23평(78.64), 31평(105.71), 36평(122.3)",
            "last_sales":"2021-10-02,22300.0,23평(78.64)"
        },
        {
            "index":556,
            "아파트명":"성창",
            "투자타입":"일반",
            "전용면적(m2)":"76.23",
            "전용면적(평)":"23평",
            "법정동주소":"경기도 김포시 운양동 999-2",
            "도로명주소":"경기도 김포시 운양로 176",
            "세대수":0,
            "입주년차":0,
            "용적률점수":"--",
            "건폐율점수":"--",
            "세대당주차수":0,
            "난방방식":30,
            "공급면적":"--",
            "전용률":"--",
            "욕실수":50,
            "현관타입":100,
            "주거총점":18.0,
            "지역구공급총점":50.0,
            "역세권":0,
            "30분내 이동가능 거점":0,
            "1시간내 이동가능 거점":20,
            "교통총점":4.0,
            "백화점":0,
            "아울렛몰":0,
            "대형마트":0,
            "은행":0,
            "병원":0,
            "종합병원":100,
            "공원":100,
            "혐오시설":0,
            "인프라총점":23.0,
            "초등학군":84.39,
            "중학군":47.36,
            "학군총점":54.766,
            "인구수":50.28,
            "인구증감":43.56,
            "인구총점":48.264,
            "일자리":22.9,
            "소득수준":53.37,
            "일자리총점":32.041,
            "가치 총점":20.1149,
            "매매실거래년":20210918.0,
            "매매실거래가":24000.0,
            "전세실거래년":20211116.0,
            "전세실거래가":9400.0,
            "전세가율":39.17,
            "장기전세가율평균":67.15,
            "전세가율거품지수":27.98,
            "검색코드":9419,
            "세대수":162.0,
            "준공년월":"1994-11-30",
            "준공년차":29.0,
            "가까운역이름":"검단사거리",
            "가까운역거리":6165.41,
            "역세권여부":"비역세권",
            "30분이내주요거점역":0,
            "1시간이내주요거점역":2,
            "3km이내백화점수":0,
            "5km이내아울렛몰수":0,
            "1km이내대형먀트수":0,
            "500m이내은행수":0,
            "500m이내병원수":0,
            "5km이내대형병원수":2,
            "500m이내공원수":2,
            "3km이내혐오시설수":0,
            "초등학교학업성취도":84.39,
            "중학교학업성취도":77.8,
            "용적률":122,
            "건폐율":22,
            "Y":37.655664,
            "X":126.673973,
            "rank":165.0,
            "area_info":"23평(76.23), 28평(92.87), 31평(105.2), 35평(116.64)",
            "last_sales":"2021-09-18,24000.0,23평(76.23)"
        },
        {
            "index":791,
            "아파트명":"마송현대2차",
            "투자타입":"일반",
            "전용면적(m2)":"104.27",
            "전용면적(평)":"31평",
            "법정동주소":"경기도 김포시 통진읍 마송리 130",
            "도로명주소":"경기도 김포시 김포대로 2282",
            "세대수":0,
            "입주년차":20,
            "용적률점수":"--",
            "건폐율점수":"--",
            "세대당주차수":30,
            "난방방식":30,
            "공급면적":"--",
            "전용률":"--",
            "욕실수":100,
            "현관타입":100,
            "주거총점":31.5,
            "지역구공급총점":50.0,
            "역세권":0,
            "30분내 이동가능 거점":0,
            "1시간내 이동가능 거점":0,
            "교통총점":0.0,
            "백화점":0,
            "아울렛몰":0,
            "대형마트":100,
            "은행":0,
            "병원":10,
            "종합병원":0,
            "공원":80,
            "혐오시설":0,
            "인프라총점":18.4,
            "초등학군":92.9,
            "중학군":37.26,
            "학군총점":48.388,
            "인구수":50.28,
            "인구증감":43.56,
            "인구총점":48.264,
            "일자리":22.9,
            "소득수준":53.37,
            "일자리총점":32.041,
            "가치 총점":19.0782,
            "매매실거래년":20211025.0,
            "매매실거래가":29000.0,
            "전세실거래년":20210515.0,
            "전세실거래가":20000.0,
            "전세가율":68.97,
            "장기전세가율평균":67.15,
            "전세가율거품지수":-1.82,
            "검색코드":3921,
            "세대수":228.0,
            "준공년월":"1999-08-28",
            "준공년차":24.0,
            "가까운역이름":"검단오류",
            "가까운역거리":11225.71,
            "역세권여부":"비역세권",
            "30분이내주요거점역":0,
            "1시간이내주요거점역":0,
            "3km이내백화점수":0,
            "5km이내아울렛몰수":0,
            "1km이내대형먀트수":2,
            "500m이내은행수":0,
            "500m이내병원수":3,
            "5km이내대형병원수":0,
            "500m이내공원수":1,
            "3km이내혐오시설수":0,
            "초등학교학업성취도":92.9,
            "중학교학업성취도":62.1,
            "용적률":239,
            "건폐율":23,
            "Y":37.692088,
            "X":126.592778,
            "rank":166.0,
            "area_info":"31평(104.27), 42평(140.5)",
            "last_sales":"2021-10-25,29000.0,31평(104.27)"
        },
        {
            "index":793,
            "아파트명":"백석신일해피트리",
            "투자타입":"일반",
            "전용면적(m2)":"109.13",
            "전용면적(평)":"33평",
            "법정동주소":"경기도 김포시 통진읍 도사리 972",
            "도로명주소":"경기도 김포시 김포대로 1991",
            "세대수":50,
            "입주년차":40,
            "용적률점수":"--",
            "건폐율점수":"--",
            "세대당주차수":30,
            "난방방식":30,
            "공급면적":"--",
            "전용률":"--",
            "욕실수":100,
            "현관타입":100,
            "주거총점":53.0,
            "지역구공급총점":50.0,
            "역세권":0,
            "30분내 이동가능 거점":0,
            "1시간내 이동가능 거점":10,
            "교통총점":2.0,
            "백화점":0,
            "아울렛몰":0,
            "대형마트":0,
            "은행":0,
            "병원":0,
            "종합병원":0,
            "공원":0,
            "혐오시설":0,
            "인프라총점":0.0,
            "초등학군":91.05,
            "중학군":33.68,
            "학군총점":45.154,
            "인구수":50.28,
            "인구증감":43.56,
            "인구총점":48.264,
            "일자리":22.9,
            "소득수준":53.37,
            "일자리총점":32.041,
            "가치 총점":18.0731,
            "매매실거래년":20220105.0,
            "매매실거래가":30000.0,
            "전세실거래년":20211129.0,
            "전세실거래가":22000.0,
            "전세가율":73.33,
            "장기전세가율평균":67.15,
            "전세가율거품지수":-6.18,
            "검색코드":18567,
            "세대수":446.0,
            "준공년월":"2004-05-29",
            "준공년차":19.0,
            "가까운역이름":"검단사거리",
            "가까운역거리":9259.39,
            "역세권여부":"비역세권",
            "30분이내주요거점역":0,
            "1시간이내주요거점역":1,
            "3km이내백화점수":0,
            "5km이내아울렛몰수":0,
            "1km이내대형먀트수":0,
            "500m이내은행수":0,
            "500m이내병원수":0,
            "5km이내대형병원수":0,
            "500m이내공원수":0,
            "3km이내혐오시설수":0,
            "초등학교학업성취도":91.05,
            "중학교학업성취도":54.8,
            "용적률":193,
            "건폐율":17,
            "Y":37.680229,
            "X":126.621593,
            "rank":167.0,
            "area_info":"33평(109.13)",
            "last_sales":"2022-01-05,30000.0,33평(109.13)"
        },
        {
            "index":794,
            "아파트명":"태일포로미",
            "투자타입":"일반",
            "전용면적(m2)":"67.47",
            "전용면적(평)":"20평",
            "법정동주소":"경기도 김포시 통진읍 가현리 43-2",
            "도로명주소":"경기도 김포시 흥신로 291",
            "세대수":0,
            "입주년차":40,
            "용적률점수":"--",
            "건폐율점수":"--",
            "세대당주차수":30,
            "난방방식":30,
            "공급면적":"--",
            "전용률":"--",
            "욕실수":50,
            "현관타입":100,
            "주거총점":30.5,
            "지역구공급총점":50.0,
            "역세권":0,
            "30분내 이동가능 거점":0,
            "1시간내 이동가능 거점":0,
            "교통총점":0.0,
            "백화점":0,
            "아울렛몰":0,
            "대형마트":0,
            "은행":0,
            "병원":0,
            "종합병원":0,
            "공원":100,
            "혐오시설":0,
            "인프라총점":3.0,
            "초등학군":91.05,
            "중학군":33.68,
            "학군총점":45.154,
            "인구수":50.28,
            "인구증감":43.56,
            "인구총점":48.264,
            "일자리":22.9,
            "소득수준":53.37,
            "일자리총점":32.041,
            "가치 총점":13.7731,
            "매매실거래년":"18000101",
            "매매실거래가":null,
            "전세실거래년":null,
            "전세실거래가":null,
            "전세가율":null,
            "장기전세가율평균":67.15,
            "전세가율거품지수":null,
            "검색코드":121127,
            "세대수":138.0,
            "준공년월":"2006-11-30",
            "준공년차":17.0,
            "가까운역이름":"검단오류",
            "가까운역거리":9845.35,
            "역세권여부":"비역세권",
            "30분이내주요거점역":0,
            "1시간이내주요거점역":0,
            "3km이내백화점수":0,
            "5km이내아울렛몰수":0,
            "1km이내대형먀트수":0,
            "500m이내은행수":0,
            "500m이내병원수":0,
            "5km이내대형병원수":0,
            "500m이내공원수":4,
            "3km이내혐오시설수":0,
            "초등학교학업성취도":91.05,
            "중학교학업성취도":54.8,
            "용적률":83,
            "건폐율":28,
            "Y":37.682027,
            "X":126.607435,
            "rank":168.0,
            "area_info":"20평(67.47), 27평(91.18), 35평(115.75)",
            "last_sales":"1800-01-01,nan,20평(67.47)"
        }
    ]
}