{
    "schema":{
        "fields":[
            {
                "name":"index",
                "type":"integer"
            },
            {
                "name":"아파트명",
                "type":"string"
            },
            {
                "name":"투자타입",
                "type":"string"
            },
            {
                "name":"전용면적(m2)",
                "type":"string"
            },
            {
                "name":"전용면적(평)",
                "type":"string"
            },
            {
                "name":"법정동주소",
                "type":"string"
            },
            {
                "name":"도로명주소",
                "type":"string"
            },
            {
                "name":"세대수",
                "type":"integer"
            },
            {
                "name":"입주년차",
                "type":"string"
            },
            {
                "name":"용적률점수",
                "type":"string"
            },
            {
                "name":"건폐율점수",
                "type":"string"
            },
            {
                "name":"세대당주차수",
                "type":"string"
            },
            {
                "name":"난방방식",
                "type":"string"
            },
            {
                "name":"공급면적",
                "type":"string"
            },
            {
                "name":"전용률",
                "type":"string"
            },
            {
                "name":"욕실수",
                "type":"string"
            },
            {
                "name":"현관타입",
                "type":"string"
            },
            {
                "name":"주거총점",
                "type":"number"
            },
            {
                "name":"지역구공급총점",
                "type":"number"
            },
            {
                "name":"역세권",
                "type":"string"
            },
            {
                "name":"30분내 이동가능 거점",
                "type":"string"
            },
            {
                "name":"1시간내 이동가능 거점",
                "type":"string"
            },
            {
                "name":"교통총점",
                "type":"string"
            },
            {
                "name":"백화점",
                "type":"integer"
            },
            {
                "name":"아울렛몰",
                "type":"integer"
            },
            {
                "name":"대형마트",
                "type":"integer"
            },
            {
                "name":"은행",
                "type":"integer"
            },
            {
                "name":"병원",
                "type":"integer"
            },
            {
                "name":"종합병원",
                "type":"integer"
            },
            {
                "name":"공원",
                "type":"integer"
            },
            {
                "name":"혐오시설",
                "type":"integer"
            },
            {
                "name":"인프라총점",
                "type":"number"
            },
            {
                "name":"초등학군",
                "type":"number"
            },
            {
                "name":"중학군",
                "type":"number"
            },
            {
                "name":"학군총점",
                "type":"number"
            },
            {
                "name":"인구수",
                "type":"number"
            },
            {
                "name":"인구증감",
                "type":"number"
            },
            {
                "name":"인구총점",
                "type":"number"
            },
            {
                "name":"일자리",
                "type":"number"
            },
            {
                "name":"소득수준",
                "type":"number"
            },
            {
                "name":"일자리총점",
                "type":"number"
            },
            {
                "name":"가치 총점",
                "type":"number"
            },
            {
                "name":"매매실거래년",
                "type":"string"
            },
            {
                "name":"매매실거래가",
                "type":"number"
            },
            {
                "name":"전세실거래년",
                "type":"number"
            },
            {
                "name":"전세실거래가",
                "type":"number"
            },
            {
                "name":"전세가율",
                "type":"number"
            },
            {
                "name":"장기전세가율평균",
                "type":"number"
            },
            {
                "name":"전세가율거품지수",
                "type":"number"
            },
            {
                "name":"검색코드",
                "type":"integer"
            },
            {
                "name":"세대수",
                "type":"number"
            },
            {
                "name":"준공년월",
                "type":"string"
            },
            {
                "name":"준공년차",
                "type":"number"
            },
            {
                "name":"가까운역이름",
                "type":"string"
            },
            {
                "name":"가까운역거리",
                "type":"string"
            },
            {
                "name":"역세권여부",
                "type":"string"
            },
            {
                "name":"30분이내주요거점역",
                "type":"string"
            },
            {
                "name":"1시간이내주요거점역",
                "type":"string"
            },
            {
                "name":"3km이내백화점수",
                "type":"integer"
            },
            {
                "name":"5km이내아울렛몰수",
                "type":"integer"
            },
            {
                "name":"1km이내대형먀트수",
                "type":"integer"
            },
            {
                "name":"500m이내은행수",
                "type":"integer"
            },
            {
                "name":"500m이내병원수",
                "type":"integer"
            },
            {
                "name":"5km이내대형병원수",
                "type":"integer"
            },
            {
                "name":"500m이내공원수",
                "type":"integer"
            },
            {
                "name":"3km이내혐오시설수",
                "type":"integer"
            },
            {
                "name":"초등학교학업성취도",
                "type":"number"
            },
            {
                "name":"중학교학업성취도",
                "type":"number"
            },
            {
                "name":"용적률",
                "type":"integer"
            },
            {
                "name":"건폐율",
                "type":"integer"
            },
            {
                "name":"Y",
                "type":"number"
            },
            {
                "name":"X",
                "type":"number"
            },
            {
                "name":"rank",
                "type":"number"
            },
            {
                "name":"area_info",
                "type":"string"
            },
            {
                "name":"last_sales",
                "type":"string"
            }
        ],
        "primaryKey":[
            "index"
        ],
        "pandas_version":"1.4.0"
    },
    "data":[
        {
            "index":44,
            "아파트명":"서산동문동한성필하우스",
            "투자타입":"일반",
            "전용면적(m2)":"83.09",
            "전용면적(평)":"25평",
            "법정동주소":"충청남도 서산시 동문동 1266",
            "도로명주소":"충청남도 서산시 서령로 36",
            "세대수":90,
            "입주년차":80,
            "용적률점수":"--",
            "건폐율점수":"--",
            "세대당주차수":30,
            "난방방식":30,
            "공급면적":"--",
            "전용률":"--",
            "욕실수":100,
            "현관타입":100,
            "주거총점":75.0,
            "지역구공급총점":0.0,
            "역세권":"NA",
            "30분내 이동가능 거점":"NA",
            "1시간내 이동가능 거점":"NA",
            "교통총점":"NA",
            "백화점":0,
            "아울렛몰":0,
            "대형마트":0,
            "은행":100,
            "병원":80,
            "종합병원":100,
            "공원":100,
            "혐오시설":0,
            "인프라총점":41.0,
            "초등학군":90.82,
            "중학군":45.2,
            "학군총점":54.324,
            "인구수":18.82,
            "인구증감":6.52,
            "인구총점":15.13,
            "일자리":9.4,
            "소득수준":74.21,
            "일자리총점":28.843,
            "가치 총점":56.231,
            "매매실거래년":20211229.0,
            "매매실거래가":27000.0,
            "전세실거래년":20211113.0,
            "전세실거래가":20000.0,
            "전세가율":74.07,
            "장기전세가율평균":75.25,
            "전세가율거품지수":1.18,
            "검색코드":110969,
            "세대수":926.0,
            "준공년월":"2018-04-01",
            "준공년차":5.0,
            "가까운역이름":"NA",
            "가까운역거리":"NA",
            "역세권여부":"NA",
            "30분이내주요거점역":"NA",
            "1시간이내주요거점역":"NA",
            "3km이내백화점수":0,
            "5km이내아울렛몰수":0,
            "1km이내대형먀트수":0,
            "500m이내은행수":5,
            "500m이내병원수":47,
            "5km이내대형병원수":2,
            "500m이내공원수":4,
            "3km이내혐오시설수":0,
            "초등학교학업성취도":90.82,
            "중학교학업성취도":73.8,
            "용적률":0,
            "건폐율":0,
            "Y":36.785102,
            "X":126.45556,
            "rank":1.0,
            "area_info":"25평(83.09), 25평(83.9), 25평(83.32), 33평(112.37), 33평(112.21), 34평(113.08), 42평(141.08)",
            "last_sales":"2021-12-29,27000.0,25평(83.09)"
        },
        {
            "index":205,
            "아파트명":"서산예천2지구중흥S-클래스",
            "투자타입":"일반",
            "전용면적(m2)":"98.63",
            "전용면적(평)":"29평",
            "법정동주소":"충청남도 서산시 예천동 1718",
            "도로명주소":"충청남도 서산시 예천5로 32",
            "세대수":90,
            "입주년차":100,
            "용적률점수":"--",
            "건폐율점수":"--",
            "세대당주차수":30,
            "난방방식":30,
            "공급면적":"--",
            "전용률":"--",
            "욕실수":100,
            "현관타입":100,
            "주거총점":79.0,
            "지역구공급총점":0.0,
            "역세권":"NA",
            "30분내 이동가능 거점":"NA",
            "1시간내 이동가능 거점":"NA",
            "교통총점":"NA",
            "백화점":0,
            "아울렛몰":0,
            "대형마트":100,
            "은행":0,
            "병원":0,
            "종합병원":100,
            "공원":100,
            "혐오시설":0,
            "인프라총점":38.0,
            "초등학군":89.61,
            "중학군":38.38,
            "학군총점":48.626,
            "인구수":18.82,
            "인구증감":6.52,
            "인구총점":15.13,
            "일자리":9.4,
            "소득수준":74.21,
            "일자리총점":28.843,
            "가치 총점":55.0065,
            "매매실거래년":20210306.0,
            "매매실거래가":47460.0,
            "전세실거래년":null,
            "전세실거래가":null,
            "전세가율":null,
            "장기전세가율평균":75.25,
            "전세가율거품지수":null,
            "검색코드":121799,
            "세대수":1273.0,
            "준공년월":"2021-02-01",
            "준공년차":2.0,
            "가까운역이름":"NA",
            "가까운역거리":"NA",
            "역세권여부":"NA",
            "30분이내주요거점역":"NA",
            "1시간이내주요거점역":"NA",
            "3km이내백화점수":0,
            "5km이내아울렛몰수":0,
            "1km이내대형먀트수":7,
            "500m이내은행수":0,
            "500m이내병원수":1,
            "5km이내대형병원수":2,
            "500m이내공원수":8,
            "3km이내혐오시설수":0,
            "초등학교학업성취도":89.61,
            "중학교학업성취도":63.1,
            "용적률":0,
            "건폐율":0,
            "Y":36.763197,
            "X":126.45193,
            "rank":2.0,
            "area_info":"29평(98.63), 33평(109.18), 33평(111.57), 42평(140.39)",
            "last_sales":"2021-03-06,47460.0,42평(140.39)"
        },
        {
            "index":229,
            "아파트명":"예천한성필하우스",
            "투자타입":"일반",
            "전용면적(m2)":"102.53",
            "전용면적(평)":"31평",
            "법정동주소":"충청남도 서산시 예천동 1328",
            "도로명주소":"충청남도 서산시 동서1로 182",
            "세대수":80,
            "입주년차":60,
            "용적률점수":"--",
            "건폐율점수":"--",
            "세대당주차수":60,
            "난방방식":30,
            "공급면적":"--",
            "전용률":"--",
            "욕실수":100,
            "현관타입":100,
            "주거총점":72.0,
            "지역구공급총점":0.0,
            "역세권":"NA",
            "30분내 이동가능 거점":"NA",
            "1시간내 이동가능 거점":"NA",
            "교통총점":"NA",
            "백화점":0,
            "아울렛몰":0,
            "대형마트":100,
            "은행":0,
            "병원":10,
            "종합병원":100,
            "공원":100,
            "혐오시설":0,
            "인프라총점":39.0,
            "초등학군":89.61,
            "중학군":38.38,
            "학군총점":48.626,
            "인구수":18.82,
            "인구증감":6.52,
            "인구총점":15.13,
            "일자리":9.4,
            "소득수준":74.21,
            "일자리총점":28.843,
            "가치 총점":52.9565,
            "매매실거래년":20220111.0,
            "매매실거래가":37000.0,
            "전세실거래년":20210712.0,
            "전세실거래가":24000.0,
            "전세가율":65.22,
            "장기전세가율평균":75.25,
            "전세가율거품지수":10.03,
            "검색코드":105983,
            "세대수":847.0,
            "준공년월":"2012-10-26",
            "준공년차":11.0,
            "가까운역이름":"NA",
            "가까운역거리":"NA",
            "역세권여부":"NA",
            "30분이내주요거점역":"NA",
            "1시간이내주요거점역":"NA",
            "3km이내백화점수":0,
            "5km이내아울렛몰수":0,
            "1km이내대형먀트수":7,
            "500m이내은행수":0,
            "500m이내병원수":4,
            "5km이내대형병원수":2,
            "500m이내공원수":8,
            "3km이내혐오시설수":0,
            "초등학교학업성취도":89.61,
            "중학교학업성취도":63.1,
            "용적률":214,
            "건폐율":17,
            "Y":36.768509,
            "X":126.450569,
            "rank":3.0,
            "area_info":"31평(102.53), 33평(111.44), 33평(111.59), 33평(112.33), 42평(141.89), 54평(180.86)",
            "last_sales":"2022-01-11,37000.0,33평(111.44)"
        },
        {
            "index":198,
            "아파트명":"e편한세상서산예천",
            "투자타입":"일반",
            "전용면적(m2)":"80.74",
            "전용면적(평)":"24평",
            "법정동주소":"충청남도 서산시 예천동 1334",
            "도로명주소":"충청남도 서산시 동서1로 230",
            "세대수":90,
            "입주년차":80,
            "용적률점수":"--",
            "건폐율점수":"--",
            "세대당주차수":30,
            "난방방식":30,
            "공급면적":"--",
            "전용률":"--",
            "욕실수":100,
            "현관타입":100,
            "주거총점":75.0,
            "지역구공급총점":0.0,
            "역세권":"NA",
            "30분내 이동가능 거점":"NA",
            "1시간내 이동가능 거점":"NA",
            "교통총점":"NA",
            "백화점":0,
            "아울렛몰":0,
            "대형마트":100,
            "은행":0,
            "병원":10,
            "종합병원":80,
            "공원":100,
            "혐오시설":0,
            "인프라총점":35.0,
            "초등학군":89.05,
            "중학군":38.38,
            "학군총점":48.514,
            "인구수":18.82,
            "인구증감":6.52,
            "인구총점":15.13,
            "일자리":9.4,
            "소득수준":74.21,
            "일자리총점":28.843,
            "가치 총점":52.3785,
            "매매실거래년":20211207.0,
            "매매실거래가":49900.0,
            "전세실거래년":20211016.0,
            "전세실거래가":22000.0,
            "전세가율":84.62,
            "장기전세가율평균":75.25,
            "전세가율거품지수":-9.37,
            "검색코드":109096,
            "세대수":936.0,
            "준공년월":"2017-02-24",
            "준공년차":6.0,
            "가까운역이름":"NA",
            "가까운역거리":"NA",
            "역세권여부":"NA",
            "30분이내주요거점역":"NA",
            "1시간이내주요거점역":"NA",
            "3km이내백화점수":0,
            "5km이내아울렛몰수":0,
            "1km이내대형먀트수":8,
            "500m이내은행수":0,
            "500m이내병원수":2,
            "5km이내대형병원수":1,
            "500m이내공원수":5,
            "3km이내혐오시설수":0,
            "초등학교학업성취도":89.05,
            "중학교학업성취도":63.1,
            "용적률":223,
            "건폐율":20,
            "Y":36.768779,
            "X":126.445053,
            "rank":4.0,
            "area_info":"24평(80.74), 24평(80.74), 24평(80.55), 24평(81.2), 34평(112.96), 34평(113.59), 34평(113.12)",
            "last_sales":"2021-12-07,49900.0,34평(113.59)"
        },
        {
            "index":209,
            "아파트명":"서산예천푸르지오",
            "투자타입":"일반",
            "전용면적(m2)":"84.09",
            "전용면적(평)":"25평",
            "법정동주소":"충청남도 서산시 예천동 1270-1",
            "도로명주소":"충청남도 서산시 호수공원11로 11",
            "세대수":80,
            "입주년차":60,
            "용적률점수":"--",
            "건폐율점수":"--",
            "세대당주차수":30,
            "난방방식":30,
            "공급면적":"--",
            "전용률":"--",
            "욕실수":100,
            "현관타입":100,
            "주거총점":67.5,
            "지역구공급총점":0.0,
            "역세권":"NA",
            "30분내 이동가능 거점":"NA",
            "1시간내 이동가능 거점":"NA",
            "교통총점":"NA",
            "백화점":0,
            "아울렛몰":0,
            "대형마트":100,
            "은행":0,
            "병원":60,
            "종합병원":80,
            "공원":100,
            "혐오시설":0,
            "인프라총점":40.0,
            "초등학군":89.05,
            "중학군":38.38,
            "학군총점":48.514,
            "인구수":18.82,
            "인구증감":6.52,
            "인구총점":15.13,
            "일자리":9.4,
            "소득수준":74.21,
            "일자리총점":28.843,
            "가치 총점":51.7535,
            "매매실거래년":20211223.0,
            "매매실거래가":32000.0,
            "전세실거래년":20211115.0,
            "전세실거래가":22000.0,
            "전세가율":77.19,
            "장기전세가율평균":75.25,
            "전세가율거품지수":-1.94,
            "검색코드":104008,
            "세대수":706.0,
            "준공년월":"2013-11-27",
            "준공년차":10.0,
            "가까운역이름":"NA",
            "가까운역거리":"NA",
            "역세권여부":"NA",
            "30분이내주요거점역":"NA",
            "1시간이내주요거점역":"NA",
            "3km이내백화점수":0,
            "5km이내아울렛몰수":0,
            "1km이내대형먀트수":8,
            "500m이내은행수":0,
            "500m이내병원수":10,
            "5km이내대형병원수":1,
            "500m이내공원수":6,
            "3km이내혐오시설수":0,
            "초등학교학업성취도":89.05,
            "중학교학업성취도":63.1,
            "용적률":219,
            "건폐율":19,
            "Y":36.773142,
            "X":126.446577,
            "rank":5.0,
            "area_info":"25평(84.09), 25평(84.07), 29평(98.87), 29평(98.62), 34평(112.67), 34평(112.89), 34평(113.71)",
            "last_sales":"2021-12-23,32000.0,29평(98.62)"
        },
        {
            "index":29,
            "아파트명":"삼성",
            "투자타입":"재건축",
            "전용면적(m2)":"80.93",
            "전용면적(평)":"24평",
            "법정동주소":"충청남도 서산시 동문동 538-2",
            "도로명주소":"충청남도 서산시 서령로 137",
            "세대수":50,
            "입주년차":"--",
            "용적률점수":100,
            "건폐율점수":100,
            "세대당주차수":"--",
            "난방방식":"--",
            "공급면적":50,
            "전용률":80,
            "욕실수":"--",
            "현관타입":"--",
            "주거총점":81.5,
            "지역구공급총점":0.0,
            "역세권":"NA",
            "30분내 이동가능 거점":"NA",
            "1시간내 이동가능 거점":"NA",
            "교통총점":"NA",
            "백화점":0,
            "아울렛몰":0,
            "대형마트":0,
            "은행":0,
            "병원":0,
            "종합병원":100,
            "공원":0,
            "혐오시설":0,
            "인프라총점":20.0,
            "초등학군":90.0,
            "중학군":45.2,
            "학군총점":54.16,
            "인구수":18.82,
            "인구증감":6.52,
            "인구총점":15.13,
            "일자리":9.4,
            "소득수준":74.21,
            "일자리총점":28.843,
            "가치 총점":50.065,
            "매매실거래년":20220110.0,
            "매매실거래가":15000.0,
            "전세실거래년":20210720.0,
            "전세실거래가":8400.0,
            "전세가율":71.79,
            "장기전세가율평균":75.25,
            "전세가율거품지수":3.46,
            "검색코드":102177,
            "세대수":620.0,
            "준공년월":"1991-04-11",
            "준공년차":32.0,
            "가까운역이름":"NA",
            "가까운역거리":"NA",
            "역세권여부":"NA",
            "30분이내주요거점역":"NA",
            "1시간이내주요거점역":"NA",
            "3km이내백화점수":0,
            "5km이내아울렛몰수":0,
            "1km이내대형먀트수":0,
            "500m이내은행수":1,
            "500m이내병원수":0,
            "5km이내대형병원수":2,
            "500m이내공원수":0,
            "3km이내혐오시설수":0,
            "초등학교학업성취도":90.0,
            "중학교학업성취도":73.8,
            "용적률":135,
            "건폐율":17,
            "Y":36.794485,
            "X":126.460802,
            "rank":6.0,
            "area_info":"24평(80.93), 24평(81.25), 25평(83.7), 30평(101.97), 40평(133.45)",
            "last_sales":"2022-01-10,15000.0,30평(101.97)"
        },
        {
            "index":216,
            "아파트명":"서산예천효성해링턴플레이스",
            "투자타입":"일반",
            "전용면적(m2)":"82.87",
            "전용면적(평)":"25평",
            "법정동주소":"충청남도 서산시 예천동 1332",
            "도로명주소":"충청남도 서산시 예천3로 43",
            "세대수":80,
            "입주년차":80,
            "용적률점수":"--",
            "건폐율점수":"--",
            "세대당주차수":30,
            "난방방식":30,
            "공급면적":"--",
            "전용률":"--",
            "욕실수":100,
            "현관타입":100,
            "주거총점":71.5,
            "지역구공급총점":0.0,
            "역세권":"NA",
            "30분내 이동가능 거점":"NA",
            "1시간내 이동가능 거점":"NA",
            "교통총점":"NA",
            "백화점":0,
            "아울렛몰":0,
            "대형마트":80,
            "은행":0,
            "병원":10,
            "종합병원":80,
            "공원":100,
            "혐오시설":0,
            "인프라총점":32.0,
            "초등학군":89.05,
            "중학군":38.38,
            "학군총점":48.514,
            "인구수":18.82,
            "인구증감":6.52,
            "인구총점":15.13,
            "일자리":9.4,
            "소득수준":74.21,
            "일자리총점":28.843,
            "가치 총점":49.9535,
            "매매실거래년":20220110.0,
            "매매실거래가":36700.0,
            "전세실거래년":20211020.0,
            "전세실거래가":23500.0,
            "전세가율":106.82,
            "장기전세가율평균":75.25,
            "전세가율거품지수":-31.57,
            "검색코드":108817,
            "세대수":808.0,
            "준공년월":"2016-10-01",
            "준공년차":7.0,
            "가까운역이름":"NA",
            "가까운역거리":"NA",
            "역세권여부":"NA",
            "30분이내주요거점역":"NA",
            "1시간이내주요거점역":"NA",
            "3km이내백화점수":0,
            "5km이내아울렛몰수":0,
            "1km이내대형먀트수":1,
            "500m이내은행수":0,
            "500m이내병원수":2,
            "5km이내대형병원수":1,
            "500m이내공원수":3,
            "3km이내혐오시설수":0,
            "초등학교학업성취도":89.05,
            "중학교학업성취도":63.1,
            "용적률":227,
            "건폐율":18,
            "Y":36.769544,
            "X":126.442158,
            "rank":7.0,
            "area_info":"25평(82.87), 25평(82.73), 30평(101.47), 31평(104.27), 33평(112.33), 34평(112.89), 34평(113.77)",
            "last_sales":"2022-01-10,36700.0,30평(101.47)"
        },
        {
            "index":265,
            "아파트명":"서산롯데캐슬",
            "투자타입":"일반",
            "전용면적(m2)":"79.17",
            "전용면적(평)":"23평",
            "법정동주소":"충청남도 서산시 읍내동 738-6",
            "도로명주소":"충청남도 서산시 안견로 365-10",
            "세대수":80,
            "입주년차":40,
            "용적률점수":"--",
            "건폐율점수":"--",
            "세대당주차수":60,
            "난방방식":30,
            "공급면적":"--",
            "전용률":"--",
            "욕실수":100,
            "현관타입":100,
            "주거총점":68.0,
            "지역구공급총점":0.0,
            "역세권":"NA",
            "30분내 이동가능 거점":"NA",
            "1시간내 이동가능 거점":"NA",
            "교통총점":"NA",
            "백화점":0,
            "아울렛몰":0,
            "대형마트":80,
            "은행":0,
            "병원":10,
            "종합병원":80,
            "공원":100,
            "혐오시설":0,
            "인프라총점":32.0,
            "초등학군":86.53,
            "중학군":42.62,
            "학군총점":51.402,
            "인구수":18.82,
            "인구증감":6.52,
            "인구총점":15.13,
            "일자리":9.4,
            "소득수준":74.21,
            "일자리총점":28.843,
            "가치 총점":49.4505,
            "매매실거래년":20220107.0,
            "매매실거래가":34000.0,
            "전세실거래년":20211213.0,
            "전세실거래가":17500.0,
            "전세가율":93.09,
            "장기전세가율평균":75.25,
            "전세가율거품지수":-17.84,
            "검색코드":18497,
            "세대수":790.0,
            "준공년월":"2006-10-19",
            "준공년차":17.0,
            "가까운역이름":"NA",
            "가까운역거리":"NA",
            "역세권여부":"NA",
            "30분이내주요거점역":"NA",
            "1시간이내주요거점역":"NA",
            "3km이내백화점수":0,
            "5km이내아울렛몰수":0,
            "1km이내대형먀트수":1,
            "500m이내은행수":0,
            "500m이내병원수":2,
            "5km이내대형병원수":1,
            "500m이내공원수":2,
            "3km이내혐오시설수":0,
            "초등학교학업성취도":86.53,
            "중학교학업성취도":70.5,
            "용적률":225,
            "건폐율":21,
            "Y":36.778253,
            "X":126.441165,
            "rank":8.0,
            "area_info":"23평(79.17), 34평(114.62), 50평(166.76)",
            "last_sales":"2022-01-07,34000.0,50평(166.76)"
        },
        {
            "index":93,
            "아파트명":"서산석림라온프라이빗",
            "투자타입":"일반",
            "전용면적(m2)":"80.39",
            "전용면적(평)":"24평",
            "법정동주소":"충청남도 서산시 석림동 958",
            "도로명주소":"충청남도 서산시 석림1로 77",
            "세대수":50,
            "입주년차":80,
            "용적률점수":"--",
            "건폐율점수":"--",
            "세대당주차수":30,
            "난방방식":30,
            "공급면적":"--",
            "전용률":"--",
            "욕실수":100,
            "현관타입":100,
            "주거총점":61.0,
            "지역구공급총점":0.0,
            "역세권":"NA",
            "30분내 이동가능 거점":"NA",
            "1시간내 이동가능 거점":"NA",
            "교통총점":"NA",
            "백화점":0,
            "아울렛몰":0,
            "대형마트":100,
            "은행":0,
            "병원":0,
            "종합병원":100,
            "공원":100,
            "혐오시설":0,
            "인프라총점":38.0,
            "초등학군":92.96,
            "중학군":38.38,
            "학군총점":49.296,
            "인구수":18.82,
            "인구증감":6.52,
            "인구총점":15.13,
            "일자리":9.4,
            "소득수준":74.21,
            "일자리총점":28.843,
            "가치 총점":48.874,
            "매매실거래년":20190313.0,
            "매매실거래가":28400.0,
            "전세실거래년":null,
            "전세실거래가":null,
            "전세가율":null,
            "장기전세가율평균":75.25,
            "전세가율거품지수":null,
            "검색코드":113158,
            "세대수":569.0,
            "준공년월":"2018-06-29",
            "준공년차":5.0,
            "가까운역이름":"NA",
            "가까운역거리":"NA",
            "역세권여부":"NA",
            "30분이내주요거점역":"NA",
            "1시간이내주요거점역":"NA",
            "3km이내백화점수":0,
            "5km이내아울렛몰수":0,
            "1km이내대형먀트수":7,
            "500m이내은행수":0,
            "500m이내병원수":1,
            "5km이내대형병원수":2,
            "500m이내공원수":6,
            "3km이내혐오시설수":0,
            "초등학교학업성취도":92.96,
            "중학교학업성취도":63.1,
            "용적률":232,
            "건폐율":18,
            "Y":36.769733,
            "X":126.462282,
            "rank":9.0,
            "area_info":"24평(80.39), 24평(81.08), 30평(101.27), 33평(111.92), 33평(111.92), 33평(112.27), 33평(112.3)",
            "last_sales":"2019-03-13,28400.0,33평(112.3)"
        },
        {
            "index":59,
            "아파트명":"주공",
            "투자타입":"재건축",
            "전용면적(m2)":"45.54",
            "전용면적(평)":"13평",
            "법정동주소":"충청남도 서산시 동문동 228",
            "도로명주소":"충청남도 서산시 율지18로 23",
            "세대수":30,
            "입주년차":"--",
            "용적률점수":100,
            "건폐율점수":80,
            "세대당주차수":"--",
            "난방방식":"--",
            "공급면적":50,
            "전용률":80,
            "욕실수":"--",
            "현관타입":"--",
            "주거총점":71.5,
            "지역구공급총점":0.0,
            "역세권":"NA",
            "30분내 이동가능 거점":"NA",
            "1시간내 이동가능 거점":"NA",
            "교통총점":"NA",
            "백화점":0,
            "아울렛몰":0,
            "대형마트":0,
            "은행":0,
            "병원":30,
            "종합병원":100,
            "공원":100,
            "혐오시설":0,
            "인프라총점":26.0,
            "초등학군":87.32,
            "중학군":44.38,
            "학군총점":52.968,
            "인구수":18.82,
            "인구증감":6.52,
            "인구총점":15.13,
            "일자리":9.4,
            "소득수준":74.21,
            "일자리총점":28.843,
            "가치 총점":48.667,
            "매매실거래년":20211230.0,
            "매매실거래가":7500.0,
            "전세실거래년":20211207.0,
            "전세실거래가":4000.0,
            "전세가율":53.33,
            "장기전세가율평균":75.25,
            "전세가율거품지수":21.92,
            "검색코드":7009,
            "세대수":300.0,
            "준공년월":"1988-11-28",
            "준공년차":35.0,
            "가까운역이름":"NA",
            "가까운역거리":"NA",
            "역세권여부":"NA",
            "30분이내주요거점역":"NA",
            "1시간이내주요거점역":"NA",
            "3km이내백화점수":0,
            "5km이내아울렛몰수":0,
            "1km이내대형먀트수":0,
            "500m이내은행수":0,
            "500m이내병원수":7,
            "5km이내대형병원수":2,
            "500m이내공원수":7,
            "3km이내혐오시설수":0,
            "초등학교학업성취도":87.32,
            "중학교학업성취도":71.7,
            "용적률":91,
            "건폐율":20,
            "Y":36.77808,
            "X":126.46441,
            "rank":10.0,
            "area_info":"13평(45.54), 13평(45.15), 15평(52.53), 15평(52.86)",
            "last_sales":"2021-12-30,7500.0,13평(45.54)"
        },
        {
            "index":223,
            "아파트명":"센텀파크뷰서희",
            "투자타입":"일반",
            "전용면적(m2)":"89.42",
            "전용면적(평)":"27평",
            "법정동주소":"충청남도 서산시 예천동 1727",
            "도로명주소":"충청남도 서산시 고운로 17",
            "세대수":50,
            "입주년차":100,
            "용적률점수":"--",
            "건폐율점수":"--",
            "세대당주차수":30,
            "난방방식":30,
            "공급면적":"--",
            "전용률":"--",
            "욕실수":100,
            "현관타입":100,
            "주거총점":65.0,
            "지역구공급총점":0.0,
            "역세권":"NA",
            "30분내 이동가능 거점":"NA",
            "1시간내 이동가능 거점":"NA",
            "교통총점":"NA",
            "백화점":0,
            "아울렛몰":0,
            "대형마트":80,
            "은행":0,
            "병원":10,
            "종합병원":80,
            "공원":100,
            "혐오시설":0,
            "인프라총점":32.0,
            "초등학군":89.05,
            "중학군":42.62,
            "학군총점":51.906,
            "인구수":18.82,
            "인구증감":6.52,
            "인구총점":15.13,
            "일자리":9.4,
            "소득수준":74.21,
            "일자리총점":28.843,
            "가치 총점":48.5265,
            "매매실거래년":20211116.0,
            "매매실거래가":26000.0,
            "전세실거래년":20211018.0,
            "전세실거래가":23000.0,
            "전세가율":88.46,
            "장기전세가율평균":75.25,
            "전세가율거품지수":-13.21,
            "검색코드":124904,
            "세대수":653.0,
            "준공년월":"2021-05-28",
            "준공년차":2.0,
            "가까운역이름":"NA",
            "가까운역거리":"NA",
            "역세권여부":"NA",
            "30분이내주요거점역":"NA",
            "1시간이내주요거점역":"NA",
            "3km이내백화점수":0,
            "5km이내아울렛몰수":0,
            "1km이내대형먀트수":1,
            "500m이내은행수":0,
            "500m이내병원수":4,
            "5km이내대형병원수":1,
            "500m이내공원수":4,
            "3km이내혐오시설수":0,
            "초등학교학업성취도":89.05,
            "중학교학업성취도":70.5,
            "용적률":242,
            "건폐율":17,
            "Y":36.774919,
            "X":126.441885,
            "rank":11.0,
            "area_info":"27평(89.42), 27평(89.55), 29평(97.57), 29평(97.06), 32평(107.88), 32평(108.18)",
            "last_sales":"2021-11-16,26000.0,27평(89.42)"
        },
        {
            "index":272,
            "아파트명":"서산읍내현대",
            "투자타입":"일반",
            "전용면적(m2)":"71.05",
            "전용면적(평)":"21평",
            "법정동주소":"충청남도 서산시 읍내동 55",
            "도로명주소":"충청남도 서산시 호수공원6로 19",
            "세대수":90,
            "입주년차":20,
            "용적률점수":"--",
            "건폐율점수":"--",
            "세대당주차수":30,
            "난방방식":30,
            "공급면적":"--",
            "전용률":"--",
            "욕실수":100,
            "현관타입":100,
            "주거총점":63.0,
            "지역구공급총점":0.0,
            "역세권":"NA",
            "30분내 이동가능 거점":"NA",
            "1시간내 이동가능 거점":"NA",
            "교통총점":"NA",
            "백화점":0,
            "아울렛몰":0,
            "대형마트":80,
            "은행":0,
            "병원":30,
            "종합병원":80,
            "공원":100,
            "혐오시설":0,
            "인프라총점":34.0,
            "초등학군":86.53,
            "중학군":42.62,
            "학군총점":51.402,
            "인구수":18.82,
            "인구증감":6.52,
            "인구총점":15.13,
            "일자리":9.4,
            "소득수준":74.21,
            "일자리총점":28.843,
            "가치 총점":48.5005,
            "매매실거래년":20220112.0,
            "매매실거래가":21850.0,
            "전세실거래년":20211225.0,
            "전세실거래가":14000.0,
            "전세가율":73.68,
            "장기전세가율평균":75.25,
            "전세가율거품지수":1.57,
            "검색코드":7069,
            "세대수":915.0,
            "준공년월":"2001-10-23",
            "준공년차":22.0,
            "가까운역이름":"NA",
            "가까운역거리":"NA",
            "역세권여부":"NA",
            "30분이내주요거점역":"NA",
            "1시간이내주요거점역":"NA",
            "3km이내백화점수":0,
            "5km이내아울렛몰수":0,
            "1km이내대형먀트수":1,
            "500m이내은행수":0,
            "500m이내병원수":7,
            "5km이내대형병원수":1,
            "500m이내공원수":4,
            "3km이내혐오시설수":0,
            "초등학교학업성취도":86.53,
            "중학교학업성취도":70.5,
            "용적률":233,
            "건폐율":17,
            "Y":36.775873,
            "X":126.445895,
            "rank":12.0,
            "area_info":"21평(71.05), 21평(71.15), 27평(91.49), 30평(100.94), 35평(118.74), 40평(132.81), 48평(160.35)",
            "last_sales":"2022-01-12,21850.0,30평(100.94)"
        },
        {
            "index":23,
            "아파트명":"동문코아루",
            "투자타입":"일반",
            "전용면적(m2)":"85.12",
            "전용면적(평)":"25평",
            "법정동주소":"충청남도 서산시 동문동 71-1",
            "도로명주소":"충청남도 서산시 고운로 275-14",
            "세대수":90,
            "입주년차":40,
            "용적률점수":"--",
            "건폐율점수":"--",
            "세대당주차수":60,
            "난방방식":30,
            "공급면적":"--",
            "전용률":"--",
            "욕실수":100,
            "현관타입":100,
            "주거총점":71.5,
            "지역구공급총점":0.0,
            "역세권":"NA",
            "30분내 이동가능 거점":"NA",
            "1시간내 이동가능 거점":"NA",
            "교통총점":"NA",
            "백화점":0,
            "아울렛몰":0,
            "대형마트":0,
            "은행":0,
            "병원":10,
            "종합병원":100,
            "공원":100,
            "혐오시설":0,
            "인프라총점":24.0,
            "초등학군":90.0,
            "중학군":45.2,
            "학군총점":54.16,
            "인구수":18.82,
            "인구증감":6.52,
            "인구총점":15.13,
            "일자리":9.4,
            "소득수준":74.21,
            "일자리총점":28.843,
            "가치 총점":48.165,
            "매매실거래년":20220114.0,
            "매매실거래가":28000.0,
            "전세실거래년":20211201.0,
            "전세실거래가":16250.0,
            "전세가율":81.66,
            "장기전세가율평균":75.25,
            "전세가율거품지수":-6.41,
            "검색코드":19690,
            "세대수":905.0,
            "준공년월":"2007-02-22",
            "준공년차":16.0,
            "가까운역이름":"NA",
            "가까운역거리":"NA",
            "역세권여부":"NA",
            "30분이내주요거점역":"NA",
            "1시간이내주요거점역":"NA",
            "3km이내백화점수":0,
            "5km이내아울렛몰수":0,
            "1km이내대형먀트수":0,
            "500m이내은행수":0,
            "500m이내병원수":2,
            "5km이내대형병원수":2,
            "500m이내공원수":3,
            "3km이내혐오시설수":0,
            "초등학교학업성취도":90.0,
            "중학교학업성취도":73.8,
            "용적률":212,
            "건폐율":20,
            "Y":36.786293,
            "X":126.466276,
            "rank":13.0,
            "area_info":"25평(85.12), 26평(87.1), 34평(114.62), 35평(117.2), 49평(163.44), 58평(192.47)",
            "last_sales":"2022-01-14,28000.0,34평(114.62)"
        },
        {
            "index":100,
            "아파트명":"서산센트럴코아루",
            "투자타입":"일반",
            "전용면적(m2)":"88.57",
            "전용면적(평)":"26평",
            "법정동주소":"충청남도 서산시 석림동 962",
            "도로명주소":"충청남도 서산시 한마음2로 22",
            "세대수":30,
            "입주년차":100,
            "용적률점수":"--",
            "건폐율점수":"--",
            "세대당주차수":30,
            "난방방식":30,
            "공급면적":"--",
            "전용률":"--",
            "욕실수":100,
            "현관타입":100,
            "주거총점":58.0,
            "지역구공급총점":0.0,
            "역세권":"NA",
            "30분내 이동가능 거점":"NA",
            "1시간내 이동가능 거점":"NA",
            "교통총점":"NA",
            "백화점":0,
            "아울렛몰":0,
            "대형마트":100,
            "은행":0,
            "병원":10,
            "종합병원":100,
            "공원":100,
            "혐오시설":0,
            "인프라총점":39.0,
            "초등학군":90.82,
            "중학군":38.38,
            "학군총점":48.868,
            "인구수":18.82,
            "인구증감":6.52,
            "인구총점":15.13,
            "일자리":9.4,
            "소득수준":74.21,
            "일자리총점":28.843,
            "가치 총점":48.117,
            "매매실거래년":20220112.0,
            "매매실거래가":24000.0,
            "전세실거래년":20220111.0,
            "전세실거래가":24000.0,
            "전세가율":100.0,
            "장기전세가율평균":75.25,
            "전세가율거품지수":-24.75,
            "검색코드":115639,
            "세대수":337.0,
            "준공년월":"2019-03-01",
            "준공년차":4.0,
            "가까운역이름":"NA",
            "가까운역거리":"NA",
            "역세권여부":"NA",
            "30분이내주요거점역":"NA",
            "1시간이내주요거점역":"NA",
            "3km이내백화점수":0,
            "5km이내아울렛몰수":0,
            "1km이내대형먀트수":7,
            "500m이내은행수":1,
            "500m이내병원수":2,
            "5km이내대형병원수":2,
            "500m이내공원수":8,
            "3km이내혐오시설수":0,
            "초등학교학업성취도":90.82,
            "중학교학업성취도":63.1,
            "용적률":0,
            "건폐율":0,
            "Y":36.774842,
            "X":126.456725,
            "rank":14.0,
            "area_info":"26평(88.57), 30평(100.37), 30평(101.57), 30평(101.27), 30평(101.13), 39평(131.92), 42평(140.43)",
            "last_sales":"2022-01-12,24000.0,26평(88.57)"
        },
        {
            "index":81,
            "아파트명":"센스빌",
            "투자타입":"일반",
            "전용면적(m2)":"67.43",
            "전용면적(평)":"20평",
            "법정동주소":"충청남도 서산시 석남동 104-1",
            "도로명주소":"충청남도 서산시 동서1로 130",
            "세대수":90,
            "입주년차":20,
            "용적률점수":"--",
            "건폐율점수":"--",
            "세대당주차수":30,
            "난방방식":30,
            "공급면적":"--",
            "전용률":"--",
            "욕실수":50,
            "현관타입":100,
            "주거총점":58.0,
            "지역구공급총점":0.0,
            "역세권":"NA",
            "30분내 이동가능 거점":"NA",
            "1시간내 이동가능 거점":"NA",
            "교통총점":"NA",
            "백화점":0,
            "아울렛몰":0,
            "대형마트":100,
            "은행":0,
            "병원":0,
            "종합병원":100,
            "공원":100,
            "혐오시설":0,
            "인프라총점":38.0,
            "초등학군":92.96,
            "중학군":38.38,
            "학군총점":49.296,
            "인구수":18.82,
            "인구증감":6.52,
            "인구총점":15.13,
            "일자리":9.4,
            "소득수준":74.21,
            "일자리총점":28.843,
            "가치 총점":47.824,
            "매매실거래년":20220107.0,
            "매매실거래가":17600.0,
            "전세실거래년":20211206.0,
            "전세실거래가":14000.0,
            "전세가율":83.33,
            "장기전세가율평균":75.25,
            "전세가율거품지수":-8.08,
            "검색코드":17180,
            "세대수":1093.0,
            "준공년월":"2003-06-16",
            "준공년차":20.0,
            "가까운역이름":"NA",
            "가까운역거리":"NA",
            "역세권여부":"NA",
            "30분이내주요거점역":"NA",
            "1시간이내주요거점역":"NA",
            "3km이내백화점수":0,
            "5km이내아울렛몰수":0,
            "1km이내대형먀트수":7,
            "500m이내은행수":0,
            "500m이내병원수":1,
            "5km이내대형병원수":2,
            "500m이내공원수":3,
            "3km이내혐오시설수":0,
            "초등학교학업성취도":92.96,
            "중학교학업성취도":63.1,
            "용적률":144,
            "건폐율":14,
            "Y":36.767256,
            "X":126.457471,
            "rank":15.0,
            "area_info":"20평(67.43), 20평(67.11), 23평(76.97), 23평(78.09), 29평(99.04), 33평(110.52), 33평(110.6)",
            "last_sales":"2022-01-07,17600.0,23평(78.09)"
        },
        {
            "index":109,
            "아파트명":"석림한성필하우스",
            "투자타입":"일반",
            "전용면적(m2)":"96.76",
            "전용면적(평)":"29평",
            "법정동주소":"충청남도 서산시 석림동 590-1",
            "도로명주소":"충청남도 서산시 동서2로 15",
            "세대수":80,
            "입주년차":40,
            "용적률점수":"--",
            "건폐율점수":"--",
            "세대당주차수":60,
            "난방방식":30,
            "공급면적":"--",
            "전용률":"--",
            "욕실수":100,
            "현관타입":100,
            "주거총점":68.0,
            "지역구공급총점":0.0,
            "역세권":"NA",
            "30분내 이동가능 거점":"NA",
            "1시간내 이동가능 거점":"NA",
            "교통총점":"NA",
            "백화점":0,
            "아울렛몰":0,
            "대형마트":0,
            "은행":0,
            "병원":10,
            "종합병원":100,
            "공원":100,
            "혐오시설":0,
            "인프라총점":24.0,
            "초등학군":93.17,
            "중학군":44.38,
            "학군총점":54.138,
            "인구수":18.82,
            "인구증감":6.52,
            "인구총점":15.13,
            "일자리":9.4,
            "소득수준":74.21,
            "일자리총점":28.843,
            "가치 총점":46.9345,
            "매매실거래년":20220109.0,
            "매매실거래가":29000.0,
            "전세실거래년":20211018.0,
            "전세실거래가":18000.0,
            "전세가율":75.95,
            "장기전세가율평균":75.25,
            "전세가율거품지수":-0.7,
            "검색코드":23840,
            "세대수":702.0,
            "준공년월":"2007-08-30",
            "준공년차":16.0,
            "가까운역이름":"NA",
            "가까운역거리":"NA",
            "역세권여부":"NA",
            "30분이내주요거점역":"NA",
            "1시간이내주요거점역":"NA",
            "3km이내백화점수":0,
            "5km이내아울렛몰수":0,
            "1km이내대형먀트수":0,
            "500m이내은행수":1,
            "500m이내병원수":2,
            "5km이내대형병원수":2,
            "500m이내공원수":4,
            "3km이내혐오시설수":0,
            "초등학교학업성취도":93.17,
            "중학교학업성취도":71.7,
            "용적률":214,
            "건폐율":22,
            "Y":36.774964,
            "X":126.467521,
            "rank":16.0,
            "area_info":"29평(96.76), 35평(117.21), 49평(164.04)",
            "last_sales":"2022-01-09,29000.0,35평(117.21)"
        },
        {
            "index":268,
            "아파트명":"서산읍내양우내안애퍼스트힐",
            "투자타입":"일반",
            "전용면적(m2)":"81.86",
            "전용면적(평)":"24평",
            "법정동주소":"충청남도 서산시 읍내동 873",
            "도로명주소":"충청남도 서산시 안견로 457",
            "세대수":90,
            "입주년차":80,
            "용적률점수":"--",
            "건폐율점수":"--",
            "세대당주차수":30,
            "난방방식":30,
            "공급면적":"--",
            "전용률":"--",
            "욕실수":100,
            "현관타입":100,
            "주거총점":75.0,
            "지역구공급총점":0.0,
            "역세권":"NA",
            "30분내 이동가능 거점":"NA",
            "1시간내 이동가능 거점":"NA",
            "교통총점":"NA",
            "백화점":0,
            "아울렛몰":0,
            "대형마트":0,
            "은행":0,
            "병원":0,
            "종합병원":80,
            "공원":100,
            "혐오시설":0,
            "인프라총점":19.0,
            "초등학군":91.0,
            "중학군":42.62,
            "학군총점":52.296,
            "인구수":18.82,
            "인구증감":6.52,
            "인구총점":15.13,
            "일자리":9.4,
            "소득수준":74.21,
            "일자리총점":28.843,
            "가치 총점":46.924,
            "매매실거래년":20211221.0,
            "매매실거래가":26000.0,
            "전세실거래년":20211218.0,
            "전세실거래가":17000.0,
            "전세가율":65.38,
            "장기전세가율평균":75.25,
            "전세가율거품지수":9.87,
            "검색코드":111312,
            "세대수":943.0,
            "준공년월":"2018-05-01",
            "준공년차":5.0,
            "가까운역이름":"NA",
            "가까운역거리":"NA",
            "역세권여부":"NA",
            "30분이내주요거점역":"NA",
            "1시간이내주요거점역":"NA",
            "3km이내백화점수":0,
            "5km이내아울렛몰수":0,
            "1km이내대형먀트수":0,
            "500m이내은행수":0,
            "500m이내병원수":1,
            "5km이내대형병원수":1,
            "500m이내공원수":3,
            "3km이내혐오시설수":0,
            "초등학교학업성취도":91.0,
            "중학교학업성취도":70.5,
            "용적률":223,
            "건폐율":17,
            "Y":36.783555,
            "X":126.440049,
            "rank":17.0,
            "area_info":"24평(81.86), 29평(98.22), 34평(114.09), 34평(114.37)",
            "last_sales":"2021-12-21,26000.0,24평(81.86)"
        },
        {
            "index":52,
            "아파트명":"서산동문한라비발디",
            "투자타입":"일반",
            "전용면적(m2)":"107.9",
            "전용면적(평)":"32평",
            "법정동주소":"충청남도 서산시 동문동 1259",
            "도로명주소":"충청남도 서산시 고운로 276",
            "세대수":80,
            "입주년차":40,
            "용적률점수":"--",
            "건폐율점수":"--",
            "세대당주차수":60,
            "난방방식":30,
            "공급면적":"--",
            "전용률":"--",
            "욕실수":100,
            "현관타입":100,
            "주거총점":68.0,
            "지역구공급총점":0.0,
            "역세권":"NA",
            "30분내 이동가능 거점":"NA",
            "1시간내 이동가능 거점":"NA",
            "교통총점":"NA",
            "백화점":0,
            "아울렛몰":0,
            "대형마트":0,
            "은행":0,
            "병원":10,
            "종합병원":100,
            "공원":100,
            "혐오시설":0,
            "인프라총점":24.0,
            "초등학군":87.32,
            "중학군":44.38,
            "학군총점":52.968,
            "인구수":18.82,
            "인구증감":6.52,
            "인구총점":15.13,
            "일자리":9.4,
            "소득수준":74.21,
            "일자리총점":28.843,
            "가치 총점":46.642,
            "매매실거래년":20211225.0,
            "매매실거래가":29700.0,
            "전세실거래년":20211208.0,
            "전세실거래가":27000.0,
            "전세가율":90.91,
            "장기전세가율평균":75.25,
            "전세가율거품지수":-15.66,
            "검색코드":22407,
            "세대수":845.0,
            "준공년월":"2006-12-15",
            "준공년차":17.0,
            "가까운역이름":"NA",
            "가까운역거리":"NA",
            "역세권여부":"NA",
            "30분이내주요거점역":"NA",
            "1시간이내주요거점역":"NA",
            "3km이내백화점수":0,
            "5km이내아울렛몰수":0,
            "1km이내대형먀트수":0,
            "500m이내은행수":0,
            "500m이내병원수":2,
            "5km이내대형병원수":2,
            "500m이내공원수":6,
            "3km이내혐오시설수":0,
            "초등학교학업성취도":87.32,
            "중학교학업성취도":71.7,
            "용적률":208,
            "건폐율":19,
            "Y":36.78316,
            "X":126.46607,
            "rank":18.0,
            "area_info":"32평(107.9), 34평(115.18), 39평(130.65), 49평(162.27)",
            "last_sales":"2021-12-25,29700.0,32평(107.9)"
        },
        {
            "index":12,
            "아파트명":"한성필하우스",
            "투자타입":"일반",
            "전용면적(m2)":"75.9",
            "전용면적(평)":"22평",
            "법정동주소":"충청남도 서산시 대산읍 대산리 1550",
            "도로명주소":"충청남도 서산시 정자동2로 16",
            "세대수":80,
            "입주년차":80,
            "용적률점수":"--",
            "건폐율점수":"--",
            "세대당주차수":30,
            "난방방식":30,
            "공급면적":"--",
            "전용률":"--",
            "욕실수":100,
            "현관타입":100,
            "주거총점":71.5,
            "지역구공급총점":0.0,
            "역세권":"NA",
            "30분내 이동가능 거점":"NA",
            "1시간내 이동가능 거점":"NA",
            "교통총점":"NA",
            "백화점":0,
            "아울렛몰":0,
            "대형마트":100,
            "은행":0,
            "병원":0,
            "종합병원":0,
            "공원":100,
            "혐오시설":0,
            "인프라총점":18.0,
            "초등학군":93.29,
            "중학군":41.32,
            "학군총점":51.714,
            "인구수":18.82,
            "인구증감":6.52,
            "인구총점":15.13,
            "일자리":9.4,
            "소득수준":74.21,
            "일자리총점":28.843,
            "가치 총점":45.1535,
            "매매실거래년":20211119.0,
            "매매실거래가":27000.0,
            "전세실거래년":20190508.0,
            "전세실거래가":12000.0,
            "전세가율":null,
            "장기전세가율평균":75.25,
            "전세가율거품지수":null,
            "검색코드":109512,
            "세대수":780.0,
            "준공년월":"2017-04-01",
            "준공년차":6.0,
            "가까운역이름":"NA",
            "가까운역거리":"NA",
            "역세권여부":"NA",
            "30분이내주요거점역":"NA",
            "1시간이내주요거점역":"NA",
            "3km이내백화점수":0,
            "5km이내아울렛몰수":0,
            "1km이내대형먀트수":2,
            "500m이내은행수":0,
            "500m이내병원수":1,
            "5km이내대형병원수":0,
            "500m이내공원수":4,
            "3km이내혐오시설수":0,
            "초등학교학업성취도":93.29,
            "중학교학업성취도":68.0,
            "용적률":0,
            "건폐율":0,
            "Y":36.940095,
            "X":126.427872,
            "rank":19.0,
            "area_info":"22평(75.9), 25평(84.2), 25평(84.77), 25평(84.66), 25평(84.59), 25평(85.68), 28평(95.6), 34평(112.5), 34평(113.31)",
            "last_sales":"2021-11-19,27000.0,34평(113.31)"
        },
        {
            "index":34,
            "아파트명":"서산동문꿈에그린",
            "투자타입":"일반",
            "전용면적(m2)":"81.43",
            "전용면적(평)":"24평",
            "법정동주소":"충청남도 서산시 동문동 1274",
            "도로명주소":"충청남도 서산시 서령로 157-27",
            "세대수":50,
            "입주년차":80,
            "용적률점수":"--",
            "건폐율점수":"--",
            "세대당주차수":30,
            "난방방식":30,
            "공급면적":"--",
            "전용률":"--",
            "욕실수":100,
            "현관타입":100,
            "주거총점":61.0,
            "지역구공급총점":0.0,
            "역세권":"NA",
            "30분내 이동가능 거점":"NA",
            "1시간내 이동가능 거점":"NA",
            "교통총점":"NA",
            "백화점":0,
            "아울렛몰":0,
            "대형마트":0,
            "은행":0,
            "병원":0,
            "종합병원":100,
            "공원":0,
            "혐오시설":0,
            "인프라총점":20.0,
            "초등학군":90.0,
            "중학군":45.2,
            "학군총점":54.16,
            "인구수":18.82,
            "인구증감":6.52,
            "인구총점":15.13,
            "일자리":9.4,
            "소득수준":74.21,
            "일자리총점":28.843,
            "가치 총점":42.89,
            "매매실거래년":20220104.0,
            "매매실거래가":20800.0,
            "전세실거래년":20211008.0,
            "전세실거래가":18000.0,
            "전세가율":86.54,
            "장기전세가율평균":75.25,
            "전세가율거품지수":-11.29,
            "검색코드":115432,
            "세대수":471.0,
            "준공년월":"2018-08-23",
            "준공년차":5.0,
            "가까운역이름":"NA",
            "가까운역거리":"NA",
            "역세권여부":"NA",
            "30분이내주요거점역":"NA",
            "1시간이내주요거점역":"NA",
            "3km이내백화점수":0,
            "5km이내아울렛몰수":0,
            "1km이내대형먀트수":0,
            "500m이내은행수":1,
            "500m이내병원수":0,
            "5km이내대형병원수":2,
            "500m이내공원수":0,
            "3km이내혐오시설수":0,
            "초등학교학업성취도":90.0,
            "중학교학업성취도":73.8,
            "용적률":226,
            "건폐율":18,
            "Y":36.795699,
            "X":126.461375,
            "rank":20.0,
            "area_info":"24평(81.43), 30평(100.55), 30평(100.16), 34평(113.76), 34평(114.54)",
            "last_sales":"2022-01-04,20800.0,24평(81.43)"
        },
        {
            "index":39,
            "아파트명":"서산동문동아더프라임",
            "투자타입":"일반",
            "전용면적(m2)":"111.77",
            "전용면적(평)":"33평",
            "법정동주소":"충청남도 서산시 동문동 600",
            "도로명주소":"충청남도 서산시 안견로 91",
            "세대수":50,
            "입주년차":60,
            "용적률점수":"--",
            "건폐율점수":"--",
            "세대당주차수":30,
            "난방방식":30,
            "공급면적":"--",
            "전용률":"--",
            "욕실수":100,
            "현관타입":100,
            "주거총점":57.0,
            "지역구공급총점":0.0,
            "역세권":"NA",
            "30분내 이동가능 거점":"NA",
            "1시간내 이동가능 거점":"NA",
            "교통총점":"NA",
            "백화점":0,
            "아울렛몰":0,
            "대형마트":0,
            "은행":0,
            "병원":0,
            "종합병원":100,
            "공원":100,
            "혐오시설":0,
            "인프라총점":23.0,
            "초등학군":90.0,
            "중학군":45.2,
            "학군총점":54.16,
            "인구수":18.82,
            "인구증감":6.52,
            "인구총점":15.13,
            "일자리":9.4,
            "소득수준":74.21,
            "일자리총점":28.843,
            "가치 총점":42.69,
            "매매실거래년":20211229.0,
            "매매실거래가":22800.0,
            "전세실거래년":20211102.0,
            "전세실거래가":22000.0,
            "전세가율":96.49,
            "장기전세가율평균":75.25,
            "전세가율거품지수":-21.24,
            "검색코드":103699,
            "세대수":458.0,
            "준공년월":"2013-05-31",
            "준공년차":10.0,
            "가까운역이름":"NA",
            "가까운역거리":"NA",
            "역세권여부":"NA",
            "30분이내주요거점역":"NA",
            "1시간이내주요거점역":"NA",
            "3km이내백화점수":0,
            "5km이내아울렛몰수":0,
            "1km이내대형먀트수":0,
            "500m이내은행수":0,
            "500m이내병원수":0,
            "5km이내대형병원수":2,
            "500m이내공원수":2,
            "3km이내혐오시설수":0,
            "초등학교학업성취도":90.0,
            "중학교학업성취도":73.8,
            "용적률":223,
            "건폐율":22,
            "Y":36.79002,
            "X":126.454897,
            "rank":21.0,
            "area_info":"33평(111.77), 33평(111.65), 33평(111.77), 34평(112.47), 43평(144.65)",
            "last_sales":"2021-12-29,22800.0,33평(111.77)"
        },
        {
            "index":70,
            "아파트명":"현진에버빌",
            "투자타입":"일반",
            "전용면적(m2)":"112.43",
            "전용면적(평)":"34평",
            "법정동주소":"충청남도 서산시 동문동 1257",
            "도로명주소":"충청남도 서산시 향교4로 8-13",
            "세대수":50,
            "입주년차":40,
            "용적률점수":"--",
            "건폐율점수":"--",
            "세대당주차수":60,
            "난방방식":30,
            "공급면적":"--",
            "전용률":"--",
            "욕실수":100,
            "현관타입":100,
            "주거총점":57.5,
            "지역구공급총점":0.0,
            "역세권":"NA",
            "30분내 이동가능 거점":"NA",
            "1시간내 이동가능 거점":"NA",
            "교통총점":"NA",
            "백화점":0,
            "아울렛몰":0,
            "대형마트":0,
            "은행":0,
            "병원":0,
            "종합병원":100,
            "공원":80,
            "혐오시설":0,
            "인프라총점":22.4,
            "초등학군":90.0,
            "중학군":45.2,
            "학군총점":54.16,
            "인구수":18.82,
            "인구증감":6.52,
            "인구총점":15.13,
            "일자리":9.4,
            "소득수준":74.21,
            "일자리총점":28.843,
            "가치 총점":42.625,
            "매매실거래년":20211122.0,
            "매매실거래가":22000.0,
            "전세실거래년":20210916.0,
            "전세실거래가":17000.0,
            "전세가율":77.27,
            "장기전세가율평균":75.25,
            "전세가율거품지수":-2.02,
            "검색코드":22418,
            "세대수":559.0,
            "준공년월":"2007-02-27",
            "준공년차":16.0,
            "가까운역이름":"NA",
            "가까운역거리":"NA",
            "역세권여부":"NA",
            "30분이내주요거점역":"NA",
            "1시간이내주요거점역":"NA",
            "3km이내백화점수":0,
            "5km이내아울렛몰수":0,
            "1km이내대형먀트수":0,
            "500m이내은행수":0,
            "500m이내병원수":0,
            "5km이내대형병원수":2,
            "500m이내공원수":1,
            "3km이내혐오시설수":0,
            "초등학교학업성취도":90.0,
            "중학교학업성취도":73.8,
            "용적률":217,
            "건폐율":20,
            "Y":36.792759,
            "X":126.456937,
            "rank":22.0,
            "area_info":"34평(112.43), 36평(119.36), 38평(128.75), 45평(149.62)",
            "last_sales":"2021-11-22,22000.0,34평(112.43)"
        },
        {
            "index":107,
            "아파트명":"석림중앙하이츠빌",
            "투자타입":"일반",
            "전용면적(m2)":"110.98",
            "전용면적(평)":"33평",
            "법정동주소":"충청남도 서산시 석림동 416-1",
            "도로명주소":"충청남도 서산시 석림1로 20",
            "세대수":50,
            "입주년차":40,
            "용적률점수":"--",
            "건폐율점수":"--",
            "세대당주차수":30,
            "난방방식":30,
            "공급면적":"--",
            "전용률":"--",
            "욕실수":100,
            "현관타입":100,
            "주거총점":53.0,
            "지역구공급총점":0.0,
            "역세권":"NA",
            "30분내 이동가능 거점":"NA",
            "1시간내 이동가능 거점":"NA",
            "교통총점":"NA",
            "백화점":0,
            "아울렛몰":0,
            "대형마트":0,
            "은행":0,
            "병원":0,
            "종합병원":100,
            "공원":100,
            "혐오시설":0,
            "인프라총점":23.0,
            "초등학군":93.17,
            "중학군":47.4,
            "학군총점":56.554,
            "인구수":18.82,
            "인구증감":6.52,
            "인구총점":15.13,
            "일자리":9.4,
            "소득수준":74.21,
            "일자리총점":28.843,
            "가치 총점":41.8885,
            "매매실거래년":20220103.0,
            "매매실거래가":32600.0,
            "전세실거래년":20211126.0,
            "전세실거래가":22000.0,
            "전세가율":110.0,
            "장기전세가율평균":75.25,
            "전세가율거품지수":-34.75,
            "검색코드":19438,
            "세대수":431.0,
            "준공년월":"2006-11-15",
            "준공년차":17.0,
            "가까운역이름":"NA",
            "가까운역거리":"NA",
            "역세권여부":"NA",
            "30분이내주요거점역":"NA",
            "1시간이내주요거점역":"NA",
            "3km이내백화점수":0,
            "5km이내아울렛몰수":0,
            "1km이내대형먀트수":0,
            "500m이내은행수":0,
            "500m이내병원수":0,
            "5km이내대형병원수":2,
            "500m이내공원수":2,
            "3km이내혐오시설수":0,
            "초등학교학업성취도":93.17,
            "중학교학업성취도":77.4,
            "용적률":232,
            "건폐율":23,
            "Y":36.767344,
            "X":126.467762,
            "rank":23.0,
            "area_info":"33평(110.98), 45평(149.94)",
            "last_sales":"2022-01-03,32600.0,45평(149.94)"
        },
        {
            "index":172,
            "아파트명":"서산금호어울림에듀퍼스트",
            "투자타입":"일반",
            "전용면적(m2)":"92.75",
            "전용면적(평)":"28평",
            "법정동주소":"충청남도 서산시 성연면 일람리 1077",
            "도로명주소":"충청남도 서산시 성연5로 92-7",
            "세대수":80,
            "입주년차":100,
            "용적률점수":"--",
            "건폐율점수":"--",
            "세대당주차수":30,
            "난방방식":30,
            "공급면적":"--",
            "전용률":"--",
            "욕실수":100,
            "현관타입":100,
            "주거총점":75.5,
            "지역구공급총점":0.0,
            "역세권":"NA",
            "30분내 이동가능 거점":"NA",
            "1시간내 이동가능 거점":"NA",
            "교통총점":"NA",
            "백화점":0,
            "아울렛몰":0,
            "대형마트":0,
            "은행":0,
            "병원":0,
            "종합병원":0,
            "공원":100,
            "혐오시설":0,
            "인프라총점":3.0,
            "초등학군":94.39,
            "중학군":35.22,
            "학군총점":47.054,
            "인구수":18.82,
            "인구증감":6.52,
            "인구총점":15.13,
            "일자리":9.4,
            "소득수준":74.21,
            "일자리총점":28.843,
            "가치 총점":39.3885,
            "매매실거래년":20190613.0,
            "매매실거래가":22711.0,
            "전세실거래년":null,
            "전세실거래가":null,
            "전세가율":null,
            "장기전세가율평균":75.25,
            "전세가율거품지수":null,
            "검색코드":118874,
            "세대수":725.0,
            "준공년월":"2019-09-01",
            "준공년차":4.0,
            "가까운역이름":"NA",
            "가까운역거리":"NA",
            "역세권여부":"NA",
            "30분이내주요거점역":"NA",
            "1시간이내주요거점역":"NA",
            "3km이내백화점수":0,
            "5km이내아울렛몰수":0,
            "1km이내대형먀트수":0,
            "500m이내은행수":0,
            "500m이내병원수":1,
            "5km이내대형병원수":0,
            "500m이내공원수":2,
            "3km이내혐오시설수":0,
            "초등학교학업성취도":94.39,
            "중학교학업성취도":58.7,
            "용적률":0,
            "건폐율":0,
            "Y":36.824913,
            "X":126.444629,
            "rank":24.0,
            "area_info":"28평(92.75), 30평(101.21), 30평(102.13), 34평(113.25), 34평(113.92)",
            "last_sales":"2019-06-13,22711.0,34평(113.25)"
        },
        {
            "index":161,
            "아파트명":"주공2단지",
            "투자타입":"일반",
            "전용면적(m2)":"53.05",
            "전용면적(평)":"16평",
            "법정동주소":"충청남도 서산시 석림동 463-1",
            "도로명주소":"충청남도 서산시 석림4로 83",
            "세대수":90,
            "입주년차":0,
            "용적률점수":"--",
            "건폐율점수":"--",
            "세대당주차수":0,
            "난방방식":80,
            "공급면적":"--",
            "전용률":"--",
            "욕실수":50,
            "현관타입":10,
            "주거총점":45.5,
            "지역구공급총점":0.0,
            "역세권":"NA",
            "30분내 이동가능 거점":"NA",
            "1시간내 이동가능 거점":"NA",
            "교통총점":"NA",
            "백화점":0,
            "아울렛몰":0,
            "대형마트":0,
            "은행":0,
            "병원":0,
            "종합병원":100,
            "공원":100,
            "혐오시설":0,
            "인프라총점":23.0,
            "초등학군":93.17,
            "중학군":44.38,
            "학군총점":54.138,
            "인구수":18.82,
            "인구증감":6.52,
            "인구총점":15.13,
            "일자리":9.4,
            "소득수준":74.21,
            "일자리총점":28.843,
            "가치 총점":38.6595,
            "매매실거래년":20211229.0,
            "매매실거래가":12600.0,
            "전세실거래년":20210904.0,
            "전세실거래가":6500.0,
            "전세가율":100.0,
            "장기전세가율평균":75.25,
            "전세가율거품지수":-24.75,
            "검색코드":7017,
            "세대수":1153.0,
            "준공년월":"1995-06-15",
            "준공년차":28.0,
            "가까운역이름":"NA",
            "가까운역거리":"NA",
            "역세권여부":"NA",
            "30분이내주요거점역":"NA",
            "1시간이내주요거점역":"NA",
            "3km이내백화점수":0,
            "5km이내아울렛몰수":0,
            "1km이내대형먀트수":0,
            "500m이내은행수":1,
            "500m이내병원수":1,
            "5km이내대형병원수":2,
            "500m이내공원수":5,
            "3km이내혐오시설수":0,
            "초등학교학업성취도":93.17,
            "중학교학업성취도":71.7,
            "용적률":204,
            "건폐율":17,
            "Y":36.772384,
            "X":126.463797,
            "rank":25.0,
            "area_info":"16평(53.05), 20평(68.29), 23평(78.84), 23평(79.12), 24평(80.2)",
            "last_sales":"2021-12-29,12600.0,23평(78.84)"
        },
        {
            "index":187,
            "아파트명":"힐스테이트서산",
            "투자타입":"일반",
            "전용면적(m2)":"101.89",
            "전용면적(평)":"30평",
            "법정동주소":"충청남도 서산시 성연면 왕정리 712",
            "도로명주소":"충청남도 서산시 성연3로 76",
            "세대수":80,
            "입주년차":80,
            "용적률점수":"--",
            "건폐율점수":"--",
            "세대당주차수":30,
            "난방방식":30,
            "공급면적":"--",
            "전용률":"--",
            "욕실수":100,
            "현관타입":100,
            "주거총점":71.5,
            "지역구공급총점":0.0,
            "역세권":"NA",
            "30분내 이동가능 거점":"NA",
            "1시간내 이동가능 거점":"NA",
            "교통총점":"NA",
            "백화점":0,
            "아울렛몰":0,
            "대형마트":0,
            "은행":0,
            "병원":10,
            "종합병원":0,
            "공원":100,
            "혐오시설":0,
            "인프라총점":4.0,
            "초등학군":94.39,
            "중학군":35.22,
            "학군총점":47.054,
            "인구수":18.82,
            "인구증감":6.52,
            "인구총점":15.13,
            "일자리":9.4,
            "소득수준":74.21,
            "일자리총점":28.843,
            "가치 총점":38.3885,
            "매매실거래년":20220108.0,
            "매매실거래가":28000.0,
            "전세실거래년":20211222.0,
            "전세실거래가":22000.0,
            "전세가율":78.57,
            "장기전세가율평균":75.25,
            "전세가율거품지수":-3.32,
            "검색코드":110118,
            "세대수":892.0,
            "준공년월":"2017-10-01",
            "준공년차":6.0,
            "가까운역이름":"NA",
            "가까운역거리":"NA",
            "역세권여부":"NA",
            "30분이내주요거점역":"NA",
            "1시간이내주요거점역":"NA",
            "3km이내백화점수":0,
            "5km이내아울렛몰수":0,
            "1km이내대형먀트수":0,
            "500m이내은행수":0,
            "500m이내병원수":3,
            "5km이내대형병원수":0,
            "500m이내공원수":5,
            "3km이내혐오시설수":0,
            "초등학교학업성취도":94.39,
            "중학교학업성취도":58.7,
            "용적률":0,
            "건폐율":0,
            "Y":36.826142,
            "X":126.449799,
            "rank":26.0,
            "area_info":"30평(101.89), 34평(113.5), 34평(115.52)",
            "last_sales":"2022-01-08,28000.0,30평(101.89)"
        },
        {
            "index":184,
            "아파트명":"이안서산테크노밸리",
            "투자타입":"일반",
            "전용면적(m2)":"111.54",
            "전용면적(평)":"33평",
            "법정동주소":"충청남도 서산시 성연면 왕정리 719",
            "도로명주소":"충청남도 서산시 성연3로 36",
            "세대수":80,
            "입주년차":80,
            "용적률점수":"--",
            "건폐율점수":"--",
            "세대당주차수":30,
            "난방방식":30,
            "공급면적":"--",
            "전용률":"--",
            "욕실수":100,
            "현관타입":100,
            "주거총점":71.5,
            "지역구공급총점":0.0,
            "역세권":"NA",
            "30분내 이동가능 거점":"NA",
            "1시간내 이동가능 거점":"NA",
            "교통총점":"NA",
            "백화점":0,
            "아울렛몰":0,
            "대형마트":0,
            "은행":0,
            "병원":10,
            "종합병원":0,
            "공원":100,
            "혐오시설":0,
            "인프라총점":4.0,
            "초등학군":94.39,
            "중학군":35.22,
            "학군총점":47.054,
            "인구수":18.82,
            "인구증감":6.52,
            "인구총점":15.13,
            "일자리":9.4,
            "소득수준":74.21,
            "일자리총점":28.843,
            "가치 총점":38.3885,
            "매매실거래년":20211221.0,
            "매매실거래가":26800.0,
            "전세실거래년":20220111.0,
            "전세실거래가":22000.0,
            "전세가율":82.09,
            "장기전세가율평균":75.25,
            "전세가율거품지수":-6.84,
            "검색코드":106194,
            "세대수":832.0,
            "준공년월":"2015-10-23",
            "준공년차":8.0,
            "가까운역이름":"NA",
            "가까운역거리":"NA",
            "역세권여부":"NA",
            "30분이내주요거점역":"NA",
            "1시간이내주요거점역":"NA",
            "3km이내백화점수":0,
            "5km이내아울렛몰수":0,
            "1km이내대형먀트수":0,
            "500m이내은행수":0,
            "500m이내병원수":3,
            "5km이내대형병원수":0,
            "500m이내공원수":3,
            "3km이내혐오시설수":0,
            "초등학교학업성취도":94.39,
            "중학교학업성취도":58.7,
            "용적률":197,
            "건폐율":16,
            "Y":36.823862,
            "X":126.451863,
            "rank":26.0,
            "area_info":"33평(111.54), 33평(111.94), 34평(112.88)",
            "last_sales":"2021-12-21,26800.0,33평(111.54)"
        },
        {
            "index":177,
            "아파트명":"서산테크노밸리고운라피네",
            "투자타입":"일반",
            "전용면적(m2)":"89.32",
            "전용면적(평)":"27평",
            "법정동주소":"충청남도 서산시 성연면 일람리 1089",
            "도로명주소":"충청남도 서산시 성연3로 57-30",
            "세대수":80,
            "입주년차":80,
            "용적률점수":"--",
            "건폐율점수":"--",
            "세대당주차수":30,
            "난방방식":30,
            "공급면적":"--",
            "전용률":"--",
            "욕실수":100,
            "현관타입":100,
            "주거총점":71.5,
            "지역구공급총점":0.0,
            "역세권":"NA",
            "30분내 이동가능 거점":"NA",
            "1시간내 이동가능 거점":"NA",
            "교통총점":"NA",
            "백화점":0,
            "아울렛몰":0,
            "대형마트":0,
            "은행":0,
            "병원":10,
            "종합병원":0,
            "공원":100,
            "혐오시설":0,
            "인프라총점":4.0,
            "초등학군":94.39,
            "중학군":35.22,
            "학군총점":47.054,
            "인구수":18.82,
            "인구증감":6.52,
            "인구총점":15.13,
            "일자리":9.4,
            "소득수준":74.21,
            "일자리총점":28.843,
            "가치 총점":38.3885,
            "매매실거래년":20211229.0,
            "매매실거래가":24520.0,
            "전세실거래년":20220107.0,
            "전세실거래가":18000.0,
            "전세가율":98.14,
            "장기전세가율평균":75.25,
            "전세가율거품지수":-22.89,
            "검색코드":111829,
            "세대수":758.0,
            "준공년월":"2018-02-01",
            "준공년차":5.0,
            "가까운역이름":"NA",
            "가까운역거리":"NA",
            "역세권여부":"NA",
            "30분이내주요거점역":"NA",
            "1시간이내주요거점역":"NA",
            "3km이내백화점수":0,
            "5km이내아울렛몰수":0,
            "1km이내대형먀트수":0,
            "500m이내은행수":0,
            "500m이내병원수":3,
            "5km이내대형병원수":0,
            "500m이내공원수":2,
            "3km이내혐오시설수":0,
            "초등학교학업성취도":94.39,
            "중학교학업성취도":58.7,
            "용적률":189,
            "건폐율":17,
            "Y":36.823373,
            "X":126.44684,
            "rank":26.0,
            "area_info":"27평(89.32), 27평(90.98), 30평(101.31), 34평(112.83)",
            "last_sales":"2021-12-29,24520.0,34평(112.83)"
        },
        {
            "index":169,
            "아파트명":"서산골드클래스(민간임대)",
            "투자타입":"일반",
            "전용면적(m2)":"91.21",
            "전용면적(평)":"27평",
            "법정동주소":"충청남도 서산시 성연면 일람리 1123",
            "도로명주소":"충청남도 서산시 성연5로 46",
            "세대수":80,
            "입주년차":80,
            "용적률점수":"--",
            "건폐율점수":"--",
            "세대당주차수":30,
            "난방방식":30,
            "공급면적":"--",
            "전용률":"--",
            "욕실수":100,
            "현관타입":100,
            "주거총점":71.5,
            "지역구공급총점":0.0,
            "역세권":"NA",
            "30분내 이동가능 거점":"NA",
            "1시간내 이동가능 거점":"NA",
            "교통총점":"NA",
            "백화점":0,
            "아울렛몰":0,
            "대형마트":0,
            "은행":0,
            "병원":10,
            "종합병원":0,
            "공원":100,
            "혐오시설":0,
            "인프라총점":4.0,
            "초등학군":94.39,
            "중학군":35.22,
            "학군총점":47.054,
            "인구수":18.82,
            "인구증감":6.52,
            "인구총점":15.13,
            "일자리":9.4,
            "소득수준":74.21,
            "일자리총점":28.843,
            "가치 총점":38.3885,
            "매매실거래년":"18000101",
            "매매실거래가":null,
            "전세실거래년":20191231.0,
            "전세실거래가":10850.0,
            "전세가율":null,
            "장기전세가율평균":75.25,
            "전세가율거품지수":null,
            "검색코드":119416,
            "세대수":880.0,
            "준공년월":"2018-08-01",
            "준공년차":5.0,
            "가까운역이름":"NA",
            "가까운역거리":"NA",
            "역세권여부":"NA",
            "30분이내주요거점역":"NA",
            "1시간이내주요거점역":"NA",
            "3km이내백화점수":0,
            "5km이내아울렛몰수":0,
            "1km이내대형먀트수":0,
            "500m이내은행수":0,
            "500m이내병원수":3,
            "5km이내대형병원수":0,
            "500m이내공원수":2,
            "3km이내혐오시설수":0,
            "초등학교학업성취도":94.39,
            "중학교학업성취도":58.7,
            "용적률":187,
            "건폐율":15,
            "Y":36.821622,
            "X":126.448987,
            "rank":26.0,
            "area_info":"27평(91.21), 31평(104.22), 34평(114.74)",
            "last_sales":"1800-01-01,nan,27평(91.21)"
        },
        {
            "index":264,
            "아파트명":"부영",
            "투자타입":"일반",
            "전용면적(m2)":"66.79",
            "전용면적(평)":"20평",
            "법정동주소":"충청남도 서산시 읍내동 624-5",
            "도로명주소":"충청남도 서산시 부춘1로 19",
            "세대수":90,
            "입주년차":0,
            "용적률점수":"--",
            "건폐율점수":"--",
            "세대당주차수":0,
            "난방방식":30,
            "공급면적":"--",
            "전용률":"--",
            "욕실수":50,
            "현관타입":100,
            "주거총점":49.5,
            "지역구공급총점":0.0,
            "역세권":"NA",
            "30분내 이동가능 거점":"NA",
            "1시간내 이동가능 거점":"NA",
            "교통총점":"NA",
            "백화점":0,
            "아울렛몰":0,
            "대형마트":0,
            "은행":0,
            "병원":0,
            "종합병원":80,
            "공원":100,
            "혐오시설":0,
            "인프라총점":19.0,
            "초등학군":91.0,
            "중학군":42.62,
            "학군총점":52.296,
            "인구수":18.82,
            "인구증감":6.52,
            "인구총점":15.13,
            "일자리":9.4,
            "소득수준":74.21,
            "일자리총점":28.843,
            "가치 총점":37.999,
            "매매실거래년":20220108.0,
            "매매실거래가":7000.0,
            "전세실거래년":20211229.0,
            "전세실거래가":5250.0,
            "전세가율":75.0,
            "장기전세가율평균":75.25,
            "전세가율거품지수":0.25,
            "검색코드":112149,
            "세대수":1093.0,
            "준공년월":"1996-02-15",
            "준공년차":27.0,
            "가까운역이름":"NA",
            "가까운역거리":"NA",
            "역세권여부":"NA",
            "30분이내주요거점역":"NA",
            "1시간이내주요거점역":"NA",
            "3km이내백화점수":0,
            "5km이내아울렛몰수":0,
            "1km이내대형먀트수":0,
            "500m이내은행수":0,
            "500m이내병원수":1,
            "5km이내대형병원수":1,
            "500m이내공원수":5,
            "3km이내혐오시설수":0,
            "초등학교학업성취도":91.0,
            "중학교학업성취도":70.5,
            "용적률":217,
            "건폐율":19,
            "Y":36.78411,
            "X":126.443208,
            "rank":27.0,
            "area_info":"20평(66.79)",
            "last_sales":"2022-01-08,7000.0,20평(66.79)"
        },
        {
            "index":296,
            "아파트명":"죽성삼성",
            "투자타입":"일반",
            "전용면적(m2)":"101.76",
            "전용면적(평)":"30평",
            "법정동주소":"충청남도 서산시 죽성동 74-1",
            "도로명주소":"충청남도 서산시 남부순환로 767",
            "세대수":90,
            "입주년차":0,
            "용적률점수":"--",
            "건폐율점수":"--",
            "세대당주차수":0,
            "난방방식":30,
            "공급면적":"--",
            "전용률":"--",
            "욕실수":100,
            "현관타입":100,
            "주거총점":54.5,
            "지역구공급총점":0.0,
            "역세권":"NA",
            "30분내 이동가능 거점":"NA",
            "1시간내 이동가능 거점":"NA",
            "교통총점":"NA",
            "백화점":0,
            "아울렛몰":0,
            "대형마트":0,
            "은행":0,
            "병원":0,
            "종합병원":80,
            "공원":0,
            "혐오시설":0,
            "인프라총점":16.0,
            "초등학군":89.62,
            "중학군":37.56,
            "학군총점":47.972,
            "인구수":18.82,
            "인구증감":6.52,
            "인구총점":15.13,
            "일자리":9.4,
            "소득수준":74.21,
            "일자리총점":28.843,
            "가치 총점":37.468,
            "매매실거래년":20211231.0,
            "매매실거래가":11750.0,
            "전세실거래년":20211220.0,
            "전세실거래가":9000.0,
            "전세가율":76.6,
            "장기전세가율평균":75.25,
            "전세가율거품지수":-1.35,
            "검색코드":7077,
            "세대수":948.0,
            "준공년월":"1993-09-18",
            "준공년차":30.0,
            "가까운역이름":"NA",
            "가까운역거리":"NA",
            "역세권여부":"NA",
            "30분이내주요거점역":"NA",
            "1시간이내주요거점역":"NA",
            "3km이내백화점수":0,
            "5km이내아울렛몰수":0,
            "1km이내대형먀트수":0,
            "500m이내은행수":0,
            "500m이내병원수":0,
            "5km이내대형병원수":1,
            "500m이내공원수":0,
            "3km이내혐오시설수":0,
            "초등학교학업성취도":89.62,
            "중학교학업성취도":62.6,
            "용적률":200,
            "건폐율":17,
            "Y":36.746004,
            "X":126.447494,
            "rank":28.0,
            "area_info":"30평(101.76), 38평(128.67), 45평(151.84)",
            "last_sales":"2021-12-31,11750.0,30평(101.76)"
        },
        {
            "index":88,
            "아파트명":"영진크로바",
            "투자타입":"일반",
            "전용면적(m2)":"79.52",
            "전용면적(평)":"24평",
            "법정동주소":"충청남도 서산시 석남동 35-24",
            "도로명주소":"충청남도 서산시 석남1로 12",
            "세대수":50,
            "입주년차":0,
            "용적률점수":"--",
            "건폐율점수":"--",
            "세대당주차수":0,
            "난방방식":30,
            "공급면적":"--",
            "전용률":"--",
            "욕실수":50,
            "현관타입":10,
            "주거총점":26.5,
            "지역구공급총점":0.0,
            "역세권":"NA",
            "30분내 이동가능 거점":"NA",
            "1시간내 이동가능 거점":"NA",
            "교통총점":"NA",
            "백화점":0,
            "아울렛몰":0,
            "대형마트":100,
            "은행":0,
            "병원":10,
            "종합병원":100,
            "공원":100,
            "혐오시설":0,
            "인프라총점":39.0,
            "초등학군":89.61,
            "중학군":38.38,
            "학군총점":48.626,
            "인구수":18.82,
            "인구증감":6.52,
            "인구총점":15.13,
            "일자리":9.4,
            "소득수준":74.21,
            "일자리총점":28.843,
            "가치 총점":37.0315,
            "매매실거래년":20211217.0,
            "매매실거래가":10900.0,
            "전세실거래년":20211109.0,
            "전세실거래가":10000.0,
            "전세가율":91.74,
            "장기전세가율평균":75.25,
            "전세가율거품지수":-16.49,
            "검색코드":7014,
            "세대수":414.0,
            "준공년월":"1993-10-14",
            "준공년차":30.0,
            "가까운역이름":"NA",
            "가까운역거리":"NA",
            "역세권여부":"NA",
            "30분이내주요거점역":"NA",
            "1시간이내주요거점역":"NA",
            "3km이내백화점수":0,
            "5km이내아울렛몰수":0,
            "1km이내대형먀트수":7,
            "500m이내은행수":1,
            "500m이내병원수":2,
            "5km이내대형병원수":2,
            "500m이내공원수":5,
            "3km이내혐오시설수":0,
            "초등학교학업성취도":89.61,
            "중학교학업성취도":63.1,
            "용적률":365,
            "건폐율":23,
            "Y":36.76993,
            "X":126.45524,
            "rank":29.0,
            "area_info":"24평(79.52), 24평(79.72), 31평(103.67), 32평(106.44), 40평(135.36)",
            "last_sales":"2021-12-17,10900.0,24평(79.52)"
        },
        {
            "index":282,
            "아파트명":"산호옥마을",
            "투자타입":"일반",
            "전용면적(m2)":"81.08",
            "전용면적(평)":"24평",
            "법정동주소":"충청남도 서산시 인지면 둔당리 307",
            "도로명주소":"충청남도 서산시 둔당로 99",
            "세대수":50,
            "입주년차":40,
            "용적률점수":"--",
            "건폐율점수":"--",
            "세대당주차수":30,
            "난방방식":30,
            "공급면적":"--",
            "전용률":"--",
            "욕실수":100,
            "현관타입":100,
            "주거총점":53.0,
            "지역구공급총점":0.0,
            "역세권":"NA",
            "30분내 이동가능 거점":"NA",
            "1시간내 이동가능 거점":"NA",
            "교통총점":"NA",
            "백화점":0,
            "아울렛몰":0,
            "대형마트":0,
            "은행":0,
            "병원":0,
            "종합병원":80,
            "공원":0,
            "혐오시설":0,
            "인프라총점":16.0,
            "초등학군":90.59,
            "중학군":37.56,
            "학군총점":48.166,
            "인구수":18.82,
            "인구증감":6.52,
            "인구총점":15.13,
            "일자리":9.4,
            "소득수준":74.21,
            "일자리총점":28.843,
            "가치 총점":36.9915,
            "매매실거래년":20211224.0,
            "매매실거래가":12000.0,
            "전세실거래년":20211008.0,
            "전세실거래가":7300.0,
            "전세가율":84.88,
            "장기전세가율평균":75.25,
            "전세가율거품지수":-9.63,
            "검색코드":23850,
            "세대수":446.0,
            "준공년월":"2005-04-12",
            "준공년차":18.0,
            "가까운역이름":"NA",
            "가까운역거리":"NA",
            "역세권여부":"NA",
            "30분이내주요거점역":"NA",
            "1시간이내주요거점역":"NA",
            "3km이내백화점수":0,
            "5km이내아울렛몰수":0,
            "1km이내대형먀트수":0,
            "500m이내은행수":0,
            "500m이내병원수":0,
            "5km이내대형병원수":1,
            "500m이내공원수":0,
            "3km이내혐오시설수":0,
            "초등학교학업성취도":90.59,
            "중학교학업성취도":62.6,
            "용적률":155,
            "건폐율":14,
            "Y":36.755602,
            "X":126.420861,
            "rank":30.0,
            "area_info":"24평(81.08), 32평(106.89)",
            "last_sales":"2021-12-24,12000.0,32평(106.89)"
        },
        {
            "index":255,
            "아파트명":"한성스위트빌",
            "투자타입":"일반",
            "전용면적(m2)":"55.13",
            "전용면적(평)":"16평",
            "법정동주소":"충청남도 서산시 음암면 부산리 527-1",
            "도로명주소":"충청남도 서산시 서령로 325-23",
            "세대수":50,
            "입주년차":20,
            "용적률점수":"--",
            "건폐율점수":"--",
            "세대당주차수":30,
            "난방방식":30,
            "공급면적":"--",
            "전용률":"--",
            "욕실수":50,
            "현관타입":100,
            "주거총점":44.0,
            "지역구공급총점":0.0,
            "역세권":"NA",
            "30분내 이동가능 거점":"NA",
            "1시간내 이동가능 거점":"NA",
            "교통총점":"NA",
            "백화점":0,
            "아울렛몰":0,
            "대형마트":0,
            "은행":0,
            "병원":0,
            "종합병원":100,
            "공원":0,
            "혐오시설":0,
            "인프라총점":20.0,
            "초등학군":90.0,
            "중학군":45.2,
            "학군총점":54.16,
            "인구수":18.82,
            "인구증감":6.52,
            "인구총점":15.13,
            "일자리":9.4,
            "소득수준":74.21,
            "일자리총점":28.843,
            "가치 총점":36.94,
            "매매실거래년":20220106.0,
            "매매실거래가":6500.0,
            "전세실거래년":20220111.0,
            "전세실거래가":4500.0,
            "전세가율":92.78,
            "장기전세가율평균":75.25,
            "전세가율거품지수":-17.53,
            "검색코드":106106,
            "세대수":696.0,
            "준공년월":"2001-11-01",
            "준공년차":22.0,
            "가까운역이름":"NA",
            "가까운역거리":"NA",
            "역세권여부":"NA",
            "30분이내주요거점역":"NA",
            "1시간이내주요거점역":"NA",
            "3km이내백화점수":0,
            "5km이내아울렛몰수":0,
            "1km이내대형먀트수":0,
            "500m이내은행수":0,
            "500m이내병원수":0,
            "5km이내대형병원수":2,
            "500m이내공원수":0,
            "3km이내혐오시설수":0,
            "초등학교학업성취도":90.0,
            "중학교학업성취도":73.8,
            "용적률":138,
            "건폐율":11,
            "Y":36.807527,
            "X":126.474985,
            "rank":31.0,
            "area_info":"16평(55.13), 21평(70.99), 27평(89.38), 31평(105.06)",
            "last_sales":"2022-01-06,6500.0,21평(70.99)"
        },
        {
            "index":299,
            "아파트명":"늘푸른오스카빌",
            "투자타입":"일반",
            "전용면적(m2)":"110.19",
            "전용면적(평)":"33평",
            "법정동주소":"충청남도 서산시 지곡면 무장리 920",
            "도로명주소":"충청남도 서산시 충의로 762-78",
            "세대수":100,
            "입주년차":40,
            "용적률점수":"--",
            "건폐율점수":"--",
            "세대당주차수":30,
            "난방방식":30,
            "공급면적":"--",
            "전용률":"--",
            "욕실수":100,
            "현관타입":100,
            "주거총점":70.5,
            "지역구공급총점":0.0,
            "역세권":"NA",
            "30분내 이동가능 거점":"NA",
            "1시간내 이동가능 거점":"NA",
            "교통총점":"NA",
            "백화점":0,
            "아울렛몰":0,
            "대형마트":0,
            "은행":0,
            "병원":10,
            "종합병원":0,
            "공원":0,
            "혐오시설":0,
            "인프라총점":1.0,
            "초등학군":94.39,
            "중학군":35.22,
            "학군총점":47.054,
            "인구수":18.82,
            "인구증감":6.52,
            "인구총점":15.13,
            "일자리":9.4,
            "소득수준":74.21,
            "일자리총점":28.843,
            "가치 총점":36.8385,
            "매매실거래년":20220109.0,
            "매매실거래가":10500.0,
            "전세실거래년":20220107.0,
            "전세실거래가":10000.0,
            "전세가율":95.24,
            "장기전세가율평균":75.25,
            "전세가율거품지수":-19.99,
            "검색코드":19466,
            "세대수":1980.0,
            "준공년월":"2006-09-21",
            "준공년차":17.0,
            "가까운역이름":"NA",
            "가까운역거리":"NA",
            "역세권여부":"NA",
            "30분이내주요거점역":"NA",
            "1시간이내주요거점역":"NA",
            "3km이내백화점수":0,
            "5km이내아울렛몰수":0,
            "1km이내대형먀트수":0,
            "500m이내은행수":0,
            "500m이내병원수":2,
            "5km이내대형병원수":0,
            "500m이내공원수":0,
            "3km이내혐오시설수":0,
            "초등학교학업성취도":94.39,
            "중학교학업성취도":58.7,
            "용적률":179,
            "건폐율":16,
            "Y":36.842836,
            "X":126.446772,
            "rank":32.0,
            "area_info":"33평(110.19)",
            "last_sales":"2022-01-09,10500.0,33평(110.19)"
        },
        {
            "index":279,
            "아파트명":"서산푸르밸리(도시형)",
            "투자타입":"일반",
            "전용면적(m2)":"38.45",
            "전용면적(평)":"11평",
            "법정동주소":"충청남도 서산시 읍내동 76-1",
            "도로명주소":"충청남도 서산시 안견로 322",
            "세대수":0,
            "입주년차":80,
            "용적률점수":"--",
            "건폐율점수":"--",
            "세대당주차수":0,
            "난방방식":30,
            "공급면적":"--",
            "전용률":"--",
            "욕실수":50,
            "현관타입":10,
            "주거총점":25.0,
            "지역구공급총점":0.0,
            "역세권":"NA",
            "30분내 이동가능 거점":"NA",
            "1시간내 이동가능 거점":"NA",
            "교통총점":"NA",
            "백화점":0,
            "아울렛몰":0,
            "대형마트":80,
            "은행":0,
            "병원":30,
            "종합병원":100,
            "공원":100,
            "혐오시설":0,
            "인프라총점":38.0,
            "초등학군":86.53,
            "중학군":42.62,
            "학군총점":51.402,
            "인구수":18.82,
            "인구증감":6.52,
            "인구총점":15.13,
            "일자리":9.4,
            "소득수준":74.21,
            "일자리총점":28.843,
            "가치 총점":36.8005,
            "매매실거래년":20220110.0,
            "매매실거래가":6800.0,
            "전세실거래년":20211218.0,
            "전세실거래가":6000.0,
            "전세가율":90.91,
            "장기전세가율평균":75.25,
            "전세가율거품지수":-15.66,
            "검색코드":118785,
            "세대수":155.0,
            "준공년월":"2017-09-27",
            "준공년차":6.0,
            "가까운역이름":"NA",
            "가까운역거리":"NA",
            "역세권여부":"NA",
            "30분이내주요거점역":"NA",
            "1시간이내주요거점역":"NA",
            "3km이내백화점수":0,
            "5km이내아울렛몰수":0,
            "1km이내대형먀트수":1,
            "500m이내은행수":0,
            "500m이내병원수":5,
            "5km이내대형병원수":2,
            "500m이내공원수":5,
            "3km이내혐오시설수":0,
            "초등학교학업성취도":86.53,
            "중학교학업성취도":70.5,
            "용적률":686,
            "건폐율":76,
            "Y":36.777735,
            "X":126.447989,
            "rank":33.0,
            "area_info":"11평(38.45), 12평(40.52), 21평(69.52)",
            "last_sales":"2022-01-10,6800.0,12평(40.52)"
        },
        {
            "index":74,
            "아파트명":"서산천지미가(도시형)",
            "투자타입":"일반",
            "전용면적(m2)":"37.36",
            "전용면적(평)":"11평",
            "법정동주소":"충청남도 서산시 석남동 45-3",
            "도로명주소":"충청남도 서산시 석남1로 15-16",
            "세대수":0,
            "입주년차":80,
            "용적률점수":"--",
            "건폐율점수":"--",
            "세대당주차수":0,
            "난방방식":30,
            "공급면적":"--",
            "전용률":"--",
            "욕실수":50,
            "현관타입":10,
            "주거총점":25.0,
            "지역구공급총점":0.0,
            "역세권":"NA",
            "30분내 이동가능 거점":"NA",
            "1시간내 이동가능 거점":"NA",
            "교통총점":"NA",
            "백화점":0,
            "아울렛몰":0,
            "대형마트":100,
            "은행":0,
            "병원":10,
            "종합병원":100,
            "공원":100,
            "혐오시설":0,
            "인프라총점":39.0,
            "초등학군":92.96,
            "중학군":38.38,
            "학군총점":49.296,
            "인구수":18.82,
            "인구증감":6.52,
            "인구총점":15.13,
            "일자리":9.4,
            "소득수준":74.21,
            "일자리총점":28.843,
            "가치 총점":36.674,
            "매매실거래년":20190810.0,
            "매매실거래가":12500.0,
            "전세실거래년":null,
            "전세실거래가":null,
            "전세가율":null,
            "장기전세가율평균":75.25,
            "전세가율거품지수":null,
            "검색코드":114317,
            "세대수":132.0,
            "준공년월":"2015-07-10",
            "준공년차":8.0,
            "가까운역이름":"NA",
            "가까운역거리":"NA",
            "역세권여부":"NA",
            "30분이내주요거점역":"NA",
            "1시간이내주요거점역":"NA",
            "3km이내백화점수":0,
            "5km이내아울렛몰수":0,
            "1km이내대형먀트수":7,
            "500m이내은행수":1,
            "500m이내병원수":2,
            "5km이내대형병원수":2,
            "500m이내공원수":4,
            "3km이내혐오시설수":0,
            "초등학교학업성취도":92.96,
            "중학교학업성취도":63.1,
            "용적률":239,
            "건폐율":34,
            "Y":36.770934,
            "X":126.455824,
            "rank":34.0,
            "area_info":"11평(37.36), 11평(39.63), 11평(39.1), 14평(46.46), 15평(50.36), 15평(52.27), 17평(56.84)",
            "last_sales":"2019-08-10,12500.0,15평(52.27)"
        },
        {
            "index":235,
            "아파트명":"예천현대",
            "투자타입":"일반",
            "전용면적(m2)":"105.86",
            "전용면적(평)":"32평",
            "법정동주소":"충청남도 서산시 예천동 524-5",
            "도로명주소":"충청남도 서산시 충의로 39",
            "세대수":0,
            "입주년차":20,
            "용적률점수":"--",
            "건폐율점수":"--",
            "세대당주차수":30,
            "난방방식":30,
            "공급면적":"--",
            "전용률":"--",
            "욕실수":100,
            "현관타입":100,
            "주거총점":31.5,
            "지역구공급총점":0.0,
            "역세권":"NA",
            "30분내 이동가능 거점":"NA",
            "1시간내 이동가능 거점":"NA",
            "교통총점":"NA",
            "백화점":0,
            "아울렛몰":0,
            "대형마트":80,
            "은행":0,
            "병원":0,
            "종합병원":80,
            "공원":100,
            "혐오시설":0,
            "인프라총점":31.0,
            "초등학군":89.05,
            "중학군":42.62,
            "학군총점":51.906,
            "인구수":18.82,
            "인구증감":6.52,
            "인구총점":15.13,
            "일자리":9.4,
            "소득수준":74.21,
            "일자리총점":28.843,
            "가치 총점":36.4015,
            "매매실거래년":20211121.0,
            "매매실거래가":15700.0,
            "전세실거래년":20211123.0,
            "전세실거래가":14500.0,
            "전세가율":92.36,
            "장기전세가율평균":75.25,
            "전세가율거품지수":-17.11,
            "검색코드":7041,
            "세대수":236.0,
            "준공년월":"1999-04-09",
            "준공년차":24.0,
            "가까운역이름":"NA",
            "가까운역거리":"NA",
            "역세권여부":"NA",
            "30분이내주요거점역":"NA",
            "1시간이내주요거점역":"NA",
            "3km이내백화점수":0,
            "5km이내아울렛몰수":0,
            "1km이내대형먀트수":1,
            "500m이내은행수":0,
            "500m이내병원수":1,
            "5km이내대형병원수":1,
            "500m이내공원수":2,
            "3km이내혐오시설수":0,
            "초등학교학업성취도":89.05,
            "중학교학업성취도":70.5,
            "용적률":205,
            "건폐율":21,
            "Y":36.7752,
            "X":126.4379,
            "rank":35.0,
            "area_info":"32평(105.86)",
            "last_sales":"2021-11-21,15700.0,32평(105.86)"
        },
        {
            "index":65,
            "아파트명":"하트리움(도시형)",
            "투자타입":"일반",
            "전용면적(m2)":"20.35",
            "전용면적(평)":"6평",
            "법정동주소":"충청남도 서산시 동문동 259-7",
            "도로명주소":"충청남도 서산시 중앙로 94",
            "세대수":0,
            "입주년차":80,
            "용적률점수":"--",
            "건폐율점수":"--",
            "세대당주차수":0,
            "난방방식":30,
            "공급면적":"--",
            "전용률":"--",
            "욕실수":50,
            "현관타입":50,
            "주거총점":29.0,
            "지역구공급총점":0.0,
            "역세권":"NA",
            "30분내 이동가능 거점":"NA",
            "1시간내 이동가능 거점":"NA",
            "교통총점":"NA",
            "백화점":0,
            "아울렛몰":0,
            "대형마트":0,
            "은행":0,
            "병원":80,
            "종합병원":100,
            "공원":100,
            "혐오시설":0,
            "인프라총점":31.0,
            "초등학군":90.82,
            "중학군":44.38,
            "학군총점":53.668,
            "인구수":18.82,
            "인구증감":6.52,
            "인구총점":15.13,
            "일자리":9.4,
            "소득수준":74.21,
            "일자리총점":28.843,
            "가치 총점":35.967,
            "매매실거래년":20201123.0,
            "매매실거래가":7000.0,
            "전세실거래년":null,
            "전세실거래가":null,
            "전세가율":null,
            "장기전세가율평균":75.25,
            "전세가율거품지수":null,
            "검색코드":115092,
            "세대수":164.0,
            "준공년월":"2015-04-14",
            "준공년차":8.0,
            "가까운역이름":"NA",
            "가까운역거리":"NA",
            "역세권여부":"NA",
            "30분이내주요거점역":"NA",
            "1시간이내주요거점역":"NA",
            "3km이내백화점수":0,
            "5km이내아울렛몰수":0,
            "1km이내대형먀트수":0,
            "500m이내은행수":0,
            "500m이내병원수":51,
            "5km이내대형병원수":2,
            "500m이내공원수":7,
            "3km이내혐오시설수":0,
            "초등학교학업성취도":90.82,
            "중학교학업성취도":71.7,
            "용적률":499,
            "건폐율":63,
            "Y":36.777723,
            "X":126.459865,
            "rank":36.0,
            "area_info":"6평(20.35), 8평(27.37), 12평(42.76)",
            "last_sales":"2020-11-23,7000.0,12평(42.76)"
        },
        {
            "index":246,
            "아파트명":"서산수림미소가",
            "투자타입":"일반",
            "전용면적(m2)":"81.11",
            "전용면적(평)":"24평",
            "법정동주소":"충청남도 서산시 음암면 부장리 219-2",
            "도로명주소":"충청남도 서산시 음암로 499",
            "세대수":50,
            "입주년차":40,
            "용적률점수":"--",
            "건폐율점수":"--",
            "세대당주차수":30,
            "난방방식":30,
            "공급면적":"--",
            "전용률":"--",
            "욕실수":100,
            "현관타입":100,
            "주거총점":53.0,
            "지역구공급총점":0.0,
            "역세권":"NA",
            "30분내 이동가능 거점":"NA",
            "1시간내 이동가능 거점":"NA",
            "교통총점":"NA",
            "백화점":0,
            "아울렛몰":0,
            "대형마트":0,
            "은행":0,
            "병원":0,
            "종합병원":80,
            "공원":0,
            "혐오시설":0,
            "인프라총점":16.0,
            "초등학군":90.38,
            "중학군":31.32,
            "학군총점":43.132,
            "인구수":18.82,
            "인구증감":6.52,
            "인구총점":15.13,
            "일자리":9.4,
            "소득수준":74.21,
            "일자리총점":28.843,
            "가치 총점":35.733,
            "매매실거래년":20220105.0,
            "매매실거래가":9500.0,
            "전세실거래년":20210307.0,
            "전세실거래가":7000.0,
            "전세가율":73.68,
            "장기전세가율평균":75.25,
            "전세가율거품지수":1.57,
            "검색코드":26948,
            "세대수":536.0,
            "준공년월":"2007-04-06",
            "준공년차":16.0,
            "가까운역이름":"NA",
            "가까운역거리":"NA",
            "역세권여부":"NA",
            "30분이내주요거점역":"NA",
            "1시간이내주요거점역":"NA",
            "3km이내백화점수":0,
            "5km이내아울렛몰수":0,
            "1km이내대형먀트수":0,
            "500m이내은행수":0,
            "500m이내병원수":0,
            "5km이내대형병원수":1,
            "500m이내공원수":0,
            "3km이내혐오시설수":0,
            "초등학교학업성취도":90.38,
            "중학교학업성취도":52.2,
            "용적률":0,
            "건폐율":10,
            "Y":36.785196,
            "X":126.522727,
            "rank":37.0,
            "area_info":"24평(81.11), 32평(107.17)",
            "last_sales":"2022-01-05,9500.0,24평(81.11)"
        },
        {
            "index":68,
            "아파트명":"현대",
            "투자타입":"일반",
            "전용면적(m2)":"82.52",
            "전용면적(평)":"24평",
            "법정동주소":"충청남도 서산시 동문동 137-2",
            "도로명주소":"충청남도 서산시 율지6로 29",
            "세대수":50,
            "입주년차":0,
            "용적률점수":"--",
            "건폐율점수":"--",
            "세대당주차수":0,
            "난방방식":30,
            "공급면적":"--",
            "전용률":"--",
            "욕실수":50,
            "현관타입":10,
            "주거총점":26.5,
            "지역구공급총점":0.0,
            "역세권":"NA",
            "30분내 이동가능 거점":"NA",
            "1시간내 이동가능 거점":"NA",
            "교통총점":"NA",
            "백화점":0,
            "아울렛몰":0,
            "대형마트":0,
            "은행":0,
            "병원":100,
            "종합병원":100,
            "공원":100,
            "혐오시설":0,
            "인프라총점":33.0,
            "초등학군":87.32,
            "중학군":44.38,
            "학군총점":52.968,
            "인구수":18.82,
            "인구증감":6.52,
            "인구총점":15.13,
            "일자리":9.4,
            "소득수준":74.21,
            "일자리총점":28.843,
            "가치 총점":35.717,
            "매매실거래년":20211230.0,
            "매매실거래가":10000.0,
            "전세실거래년":20211210.0,
            "전세실거래가":11000.0,
            "전세가율":110.0,
            "장기전세가율평균":75.25,
            "전세가율거품지수":-34.75,
            "검색코드":7012,
            "세대수":414.0,
            "준공년월":"1996-02-06",
            "준공년차":27.0,
            "가까운역이름":"NA",
            "가까운역거리":"NA",
            "역세권여부":"NA",
            "30분이내주요거점역":"NA",
            "1시간이내주요거점역":"NA",
            "3km이내백화점수":0,
            "5km이내아울렛몰수":0,
            "1km이내대형먀트수":0,
            "500m이내은행수":1,
            "500m이내병원수":72,
            "5km이내대형병원수":2,
            "500m이내공원수":8,
            "3km이내혐오시설수":0,
            "초등학교학업성취도":87.32,
            "중학교학업성취도":71.7,
            "용적률":322,
            "건폐율":23,
            "Y":36.780042,
            "X":126.462984,
            "rank":38.0,
            "area_info":"24평(82.52), 31평(104.16)",
            "last_sales":"2021-12-30,10000.0,24평(82.52)"
        },
        {
            "index":284,
            "아파트명":"서산청구제네스",
            "투자타입":"일반",
            "전용면적(m2)":"91.55",
            "전용면적(평)":"27평",
            "법정동주소":"충청남도 서산시 인지면 둔당리 328-2",
            "도로명주소":"충청남도 서산시 둔당로 105-9",
            "세대수":50,
            "입주년차":20,
            "용적률점수":"--",
            "건폐율점수":"--",
            "세대당주차수":30,
            "난방방식":30,
            "공급면적":"--",
            "전용률":"--",
            "욕실수":100,
            "현관타입":100,
            "주거총점":49.0,
            "지역구공급총점":0.0,
            "역세권":"NA",
            "30분내 이동가능 거점":"NA",
            "1시간내 이동가능 거점":"NA",
            "교통총점":"NA",
            "백화점":0,
            "아울렛몰":0,
            "대형마트":0,
            "은행":0,
            "병원":0,
            "종합병원":80,
            "공원":0,
            "혐오시설":0,
            "인프라총점":16.0,
            "초등학군":90.59,
            "중학군":37.56,
            "학군총점":48.166,
            "인구수":18.82,
            "인구증감":6.52,
            "인구총점":15.13,
            "일자리":9.4,
            "소득수준":74.21,
            "일자리총점":28.843,
            "가치 총점":35.5915,
            "매매실거래년":20211018.0,
            "매매실거래가":10000.0,
            "전세실거래년":20210319.0,
            "전세실거래가":7000.0,
            "전세가율":70.0,
            "장기전세가율평균":75.25,
            "전세가율거품지수":5.25,
            "검색코드":22763,
            "세대수":499.0,
            "준공년월":"2003-07-30",
            "준공년차":20.0,
            "가까운역이름":"NA",
            "가까운역거리":"NA",
            "역세권여부":"NA",
            "30분이내주요거점역":"NA",
            "1시간이내주요거점역":"NA",
            "3km이내백화점수":0,
            "5km이내아울렛몰수":0,
            "1km이내대형먀트수":0,
            "500m이내은행수":0,
            "500m이내병원수":0,
            "5km이내대형병원수":1,
            "500m이내공원수":0,
            "3km이내혐오시설수":0,
            "초등학교학업성취도":90.59,
            "중학교학업성취도":62.6,
            "용적률":182,
            "건폐율":16,
            "Y":36.75663,
            "X":126.421601,
            "rank":39.0,
            "area_info":"27평(91.55), 32평(108.81), 40평(133.64)",
            "last_sales":"2021-10-18,10000.0,27평(91.55)"
        },
        {
            "index":241,
            "아파트명":"동서산영무예다음",
            "투자타입":"일반",
            "전용면적(m2)":"77.31",
            "전용면적(평)":"23평",
            "법정동주소":"충청남도 서산시 음암면 부장리 1000",
            "도로명주소":"충청남도 서산시 칠거리로 12",
            "세대수":0,
            "입주년차":100,
            "용적률점수":"--",
            "건폐율점수":"--",
            "세대당주차수":30,
            "난방방식":30,
            "공급면적":"--",
            "전용률":"--",
            "욕실수":100,
            "현관타입":100,
            "주거총점":47.5,
            "지역구공급총점":0.0,
            "역세권":"NA",
            "30분내 이동가능 거점":"NA",
            "1시간내 이동가능 거점":"NA",
            "교통총점":"NA",
            "백화점":0,
            "아울렛몰":0,
            "대형마트":0,
            "은행":0,
            "병원":0,
            "종합병원":100,
            "공원":0,
            "혐오시설":0,
            "인프라총점":20.0,
            "초등학군":90.38,
            "중학군":31.32,
            "학군총점":43.132,
            "인구수":18.82,
            "인구증감":6.52,
            "인구총점":15.13,
            "일자리":9.4,
            "소득수준":74.21,
            "일자리총점":28.843,
            "가치 총점":35.408,
            "매매실거래년":"18000101",
            "매매실거래가":null,
            "전세실거래년":20211206.0,
            "전세실거래가":13900.0,
            "전세가율":null,
            "장기전세가율평균":75.25,
            "전세가율거품지수":null,
            "검색코드":139125,
            "세대수":122.0,
            "준공년월":"2021-02-01",
            "준공년차":2.0,
            "가까운역이름":"NA",
            "가까운역거리":"NA",
            "역세권여부":"NA",
            "30분이내주요거점역":"NA",
            "1시간이내주요거점역":"NA",
            "3km이내백화점수":0,
            "5km이내아울렛몰수":0,
            "1km이내대형먀트수":0,
            "500m이내은행수":0,
            "500m이내병원수":0,
            "5km이내대형병원수":2,
            "500m이내공원수":0,
            "3km이내혐오시설수":0,
            "초등학교학업성취도":90.38,
            "중학교학업성취도":52.2,
            "용적률":96,
            "건폐율":14,
            "Y":36.784092,
            "X":126.50616,
            "rank":40.0,
            "area_info":"23평(77.31), 31평(105.01)",
            "last_sales":"1800-01-01,nan,23평(77.31)"
        },
        {
            "index":112,
            "아파트명":"스마트701(도시형)",
            "투자타입":"일반",
            "전용면적(m2)":"21.08",
            "전용면적(평)":"6평",
            "법정동주소":"충청남도 서산시 석림동 701",
            "도로명주소":"충청남도 서산시 한마음4로 30",
            "세대수":0,
            "입주년차":60,
            "용적률점수":"--",
            "건폐율점수":"--",
            "세대당주차수":0,
            "난방방식":30,
            "공급면적":"--",
            "전용률":"--",
            "욕실수":50,
            "현관타입":10,
            "주거총점":21.0,
            "지역구공급총점":0.0,
            "역세권":"NA",
            "30분내 이동가능 거점":"NA",
            "1시간내 이동가능 거점":"NA",
            "교통총점":"NA",
            "백화점":0,
            "아울렛몰":0,
            "대형마트":100,
            "은행":0,
            "병원":10,
            "종합병원":100,
            "공원":100,
            "혐오시설":0,
            "인프라총점":39.0,
            "초등학군":90.82,
            "중학군":38.38,
            "학군총점":48.868,
            "인구수":18.82,
            "인구증감":6.52,
            "인구총점":15.13,
            "일자리":9.4,
            "소득수준":74.21,
            "일자리총점":28.843,
            "가치 총점":35.167,
            "매매실거래년":20210630.0,
            "매매실거래가":5000.0,
            "전세실거래년":20200911.0,
            "전세실거래가":4200.0,
            "전세가율":65.62,
            "장기전세가율평균":75.25,
            "전세가율거품지수":9.63,
            "검색코드":115085,
            "세대수":155.0,
            "준공년월":"2012-10-25",
            "준공년차":11.0,
            "가까운역이름":"NA",
            "가까운역거리":"NA",
            "역세권여부":"NA",
            "30분이내주요거점역":"NA",
            "1시간이내주요거점역":"NA",
            "3km이내백화점수":0,
            "5km이내아울렛몰수":0,
            "1km이내대형먀트수":7,
            "500m이내은행수":1,
            "500m이내병원수":3,
            "5km이내대형병원수":2,
            "500m이내공원수":6,
            "3km이내혐오시설수":0,
            "초등학교학업성취도":90.82,
            "중학교학업성취도":63.1,
            "용적률":457,
            "건폐율":61,
            "Y":36.774665,
            "X":126.457267,
            "rank":41.0,
            "area_info":"6평(21.08), 6평(21.0), 7평(24.99), 7평(24.77), 7평(24.88), 8평(27.43), 8평(28.54), 9평(29.81), 8평(29.66), 8평(29.63), 9평(29.97), 11평(38.97), 11평(39.05)",
            "last_sales":"2021-06-30,5000.0,9평(29.97)"
        },
        {
            "index":125,
            "아파트명":"스마트702(도시형)",
            "투자타입":"일반",
            "전용면적(m2)":"25.82",
            "전용면적(평)":"7평",
            "법정동주소":"충청남도 서산시 석림동 697-7",
            "도로명주소":"충청남도 서산시 한마음4로 24",
            "세대수":0,
            "입주년차":60,
            "용적률점수":"--",
            "건폐율점수":"--",
            "세대당주차수":0,
            "난방방식":30,
            "공급면적":"--",
            "전용률":"--",
            "욕실수":50,
            "현관타입":10,
            "주거총점":21.0,
            "지역구공급총점":0.0,
            "역세권":"NA",
            "30분내 이동가능 거점":"NA",
            "1시간내 이동가능 거점":"NA",
            "교통총점":"NA",
            "백화점":0,
            "아울렛몰":0,
            "대형마트":100,
            "은행":0,
            "병원":10,
            "종합병원":100,
            "공원":100,
            "혐오시설":0,
            "인프라총점":39.0,
            "초등학군":90.82,
            "중학군":38.38,
            "학군총점":48.868,
            "인구수":18.82,
            "인구증감":6.52,
            "인구총점":15.13,
            "일자리":9.4,
            "소득수준":74.21,
            "일자리총점":28.843,
            "가치 총점":35.167,
            "매매실거래년":20210305.0,
            "매매실거래가":4800.0,
            "전세실거래년":null,
            "전세실거래가":null,
            "전세가율":null,
            "장기전세가율평균":75.25,
            "전세가율거품지수":null,
            "검색코드":111785,
            "세대수":162.0,
            "준공년월":"2013-12-13",
            "준공년차":10.0,
            "가까운역이름":"NA",
            "가까운역거리":"NA",
            "역세권여부":"NA",
            "30분이내주요거점역":"NA",
            "1시간이내주요거점역":"NA",
            "3km이내백화점수":0,
            "5km이내아울렛몰수":0,
            "1km이내대형먀트수":7,
            "500m이내은행수":1,
            "500m이내병원수":2,
            "5km이내대형병원수":2,
            "500m이내공원수":8,
            "3km이내혐오시설수":0,
            "초등학교학업성취도":90.82,
            "중학교학업성취도":63.1,
            "용적률":448,
            "건폐율":59,
            "Y":36.774267,
            "X":126.456837,
            "rank":41.0,
            "area_info":"7평(25.82), 8평(26.98), 8평(27.87), 8평(27.23), 8평(27.62), 8평(27.63), 8평(28.36), 8평(28.74), 8평(28.49), 8평(28.99), 8평(29.02), 10평(35.13), 10평(35.48), 10평(35.87), 10평(35.97), 10평(35.8), 11평(36.84), 11평(39.59), 12평(40.37), 12평(42.56), 13평(43.49), 13평(43.37), 13평(43.02), 13평(43.11), 13평(43.97), 13평(44.67), 13평(44.19), 13평(44.83), 13평(44.37), 13평(45.19), 14평(46.35), 15평(50.44), 15평(51.1), 15평(52.09), 17평(57.59), 18평(59.58)",
            "last_sales":"2021-03-05,4800.0,15평(52.09)"
        },
        {
            "index":0,
            "아파트명":"세창리베하우스",
            "투자타입":"일반",
            "전용면적(m2)":"111.87",
            "전용면적(평)":"33평",
            "법정동주소":"충청남도 서산시 갈산동 192",
            "도로명주소":"충청남도 서산시 갓고개길 14",
            "세대수":50,
            "입주년차":20,
            "용적률점수":"--",
            "건폐율점수":"--",
            "세대당주차수":30,
            "난방방식":30,
            "공급면적":"--",
            "전용률":"--",
            "욕실수":100,
            "현관타입":50,
            "주거총점":44.0,
            "지역구공급총점":0.0,
            "역세권":"NA",
            "30분내 이동가능 거점":"NA",
            "1시간내 이동가능 거점":"NA",
            "교통총점":"NA",
            "백화점":0,
            "아울렛몰":0,
            "대형마트":0,
            "은행":0,
            "병원":0,
            "종합병원":80,
            "공원":0,
            "혐오시설":0,
            "인프라총점":16.0,
            "초등학군":91.0,
            "중학군":42.62,
            "학군총점":52.296,
            "인구수":18.82,
            "인구증감":6.52,
            "인구총점":15.13,
            "일자리":9.4,
            "소득수준":74.21,
            "일자리총점":28.843,
            "가치 총점":34.874,
            "매매실거래년":20220112.0,
            "매매실거래가":9500.0,
            "전세실거래년":20211207.0,
            "전세실거래가":8500.0,
            "전세가율":89.47,
            "장기전세가율평균":75.25,
            "전세가율거품지수":-14.22,
            "검색코드":27237,
            "세대수":468.0,
            "준공년월":"2002-04-26",
            "준공년차":21.0,
            "가까운역이름":"NA",
            "가까운역거리":"NA",
            "역세권여부":"NA",
            "30분이내주요거점역":"NA",
            "1시간이내주요거점역":"NA",
            "3km이내백화점수":0,
            "5km이내아울렛몰수":0,
            "1km이내대형먀트수":0,
            "500m이내은행수":0,
            "500m이내병원수":0,
            "5km이내대형병원수":1,
            "500m이내공원수":0,
            "3km이내혐오시설수":0,
            "초등학교학업성취도":91.0,
            "중학교학업성취도":70.5,
            "용적률":188,
            "건폐율":18,
            "Y":36.786473,
            "X":126.4317,
            "rank":42.0,
            "area_info":"33평(111.87)",
            "last_sales":"2022-01-12,9500.0,33평(111.87)"
        },
        {
            "index":166,
            "아파트명":"e편한세상서산테크노밸리",
            "투자타입":"일반",
            "전용면적(m2)":"81.92",
            "전용면적(평)":"24평",
            "법정동주소":"충청남도 서산시 성연면 왕정리 725",
            "도로명주소":"충청남도 서산시 성연4로 46",
            "세대수":50,
            "입주년차":80,
            "용적률점수":"--",
            "건폐율점수":"--",
            "세대당주차수":30,
            "난방방식":30,
            "공급면적":"--",
            "전용률":"--",
            "욕실수":100,
            "현관타입":100,
            "주거총점":61.0,
            "지역구공급총점":0.0,
            "역세권":"NA",
            "30분내 이동가능 거점":"NA",
            "1시간내 이동가능 거점":"NA",
            "교통총점":"NA",
            "백화점":0,
            "아울렛몰":0,
            "대형마트":0,
            "은행":0,
            "병원":10,
            "종합병원":0,
            "공원":100,
            "혐오시설":0,
            "인프라총점":4.0,
            "초등학군":94.39,
            "중학군":35.22,
            "학군총점":47.054,
            "인구수":18.82,
            "인구증감":6.52,
            "인구총점":15.13,
            "일자리":9.4,
            "소득수준":74.21,
            "일자리총점":28.843,
            "가치 총점":34.7135,
            "매매실거래년":20220111.0,
            "매매실거래가":24100.0,
            "전세실거래년":20220110.0,
            "전세실거래가":18000.0,
            "전세가율":97.3,
            "장기전세가율평균":75.25,
            "전세가율거품지수":-22.05,
            "검색코드":111830,
            "세대수":568.0,
            "준공년월":"2018-01-01",
            "준공년차":5.0,
            "가까운역이름":"NA",
            "가까운역거리":"NA",
            "역세권여부":"NA",
            "30분이내주요거점역":"NA",
            "1시간이내주요거점역":"NA",
            "3km이내백화점수":0,
            "5km이내아울렛몰수":0,
            "1km이내대형먀트수":0,
            "500m이내은행수":0,
            "500m이내병원수":3,
            "5km이내대형병원수":0,
            "500m이내공원수":3,
            "3km이내혐오시설수":0,
            "초등학교학업성취도":94.39,
            "중학교학업성취도":58.7,
            "용적률":0,
            "건폐율":0,
            "Y":36.821982,
            "X":126.453515,
            "rank":43.0,
            "area_info":"24평(81.92), 24평(81.13), 29평(99.11)",
            "last_sales":"2022-01-11,24100.0,29평(99.11)"
        },
        {
            "index":260,
            "아파트명":"대림동신",
            "투자타입":"일반",
            "전용면적(m2)":"122.75",
            "전용면적(평)":"37평",
            "법정동주소":"충청남도 서산시 읍내동 624-1",
            "도로명주소":"충청남도 서산시 부춘2로 47",
            "세대수":30,
            "입주년차":0,
            "용적률점수":"--",
            "건폐율점수":"--",
            "세대당주차수":30,
            "난방방식":30,
            "공급면적":"--",
            "전용률":"--",
            "욕실수":100,
            "현관타입":100,
            "주거총점":38.0,
            "지역구공급총점":0.0,
            "역세권":"NA",
            "30분내 이동가능 거점":"NA",
            "1시간내 이동가능 거점":"NA",
            "교통총점":"NA",
            "백화점":0,
            "아울렛몰":0,
            "대형마트":0,
            "은행":0,
            "병원":0,
            "종합병원":80,
            "공원":100,
            "혐오시설":0,
            "인프라총점":19.0,
            "초등학군":91.0,
            "중학군":42.62,
            "학군총점":52.296,
            "인구수":18.82,
            "인구증감":6.52,
            "인구총점":15.13,
            "일자리":9.4,
            "소득수준":74.21,
            "일자리총점":28.843,
            "가치 총점":33.974,
            "매매실거래년":20220110.0,
            "매매실거래가":19200.0,
            "전세실거래년":20210903.0,
            "전세실거래가":13000.0,
            "전세가율":67.71,
            "장기전세가율평균":75.25,
            "전세가율거품지수":7.54,
            "검색코드":7043,
            "세대수":360.0,
            "준공년월":"1994-12-16",
            "준공년차":29.0,
            "가까운역이름":"NA",
            "가까운역거리":"NA",
            "역세권여부":"NA",
            "30분이내주요거점역":"NA",
            "1시간이내주요거점역":"NA",
            "3km이내백화점수":0,
            "5km이내아울렛몰수":0,
            "1km이내대형먀트수":0,
            "500m이내은행수":0,
            "500m이내병원수":1,
            "5km이내대형병원수":1,
            "500m이내공원수":5,
            "3km이내혐오시설수":0,
            "초등학교학업성취도":91.0,
            "중학교학업성취도":70.5,
            "용적률":217,
            "건폐율":20,
            "Y":36.78538,
            "X":126.44292,
            "rank":44.0,
            "area_info":"37평(122.75), 47평(155.88)",
            "last_sales":"2022-01-10,19200.0,37평(122.75)"
        },
        {
            "index":21,
            "아파트명":"대림",
            "투자타입":"재건축",
            "전용면적(m2)":"108.91",
            "전용면적(평)":"32평",
            "법정동주소":"충청남도 서산시 동문동 639-1",
            "도로명주소":"충청남도 서산시 향교1로 12",
            "세대수":0,
            "입주년차":"--",
            "용적률점수":20,
            "건폐율점수":80,
            "세대당주차수":"--",
            "난방방식":"--",
            "공급면적":90,
            "전용률":60,
            "욕실수":"--",
            "현관타입":"--",
            "주거총점":31.5,
            "지역구공급총점":0.0,
            "역세권":"NA",
            "30분내 이동가능 거점":"NA",
            "1시간내 이동가능 거점":"NA",
            "교통총점":"NA",
            "백화점":0,
            "아울렛몰":0,
            "대형마트":0,
            "은행":0,
            "병원":0,
            "종합병원":100,
            "공원":100,
            "혐오시설":0,
            "인프라총점":23.0,
            "초등학군":90.0,
            "중학군":45.2,
            "학군총점":54.16,
            "인구수":18.82,
            "인구증감":6.52,
            "인구총점":15.13,
            "일자리":9.4,
            "소득수준":74.21,
            "일자리총점":28.843,
            "가치 총점":33.765,
            "매매실거래년":20220110.0,
            "매매실거래가":11000.0,
            "전세실거래년":20210811.0,
            "전세실거래가":6000.0,
            "전세가율":54.55,
            "장기전세가율평균":75.25,
            "전세가율거품지수":20.7,
            "검색코드":7005,
            "세대수":198.0,
            "준공년월":"1990-11-16",
            "준공년차":33.0,
            "가까운역이름":"NA",
            "가까운역거리":"NA",
            "역세권여부":"NA",
            "30분이내주요거점역":"NA",
            "1시간이내주요거점역":"NA",
            "3km이내백화점수":0,
            "5km이내아울렛몰수":0,
            "1km이내대형먀트수":0,
            "500m이내은행수":0,
            "500m이내병원수":0,
            "5km이내대형병원수":2,
            "500m이내공원수":4,
            "3km이내혐오시설수":0,
            "초등학교학업성취도":90.0,
            "중학교학업성취도":73.8,
            "용적률":206,
            "건폐율":21,
            "Y":36.789791,
            "X":126.456683,
            "rank":45.0,
            "area_info":"32평(108.91), 32평(109.04)",
            "last_sales":"2022-01-10,11000.0,32평(109.04)"
        },
        {
            "index":63,
            "아파트명":"코아루시티(도시형)",
            "투자타입":"일반",
            "전용면적(m2)":"24.2",
            "전용면적(평)":"7평",
            "법정동주소":"충청남도 서산시 동문동 1000-4",
            "도로명주소":"충청남도 서산시 안견로 271",
            "세대수":0,
            "입주년차":80,
            "용적률점수":"--",
            "건폐율점수":"--",
            "세대당주차수":60,
            "난방방식":30,
            "공급면적":"--",
            "전용률":"--",
            "욕실수":50,
            "현관타입":10,
            "주거총점":34.0,
            "지역구공급총점":0.0,
            "역세권":"NA",
            "30분내 이동가능 거점":"NA",
            "1시간내 이동가능 거점":"NA",
            "교통총점":"NA",
            "백화점":0,
            "아울렛몰":0,
            "대형마트":0,
            "은행":0,
            "병원":10,
            "종합병원":100,
            "공원":100,
            "혐오시설":0,
            "인프라총점":24.0,
            "초등학군":90.82,
            "중학군":38.38,
            "학군총점":48.868,
            "인구수":18.82,
            "인구증감":6.52,
            "인구총점":15.13,
            "일자리":9.4,
            "소득수준":74.21,
            "일자리총점":28.843,
            "가치 총점":33.717,
            "매매실거래년":20211105.0,
            "매매실거래가":5000.0,
            "전세실거래년":20210411.0,
            "전세실거래가":5500.0,
            "전세가율":110.0,
            "장기전세가율평균":75.25,
            "전세가율거품지수":-34.75,
            "검색코드":119438,
            "세대수":154.0,
            "준공년월":"2018-03-01",
            "준공년차":5.0,
            "가까운역이름":"NA",
            "가까운역거리":"NA",
            "역세권여부":"NA",
            "30분이내주요거점역":"NA",
            "1시간이내주요거점역":"NA",
            "3km이내백화점수":0,
            "5km이내아울렛몰수":0,
            "1km이내대형먀트수":0,
            "500m이내은행수":1,
            "500m이내병원수":3,
            "5km이내대형병원수":2,
            "500m이내공원수":6,
            "3km이내혐오시설수":0,
            "초등학교학업성취도":90.82,
            "중학교학업성취도":63.1,
            "용적률":499,
            "건폐율":40,
            "Y":36.776957,
            "X":126.453451,
            "rank":46.0,
            "area_info":"7평(24.2), 11평(37.37)",
            "last_sales":"2021-11-05,5000.0,7평(24.2)"
        },
        {
            "index":51,
            "아파트명":"서산동문신한미지엔",
            "투자타입":"일반",
            "전용면적(m2)":"106.37",
            "전용면적(평)":"32평",
            "법정동주소":"충청남도 서산시 동문동 1262",
            "도로명주소":"충청남도 서산시 서령로 157",
            "세대수":0,
            "입주년차":60,
            "용적률점수":"--",
            "건폐율점수":"--",
            "세대당주차수":30,
            "난방방식":30,
            "공급면적":"--",
            "전용률":"--",
            "욕실수":100,
            "현관타입":50,
            "주거총점":34.5,
            "지역구공급총점":0.0,
            "역세권":"NA",
            "30분내 이동가능 거점":"NA",
            "1시간내 이동가능 거점":"NA",
            "교통총점":"NA",
            "백화점":0,
            "아울렛몰":0,
            "대형마트":0,
            "은행":0,
            "병원":0,
            "종합병원":100,
            "공원":0,
            "혐오시설":0,
            "인프라총점":20.0,
            "초등학군":90.0,
            "중학군":45.2,
            "학군총점":54.16,
            "인구수":18.82,
            "인구증감":6.52,
            "인구총점":15.13,
            "일자리":9.4,
            "소득수준":74.21,
            "일자리총점":28.843,
            "가치 총점":33.615,
            "매매실거래년":20211207.0,
            "매매실거래가":21000.0,
            "전세실거래년":20211119.0,
            "전세실거래가":14000.0,
            "전세가율":66.67,
            "장기전세가율평균":75.25,
            "전세가율거품지수":8.58,
            "검색코드":105217,
            "세대수":200.0,
            "준공년월":"2011-11-14",
            "준공년차":12.0,
            "가까운역이름":"NA",
            "가까운역거리":"NA",
            "역세권여부":"NA",
            "30분이내주요거점역":"NA",
            "1시간이내주요거점역":"NA",
            "3km이내백화점수":0,
            "5km이내아울렛몰수":0,
            "1km이내대형먀트수":0,
            "500m이내은행수":0,
            "500m이내병원수":0,
            "5km이내대형병원수":2,
            "500m이내공원수":0,
            "3km이내혐오시설수":0,
            "초등학교학업성취도":90.0,
            "중학교학업성취도":73.8,
            "용적률":240,
            "건폐율":22,
            "Y":36.79403,
            "X":126.462547,
            "rank":47.0,
            "area_info":"32평(106.37)",
            "last_sales":"2021-12-07,21000.0,32평(106.37)"
        },
        {
            "index":262,
            "아파트명":"동신",
            "투자타입":"일반",
            "전용면적(m2)":"76.33",
            "전용면적(평)":"23평",
            "법정동주소":"충청남도 서산시 읍내동 624-6",
            "도로명주소":"충청남도 서산시 문화로 131",
            "세대수":30,
            "입주년차":0,
            "용적률점수":"--",
            "건폐율점수":"--",
            "세대당주차수":0,
            "난방방식":30,
            "공급면적":"--",
            "전용률":"--",
            "욕실수":50,
            "현관타입":100,
            "주거총점":28.5,
            "지역구공급총점":0.0,
            "역세권":"NA",
            "30분내 이동가능 거점":"NA",
            "1시간내 이동가능 거점":"NA",
            "교통총점":"NA",
            "백화점":0,
            "아울렛몰":0,
            "대형마트":0,
            "은행":0,
            "병원":0,
            "종합병원":80,
            "공원":100,
            "혐오시설":0,
            "인프라총점":19.0,
            "초등학군":91.0,
            "중학군":42.62,
            "학군총점":52.296,
            "인구수":18.82,
            "인구증감":6.52,
            "인구총점":15.13,
            "일자리":9.4,
            "소득수준":74.21,
            "일자리총점":28.843,
            "가치 총점":30.649,
            "매매실거래년":20220101.0,
            "매매실거래가":16000.0,
            "전세실거래년":20211211.0,
            "전세실거래가":10000.0,
            "전세가율":117.65,
            "장기전세가율평균":75.25,
            "전세가율거품지수":-42.4,
            "검색코드":7047,
            "세대수":352.0,
            "준공년월":"1994-12-09",
            "준공년차":29.0,
            "가까운역이름":"NA",
            "가까운역거리":"NA",
            "역세권여부":"NA",
            "30분이내주요거점역":"NA",
            "1시간이내주요거점역":"NA",
            "3km이내백화점수":0,
            "5km이내아울렛몰수":0,
            "1km이내대형먀트수":0,
            "500m이내은행수":0,
            "500m이내병원수":1,
            "5km이내대형병원수":1,
            "500m이내공원수":5,
            "3km이내혐오시설수":0,
            "초등학교학업성취도":91.0,
            "중학교학업성취도":70.5,
            "용적률":224,
            "건폐율":22,
            "Y":36.78503,
            "X":126.44175,
            "rank":48.0,
            "area_info":"23평(76.33), 31평(104.79)",
            "last_sales":"2022-01-01,16000.0,31평(104.79)"
        },
        {
            "index":238,
            "아파트명":"개나리",
            "투자타입":"일반",
            "전용면적(m2)":"75.85",
            "전용면적(평)":"22평",
            "법정동주소":"충청남도 서산시 음암면 도당리 1275-2",
            "도로명주소":"충청남도 서산시 석동로 36",
            "세대수":0,
            "입주년차":0,
            "용적률점수":"--",
            "건폐율점수":"--",
            "세대당주차수":0,
            "난방방식":30,
            "공급면적":"--",
            "전용률":"--",
            "욕실수":50,
            "현관타입":100,
            "주거총점":18.0,
            "지역구공급총점":0.0,
            "역세권":"NA",
            "30분내 이동가능 거점":"NA",
            "1시간내 이동가능 거점":"NA",
            "교통총점":"NA",
            "백화점":0,
            "아울렛몰":0,
            "대형마트":80,
            "은행":0,
            "병원":0,
            "종합병원":80,
            "공원":100,
            "혐오시설":0,
            "인프라총점":31.0,
            "초등학군":90.38,
            "중학군":31.32,
            "학군총점":43.132,
            "인구수":18.82,
            "인구증감":6.52,
            "인구총점":15.13,
            "일자리":9.4,
            "소득수준":74.21,
            "일자리총점":28.843,
            "가치 총점":29.483,
            "매매실거래년":20220111.0,
            "매매실거래가":3000.0,
            "전세실거래년":20200316.0,
            "전세실거래가":2800.0,
            "전세가율":93.33,
            "장기전세가율평균":75.25,
            "전세가율거품지수":-18.08,
            "검색코드":15241,
            "세대수":184.0,
            "준공년월":"1998-02-12",
            "준공년차":25.0,
            "가까운역이름":"NA",
            "가까운역거리":"NA",
            "역세권여부":"NA",
            "30분이내주요거점역":"NA",
            "1시간이내주요거점역":"NA",
            "3km이내백화점수":0,
            "5km이내아울렛몰수":0,
            "1km이내대형먀트수":1,
            "500m이내은행수":0,
            "500m이내병원수":0,
            "5km이내대형병원수":1,
            "500m이내공원수":2,
            "3km이내혐오시설수":0,
            "초등학교학업성취도":90.38,
            "중학교학업성취도":52.2,
            "용적률":226,
            "건폐율":22,
            "Y":36.801483,
            "X":126.515074,
            "rank":49.0,
            "area_info":"22평(75.85), 27평(90.85), 27평(90.97)",
            "last_sales":"2022-01-11,3000.0,22평(75.85)"
        },
        {
            "index":243,
            "아파트명":"서림",
            "투자타입":"일반",
            "전용면적(m2)":"62.49",
            "전용면적(평)":"18평",
            "법정동주소":"충청남도 서산시 음암면 도당리 1550-103",
            "도로명주소":"충청남도 서산시 도당가금말길 44-7",
            "세대수":0,
            "입주년차":60,
            "용적률점수":"--",
            "건폐율점수":"--",
            "세대당주차수":0,
            "난방방식":30,
            "공급면적":"--",
            "전용률":"--",
            "욕실수":50,
            "현관타입":100,
            "주거총점":30.0,
            "지역구공급총점":0.0,
            "역세권":"NA",
            "30분내 이동가능 거점":"NA",
            "1시간내 이동가능 거점":"NA",
            "교통총점":"NA",
            "백화점":0,
            "아울렛몰":0,
            "대형마트":0,
            "은행":0,
            "병원":0,
            "종합병원":100,
            "공원":0,
            "혐오시설":0,
            "인프라총점":20.0,
            "초등학군":90.38,
            "중학군":31.32,
            "학군총점":43.132,
            "인구수":18.82,
            "인구증감":6.52,
            "인구총점":15.13,
            "일자리":9.4,
            "소득수준":74.21,
            "일자리총점":28.843,
            "가치 총점":29.283,
            "매매실거래년":20211220.0,
            "매매실거래가":7750.0,
            "전세실거래년":null,
            "전세실거래가":null,
            "전세가율":null,
            "장기전세가율평균":75.25,
            "전세가율거품지수":null,
            "검색코드":121692,
            "세대수":120.0,
            "준공년월":"2011-09-20",
            "준공년차":12.0,
            "가까운역이름":"NA",
            "가까운역거리":"NA",
            "역세권여부":"NA",
            "30분이내주요거점역":"NA",
            "1시간이내주요거점역":"NA",
            "3km이내백화점수":0,
            "5km이내아울렛몰수":0,
            "1km이내대형먀트수":0,
            "500m이내은행수":0,
            "500m이내병원수":0,
            "5km이내대형병원수":2,
            "500m이내공원수":0,
            "3km이내혐오시설수":0,
            "초등학교학업성취도":90.38,
            "중학교학업성취도":52.2,
            "용적률":240,
            "건폐율":23,
            "Y":36.789422,
            "X":126.507949,
            "rank":50.0,
            "area_info":"18평(62.49), 22평(75.33), 31평(105.24)",
            "last_sales":"2021-12-20,7750.0,31평(105.24)"
        },
        {
            "index":181,
            "아파트명":"이안더서산",
            "투자타입":"일반",
            "전용면적(m2)":"113.98",
            "전용면적(평)":"34평",
            "법정동주소":"충청남도 서산시 성연면 일람리 1129",
            "도로명주소":"충청남도 서산시 성연4로 28",
            "세대수":0,
            "입주년차":80,
            "용적률점수":"--",
            "건폐율점수":"--",
            "세대당주차수":30,
            "난방방식":30,
            "공급면적":"--",
            "전용률":"--",
            "욕실수":100,
            "현관타입":100,
            "주거총점":43.5,
            "지역구공급총점":0.0,
            "역세권":"NA",
            "30분내 이동가능 거점":"NA",
            "1시간내 이동가능 거점":"NA",
            "교통총점":"NA",
            "백화점":0,
            "아울렛몰":0,
            "대형마트":0,
            "은행":0,
            "병원":10,
            "종합병원":0,
            "공원":100,
            "혐오시설":0,
            "인프라총점":4.0,
            "초등학군":94.39,
            "중학군":35.22,
            "학군총점":47.054,
            "인구수":18.82,
            "인구증감":6.52,
            "인구총점":15.13,
            "일자리":9.4,
            "소득수준":74.21,
            "일자리총점":28.843,
            "가치 총점":28.5885,
            "매매실거래년":20181214.0,
            "매매실거래가":24954.0,
            "전세실거래년":null,
            "전세실거래가":null,
            "전세가율":null,
            "장기전세가율평균":75.25,
            "전세가율거품지수":null,
            "검색코드":115437,
            "세대수":250.0,
            "준공년월":"2018-12-01",
            "준공년차":5.0,
            "가까운역이름":"NA",
            "가까운역거리":"NA",
            "역세권여부":"NA",
            "30분이내주요거점역":"NA",
            "1시간이내주요거점역":"NA",
            "3km이내백화점수":0,
            "5km이내아울렛몰수":0,
            "1km이내대형먀트수":0,
            "500m이내은행수":0,
            "500m이내병원수":3,
            "5km이내대형병원수":0,
            "500m이내공원수":3,
            "3km이내혐오시설수":0,
            "초등학교학업성취도":94.39,
            "중학교학업성취도":58.7,
            "용적률":0,
            "건폐율":0,
            "Y":36.820983,
            "X":126.451658,
            "rank":51.0,
            "area_info":"34평(113.98), 34평(113.98), 48평(158.73)",
            "last_sales":"2018-12-14,24954.0,34평(113.98)"
        },
        {
            "index":190,
            "아파트명":"동남1단지",
            "투자타입":"일반",
            "전용면적(m2)":"63.75",
            "전용면적(평)":"19평",
            "법정동주소":"충청남도 서산시 수석동 688-86",
            "도로명주소":"충청남도 서산시 한성지3로 29",
            "세대수":0,
            "입주년차":0,
            "용적률점수":"--",
            "건폐율점수":"--",
            "세대당주차수":0,
            "난방방식":30,
            "공급면적":"--",
            "전용률":"--",
            "욕실수":50,
            "현관타입":100,
            "주거총점":18.0,
            "지역구공급총점":0.0,
            "역세권":"NA",
            "30분내 이동가능 거점":"NA",
            "1시간내 이동가능 거점":"NA",
            "교통총점":"NA",
            "백화점":0,
            "아울렛몰":0,
            "대형마트":0,
            "은행":0,
            "병원":0,
            "종합병원":100,
            "공원":0,
            "혐오시설":0,
            "인프라총점":20.0,
            "초등학군":88.21,
            "중학군":47.4,
            "학군총점":55.562,
            "인구수":18.82,
            "인구증감":6.52,
            "인구총점":15.13,
            "일자리":9.4,
            "소득수준":74.21,
            "일자리총점":28.843,
            "가치 총점":28.1905,
            "매매실거래년":20211231.0,
            "매매실거래가":4800.0,
            "전세실거래년":20130827.0,
            "전세실거래가":2200.0,
            "전세가율":40.0,
            "장기전세가율평균":75.25,
            "전세가율거품지수":35.25,
            "검색코드":7020,
            "세대수":168.0,
            "준공년월":"1993-09-18",
            "준공년차":30.0,
            "가까운역이름":"NA",
            "가까운역거리":"NA",
            "역세권여부":"NA",
            "30분이내주요거점역":"NA",
            "1시간이내주요거점역":"NA",
            "3km이내백화점수":0,
            "5km이내아울렛몰수":0,
            "1km이내대형먀트수":0,
            "500m이내은행수":0,
            "500m이내병원수":0,
            "5km이내대형병원수":2,
            "500m이내공원수":0,
            "3km이내혐오시설수":0,
            "초등학교학업성취도":88.21,
            "중학교학업성취도":77.4,
            "용적률":170,
            "건폐율":34,
            "Y":36.759794,
            "X":126.484745,
            "rank":52.0,
            "area_info":"19평(63.75), 19평(64.32), 22평(75.16), 23평(76.68), 23평(77.22)",
            "last_sales":"2021-12-31,4800.0,23평(77.22)"
        },
        {
            "index":195,
            "아파트명":"동남2차",
            "투자타입":"일반",
            "전용면적(m2)":"68.74",
            "전용면적(평)":"20평",
            "법정동주소":"충청남도 서산시 수석동 790-66",
            "도로명주소":"충청남도 서산시 한성지3로 28",
            "세대수":0,
            "입주년차":0,
            "용적률점수":"--",
            "건폐율점수":"--",
            "세대당주차수":0,
            "난방방식":30,
            "공급면적":"--",
            "전용률":"--",
            "욕실수":50,
            "현관타입":100,
            "주거총점":18.0,
            "지역구공급총점":0.0,
            "역세권":"NA",
            "30분내 이동가능 거점":"NA",
            "1시간내 이동가능 거점":"NA",
            "교통총점":"NA",
            "백화점":0,
            "아울렛몰":0,
            "대형마트":0,
            "은행":0,
            "병원":0,
            "종합병원":100,
            "공원":0,
            "혐오시설":0,
            "인프라총점":20.0,
            "초등학군":88.21,
            "중학군":47.4,
            "학군총점":55.562,
            "인구수":18.82,
            "인구증감":6.52,
            "인구총점":15.13,
            "일자리":9.4,
            "소득수준":74.21,
            "일자리총점":28.843,
            "가치 총점":28.1905,
            "매매실거래년":20211021.0,
            "매매실거래가":4900.0,
            "전세실거래년":20210519.0,
            "전세실거래가":3000.0,
            "전세가율":66.67,
            "장기전세가율평균":75.25,
            "전세가율거품지수":8.58,
            "검색코드":7022,
            "세대수":192.0,
            "준공년월":"1994-07-08",
            "준공년차":29.0,
            "가까운역이름":"NA",
            "가까운역거리":"NA",
            "역세권여부":"NA",
            "30분이내주요거점역":"NA",
            "1시간이내주요거점역":"NA",
            "3km이내백화점수":0,
            "5km이내아울렛몰수":0,
            "1km이내대형먀트수":0,
            "500m이내은행수":0,
            "500m이내병원수":0,
            "5km이내대형병원수":2,
            "500m이내공원수":0,
            "3km이내혐오시설수":0,
            "초등학교학업성취도":88.21,
            "중학교학업성취도":77.4,
            "용적률":44,
            "건폐율":9,
            "Y":36.759142,
            "X":126.482372,
            "rank":52.0,
            "area_info":"20평(68.74), 23평(77.15)",
            "last_sales":"2021-10-21,4900.0,23평(77.15)"
        },
        {
            "index":287,
            "아파트명":"아진",
            "투자타입":"일반",
            "전용면적(m2)":"55.73",
            "전용면적(평)":"16평",
            "법정동주소":"충청남도 서산시 인지면 둔당리 224",
            "도로명주소":"충청남도 서산시 무학로 1742",
            "세대수":50,
            "입주년차":0,
            "용적률점수":"--",
            "건폐율점수":"--",
            "세대당주차수":0,
            "난방방식":30,
            "공급면적":"--",
            "전용률":"--",
            "욕실수":50,
            "현관타입":10,
            "주거총점":26.5,
            "지역구공급총점":0.0,
            "역세권":"NA",
            "30분내 이동가능 거점":"NA",
            "1시간내 이동가능 거점":"NA",
            "교통총점":"NA",
            "백화점":0,
            "아울렛몰":0,
            "대형마트":0,
            "은행":0,
            "병원":0,
            "종합병원":80,
            "공원":0,
            "혐오시설":0,
            "인프라총점":16.0,
            "초등학군":90.59,
            "중학군":37.56,
            "학군총점":48.166,
            "인구수":18.82,
            "인구증감":6.52,
            "인구총점":15.13,
            "일자리":9.4,
            "소득수준":74.21,
            "일자리총점":28.843,
            "가치 총점":27.7165,
            "매매실거래년":20211226.0,
            "매매실거래가":7000.0,
            "전세실거래년":20211102.0,
            "전세실거래가":2700.0,
            "전세가율":67.5,
            "장기전세가율평균":75.25,
            "전세가율거품지수":7.75,
            "검색코드":15245,
            "세대수":435.0,
            "준공년월":"1998-12-04",
            "준공년차":25.0,
            "가까운역이름":"NA",
            "가까운역거리":"NA",
            "역세권여부":"NA",
            "30분이내주요거점역":"NA",
            "1시간이내주요거점역":"NA",
            "3km이내백화점수":0,
            "5km이내아울렛몰수":0,
            "1km이내대형먀트수":0,
            "500m이내은행수":0,
            "500m이내병원수":0,
            "5km이내대형병원수":1,
            "500m이내공원수":0,
            "3km이내혐오시설수":0,
            "초등학교학업성취도":90.59,
            "중학교학업성취도":62.6,
            "용적률":183,
            "건폐율":16,
            "Y":36.75778,
            "X":126.42876,
            "rank":53.0,
            "area_info":"16평(55.73), 21평(72.6)",
            "last_sales":"2021-12-26,7000.0,21평(72.6)"
        },
        {
            "index":289,
            "아파트명":"푸른솔",
            "투자타입":"일반",
            "전용면적(m2)":"48.04",
            "전용면적(평)":"14평",
            "법정동주소":"충청남도 서산시 장동 143-4",
            "도로명주소":"충청남도 서산시 장동돌금길 31-43",
            "세대수":0,
            "입주년차":0,
            "용적률점수":"--",
            "건폐율점수":"--",
            "세대당주차수":0,
            "난방방식":30,
            "공급면적":"--",
            "전용률":"--",
            "욕실수":50,
            "현관타입":50,
            "주거총점":13.0,
            "지역구공급총점":0.0,
            "역세권":"NA",
            "30분내 이동가능 거점":"NA",
            "1시간내 이동가능 거점":"NA",
            "교통총점":"NA",
            "백화점":0,
            "아울렛몰":0,
            "대형마트":0,
            "은행":0,
            "병원":0,
            "종합병원":100,
            "공원":0,
            "혐오시설":0,
            "인프라총점":20.0,
            "초등학군":88.21,
            "중학군":47.4,
            "학군총점":55.562,
            "인구수":18.82,
            "인구증감":6.52,
            "인구총점":15.13,
            "일자리":9.4,
            "소득수준":74.21,
            "일자리총점":28.843,
            "가치 총점":26.4405,
            "매매실거래년":20211106.0,
            "매매실거래가":2300.0,
            "전세실거래년":20180414.0,
            "전세실거래가":1500.0,
            "전세가율":65.22,
            "장기전세가율평균":75.25,
            "전세가율거품지수":10.03,
            "검색코드":108193,
            "세대수":220.0,
            "준공년월":"1998-05-08",
            "준공년차":25.0,
            "가까운역이름":"NA",
            "가까운역거리":"NA",
            "역세권여부":"NA",
            "30분이내주요거점역":"NA",
            "1시간이내주요거점역":"NA",
            "3km이내백화점수":0,
            "5km이내아울렛몰수":0,
            "1km이내대형먀트수":0,
            "500m이내은행수":0,
            "500m이내병원수":0,
            "5km이내대형병원수":2,
            "500m이내공원수":0,
            "3km이내혐오시설수":0,
            "초등학교학업성취도":88.21,
            "중학교학업성취도":77.4,
            "용적률":113,
            "건폐율":28,
            "Y":36.739024,
            "X":126.489094,
            "rank":54.0,
            "area_info":"14평(48.04), 17평(58.21)",
            "last_sales":"2021-11-06,2300.0,14평(48.04)"
        },
        {
            "index":250,
            "아파트명":"음암마을",
            "투자타입":"일반",
            "전용면적(m2)":"66.72",
            "전용면적(평)":"20평",
            "법정동주소":"충청남도 서산시 음암면 부산리 729-9",
            "도로명주소":"충청남도 서산시 서령로 330",
            "세대수":0,
            "입주년차":0,
            "용적률점수":"--",
            "건폐율점수":"--",
            "세대당주차수":0,
            "난방방식":30,
            "공급면적":"--",
            "전용률":"--",
            "욕실수":50,
            "현관타입":50,
            "주거총점":13.0,
            "지역구공급총점":0.0,
            "역세권":"NA",
            "30분내 이동가능 거점":"NA",
            "1시간내 이동가능 거점":"NA",
            "교통총점":"NA",
            "백화점":0,
            "아울렛몰":0,
            "대형마트":0,
            "은행":0,
            "병원":0,
            "종합병원":100,
            "공원":0,
            "혐오시설":0,
            "인프라총점":20.0,
            "초등학군":90.0,
            "중학군":45.2,
            "학군총점":54.16,
            "인구수":18.82,
            "인구증감":6.52,
            "인구총점":15.13,
            "일자리":9.4,
            "소득수준":74.21,
            "일자리총점":28.843,
            "가치 총점":26.09,
            "매매실거래년":20211105.0,
            "매매실거래가":6000.0,
            "전세실거래년":20210515.0,
            "전세실거래가":3000.0,
            "전세가율":50.0,
            "장기전세가율평균":75.25,
            "전세가율거품지수":25.25,
            "검색코드":15243,
            "세대수":246.0,
            "준공년월":"1996-03-28",
            "준공년차":27.0,
            "가까운역이름":"NA",
            "가까운역거리":"NA",
            "역세권여부":"NA",
            "30분이내주요거점역":"NA",
            "1시간이내주요거점역":"NA",
            "3km이내백화점수":0,
            "5km이내아울렛몰수":0,
            "1km이내대형먀트수":0,
            "500m이내은행수":0,
            "500m이내병원수":0,
            "5km이내대형병원수":2,
            "500m이내공원수":0,
            "3km이내혐오시설수":0,
            "초등학교학업성취도":90.0,
            "중학교학업성취도":73.8,
            "용적률":0,
            "건폐율":0,
            "Y":36.804276,
            "X":126.477997,
            "rank":55.0,
            "area_info":"20평(66.72), 23평(76.55), 24평(79.39), 24평(82.06), 25평(85.07)",
            "last_sales":"2021-11-05,6000.0,20평(66.72)"
        },
        {
            "index":56,
            "아파트명":"영진훼밀리",
            "투자타입":"재건축",
            "전용면적(m2)":"89.79",
            "전용면적(평)":"27평",
            "법정동주소":"충청남도 서산시 동문동 550-1",
            "도로명주소":"충청남도 서산시 서령로 107",
            "세대수":0,
            "입주년차":"--",
            "용적률점수":0,
            "건폐율점수":0,
            "세대당주차수":"--",
            "난방방식":"--",
            "공급면적":70,
            "전용률":80,
            "욕실수":"--",
            "현관타입":"--",
            "주거총점":7.5,
            "지역구공급총점":0.0,
            "역세권":"NA",
            "30분내 이동가능 거점":"NA",
            "1시간내 이동가능 거점":"NA",
            "교통총점":"NA",
            "백화점":0,
            "아울렛몰":0,
            "대형마트":0,
            "은행":0,
            "병원":0,
            "종합병원":100,
            "공원":100,
            "혐오시설":0,
            "인프라총점":23.0,
            "초등학군":90.0,
            "중학군":45.2,
            "학군총점":54.16,
            "인구수":18.82,
            "인구증감":6.52,
            "인구총점":15.13,
            "일자리":9.4,
            "소득수준":74.21,
            "일자리총점":28.843,
            "가치 총점":25.365,
            "매매실거래년":20211202.0,
            "매매실거래가":7700.0,
            "전세실거래년":20201203.0,
            "전세실거래가":8000.0,
            "전세가율":117.65,
            "장기전세가율평균":75.25,
            "전세가율거품지수":-42.4,
            "검색코드":7006,
            "세대수":115.0,
            "준공년월":"1991-04-06",
            "준공년차":32.0,
            "가까운역이름":"NA",
            "가까운역거리":"NA",
            "역세권여부":"NA",
            "30분이내주요거점역":"NA",
            "1시간이내주요거점역":"NA",
            "3km이내백화점수":0,
            "5km이내아울렛몰수":0,
            "1km이내대형먀트수":0,
            "500m이내은행수":0,
            "500m이내병원수":0,
            "5km이내대형병원수":2,
            "500m이내공원수":2,
            "3km이내혐오시설수":0,
            "초등학교학업성취도":90.0,
            "중학교학업성취도":73.8,
            "용적률":0,
            "건폐율":0,
            "Y":36.79097,
            "X":126.45911,
            "rank":56.0,
            "area_info":"27평(89.79), 30평(99.53), 30평(100.17)",
            "last_sales":"2021-12-02,7700.0,30평(99.53)"
        },
        {
            "index":6,
            "아파트명":"풍림",
            "투자타입":"일반",
            "전용면적(m2)":"76.35",
            "전용면적(평)":"23평",
            "법정동주소":"충청남도 서산시 대산읍 영탑리 596",
            "도로명주소":"충청남도 서산시 충의로 1839-7",
            "세대수":50,
            "입주년차":0,
            "용적률점수":"--",
            "건폐율점수":"--",
            "세대당주차수":0,
            "난방방식":30,
            "공급면적":"--",
            "전용률":"--",
            "욕실수":50,
            "현관타입":100,
            "주거총점":35.5,
            "지역구공급총점":0.0,
            "역세권":"NA",
            "30분내 이동가능 거점":"NA",
            "1시간내 이동가능 거점":"NA",
            "교통총점":"NA",
            "백화점":0,
            "아울렛몰":0,
            "대형마트":0,
            "은행":0,
            "병원":0,
            "종합병원":0,
            "공원":0,
            "혐오시설":0,
            "인프라총점":0.0,
            "초등학군":93.29,
            "중학군":41.32,
            "학군총점":51.714,
            "인구수":18.82,
            "인구증감":6.52,
            "인구총점":15.13,
            "일자리":9.4,
            "소득수준":74.21,
            "일자리총점":28.843,
            "가치 총점":25.3535,
            "매매실거래년":20211228.0,
            "매매실거래가":8000.0,
            "전세실거래년":20211106.0,
            "전세실거래가":4500.0,
            "전세가율":71.43,
            "장기전세가율평균":75.25,
            "전세가율거품지수":3.82,
            "검색코드":7000,
            "세대수":570.0,
            "준공년월":"1993-04-26",
            "준공년차":30.0,
            "가까운역이름":"NA",
            "가까운역거리":"NA",
            "역세권여부":"NA",
            "30분이내주요거점역":"NA",
            "1시간이내주요거점역":"NA",
            "3km이내백화점수":0,
            "5km이내아울렛몰수":0,
            "1km이내대형먀트수":0,
            "500m이내은행수":0,
            "500m이내병원수":0,
            "5km이내대형병원수":0,
            "500m이내공원수":0,
            "3km이내혐오시설수":0,
            "초등학교학업성취도":93.29,
            "중학교학업성취도":68.0,
            "용적률":190,
            "건폐율":15,
            "Y":36.93014,
            "X":126.43908,
            "rank":57.0,
            "area_info":"23평(76.35), 31평(103.3), 47평(158.24)",
            "last_sales":"2021-12-28,8000.0,31평(103.3)"
        },
        {
            "index":1,
            "아파트명":"대산삼호",
            "투자타입":"일반",
            "전용면적(m2)":"75.3",
            "전용면적(평)":"22평",
            "법정동주소":"충청남도 서산시 대산읍 대산리 694",
            "도로명주소":"충청남도 서산시 충의로 2061",
            "세대수":0,
            "입주년차":0,
            "용적률점수":"--",
            "건폐율점수":"--",
            "세대당주차수":0,
            "난방방식":30,
            "공급면적":"--",
            "전용률":"--",
            "욕실수":50,
            "현관타입":100,
            "주거총점":18.0,
            "지역구공급총점":0.0,
            "역세권":"NA",
            "30분내 이동가능 거점":"NA",
            "1시간내 이동가능 거점":"NA",
            "교통총점":"NA",
            "백화점":0,
            "아울렛몰":0,
            "대형마트":100,
            "은행":0,
            "병원":0,
            "종합병원":0,
            "공원":0,
            "혐오시설":0,
            "인프라총점":15.0,
            "초등학군":93.29,
            "중학군":41.32,
            "학군총점":51.714,
            "인구수":18.82,
            "인구증감":6.52,
            "인구총점":15.13,
            "일자리":9.4,
            "소득수준":74.21,
            "일자리총점":28.843,
            "가치 총점":25.2285,
            "매매실거래년":20210827.0,
            "매매실거래가":10700.0,
            "전세실거래년":null,
            "전세실거래가":null,
            "전세가율":null,
            "장기전세가율평균":75.25,
            "전세가율거품지수":null,
            "검색코드":15238,
            "세대수":250.0,
            "준공년월":"1993-07-03",
            "준공년차":30.0,
            "가까운역이름":"NA",
            "가까운역거리":"NA",
            "역세권여부":"NA",
            "30분이내주요거점역":"NA",
            "1시간이내주요거점역":"NA",
            "3km이내백화점수":0,
            "5km이내아울렛몰수":0,
            "1km이내대형먀트수":2,
            "500m이내은행수":0,
            "500m이내병원수":0,
            "5km이내대형병원수":0,
            "500m이내공원수":0,
            "3km이내혐오시설수":0,
            "초등학교학업성취도":93.29,
            "중학교학업성취도":68.0,
            "용적률":225,
            "건폐율":24,
            "Y":36.947072,
            "X":126.426864,
            "rank":58.0,
            "area_info":"22평(75.3), 23평(77.6), 30평(101.81), 31평(104.91), 40평(132.74)",
            "last_sales":"2021-08-27,10700.0,40평(132.74)"
        },
        {
            "index":259,
            "아파트명":"한아름",
            "투자타입":"일반",
            "전용면적(m2)":"71.3",
            "전용면적(평)":"21평",
            "법정동주소":"충청남도 서산시 음암면 도당리 1550-26",
            "도로명주소":"충청남도 서산시 도당가금말길 52",
            "세대수":0,
            "입주년차":0,
            "용적률점수":"--",
            "건폐율점수":"--",
            "세대당주차수":0,
            "난방방식":30,
            "공급면적":"--",
            "전용률":"--",
            "욕실수":50,
            "현관타입":100,
            "주거총점":18.0,
            "지역구공급총점":0.0,
            "역세권":"NA",
            "30분내 이동가능 거점":"NA",
            "1시간내 이동가능 거점":"NA",
            "교통총점":"NA",
            "백화점":0,
            "아울렛몰":0,
            "대형마트":0,
            "은행":0,
            "병원":0,
            "종합병원":100,
            "공원":0,
            "혐오시설":0,
            "인프라총점":20.0,
            "초등학군":90.38,
            "중학군":31.32,
            "학군총점":43.132,
            "인구수":18.82,
            "인구증감":6.52,
            "인구총점":15.13,
            "일자리":9.4,
            "소득수준":74.21,
            "일자리총점":28.843,
            "가치 총점":25.083,
            "매매실거래년":20211215.0,
            "매매실거래가":6000.0,
            "전세실거래년":20210826.0,
            "전세실거래가":4000.0,
            "전세가율":66.67,
            "장기전세가율평균":75.25,
            "전세가율거품지수":8.58,
            "검색코드":105247,
            "세대수":102.0,
            "준공년월":"1993-03-03",
            "준공년차":30.0,
            "가까운역이름":"NA",
            "가까운역거리":"NA",
            "역세권여부":"NA",
            "30분이내주요거점역":"NA",
            "1시간이내주요거점역":"NA",
            "3km이내백화점수":0,
            "5km이내아울렛몰수":0,
            "1km이내대형먀트수":0,
            "500m이내은행수":0,
            "500m이내병원수":0,
            "5km이내대형병원수":2,
            "500m이내공원수":0,
            "3km이내혐오시설수":0,
            "초등학교학업성취도":90.38,
            "중학교학업성취도":52.2,
            "용적률":176,
            "건폐율":22,
            "Y":36.789681,
            "X":126.507359,
            "rank":59.0,
            "area_info":"21평(71.3)",
            "last_sales":"2021-12-15,6000.0,21평(71.3)"
        },
        {
            "index":293,
            "아파트명":"동아2차",
            "투자타입":"일반",
            "전용면적(m2)":"60.82",
            "전용면적(평)":"18평",
            "법정동주소":"충청남도 서산시 죽성동 5-8",
            "도로명주소":"충청남도 서산시 남부순환로 885",
            "세대수":0,
            "입주년차":0,
            "용적률점수":"--",
            "건폐율점수":"--",
            "세대당주차수":0,
            "난방방식":30,
            "공급면적":"--",
            "전용률":"--",
            "욕실수":50,
            "현관타입":100,
            "주거총점":18.0,
            "지역구공급총점":0.0,
            "역세권":"NA",
            "30분내 이동가능 거점":"NA",
            "1시간내 이동가능 거점":"NA",
            "교통총점":"NA",
            "백화점":0,
            "아울렛몰":0,
            "대형마트":0,
            "은행":0,
            "병원":0,
            "종합병원":80,
            "공원":0,
            "혐오시설":0,
            "인프라총점":16.0,
            "초등학군":89.62,
            "중학군":38.38,
            "학군총점":48.628,
            "인구수":18.82,
            "인구증감":6.52,
            "인구총점":15.13,
            "일자리":9.4,
            "소득수준":74.21,
            "일자리총점":28.843,
            "가치 총점":24.857,
            "매매실거래년":20220112.0,
            "매매실거래가":3000.0,
            "전세실거래년":20200616.0,
            "전세실거래가":3000.0,
            "전세가율":100.0,
            "장기전세가율평균":75.25,
            "전세가율거품지수":-24.75,
            "검색코드":7072,
            "세대수":264.0,
            "준공년월":"1993-07-15",
            "준공년차":30.0,
            "가까운역이름":"NA",
            "가까운역거리":"NA",
            "역세권여부":"NA",
            "30분이내주요거점역":"NA",
            "1시간이내주요거점역":"NA",
            "3km이내백화점수":0,
            "5km이내아울렛몰수":0,
            "1km이내대형먀트수":0,
            "500m이내은행수":0,
            "500m이내병원수":0,
            "5km이내대형병원수":1,
            "500m이내공원수":0,
            "3km이내혐오시설수":0,
            "초등학교학업성취도":89.62,
            "중학교학업성취도":63.1,
            "용적률":148,
            "건폐율":29,
            "Y":36.75583,
            "X":126.449883,
            "rank":60.0,
            "area_info":"18평(60.82), 19평(63.56), 22평(75.83)",
            "last_sales":"2022-01-12,3000.0,18평(60.82)"
        },
        {
            "index":303,
            "아파트명":"아담",
            "투자타입":"일반",
            "전용면적(m2)":"42.07",
            "전용면적(평)":"12평",
            "법정동주소":"충청남도 서산시 해미면 읍내리 140",
            "도로명주소":"충청남도 서산시 일락골길 15",
            "세대수":0,
            "입주년차":0,
            "용적률점수":"--",
            "건폐율점수":"--",
            "세대당주차수":0,
            "난방방식":30,
            "공급면적":"--",
            "전용률":"--",
            "욕실수":50,
            "현관타입":100,
            "주거총점":18.0,
            "지역구공급총점":0.0,
            "역세권":"NA",
            "30분내 이동가능 거점":"NA",
            "1시간내 이동가능 거점":"NA",
            "교통총점":"NA",
            "백화점":0,
            "아울렛몰":0,
            "대형마트":80,
            "은행":0,
            "병원":0,
            "종합병원":0,
            "공원":100,
            "혐오시설":0,
            "인프라총점":15.0,
            "초등학군":97.54,
            "중학군":38.1,
            "학군총점":49.988,
            "인구수":18.82,
            "인구증감":6.52,
            "인구총점":15.13,
            "일자리":9.4,
            "소득수준":74.21,
            "일자리총점":28.843,
            "가치 총점":24.797,
            "매매실거래년":20211221.0,
            "매매실거래가":2000.0,
            "전세실거래년":20191202.0,
            "전세실거래가":1700.0,
            "전세가율":85.0,
            "장기전세가율평균":75.25,
            "전세가율거품지수":-9.75,
            "검색코드":127065,
            "세대수":208.0,
            "준공년월":"1997-04-03",
            "준공년차":26.0,
            "가까운역이름":"NA",
            "가까운역거리":"NA",
            "역세권여부":"NA",
            "30분이내주요거점역":"NA",
            "1시간이내주요거점역":"NA",
            "3km이내백화점수":0,
            "5km이내아울렛몰수":0,
            "1km이내대형먀트수":1,
            "500m이내은행수":0,
            "500m이내병원수":0,
            "5km이내대형병원수":0,
            "500m이내공원수":2,
            "3km이내혐오시설수":0,
            "초등학교학업성취도":97.54,
            "중학교학업성취도":63.5,
            "용적률":210,
            "건폐율":31,
            "Y":36.710765,
            "X":126.550743,
            "rank":61.0,
            "area_info":"12평(42.07)",
            "last_sales":"2021-12-21,2000.0,12평(42.07)"
        },
        {
            "index":197,
            "아파트명":"매화",
            "투자타입":"재건축",
            "전용면적(m2)":"50.98",
            "전용면적(평)":"15평",
            "법정동주소":"충청남도 서산시 수석동 688-83",
            "도로명주소":"충청남도 서산시 한성지3로 32",
            "세대수":0,
            "입주년차":"--",
            "용적률점수":0,
            "건폐율점수":0,
            "세대당주차수":"--",
            "난방방식":"--",
            "공급면적":50,
            "전용률":80,
            "욕실수":"--",
            "현관타입":"--",
            "주거총점":6.5,
            "지역구공급총점":0.0,
            "역세권":"NA",
            "30분내 이동가능 거점":"NA",
            "1시간내 이동가능 거점":"NA",
            "교통총점":"NA",
            "백화점":0,
            "아울렛몰":0,
            "대형마트":0,
            "은행":0,
            "병원":0,
            "종합병원":100,
            "공원":0,
            "혐오시설":0,
            "인프라총점":20.0,
            "초등학군":88.21,
            "중학군":47.4,
            "학군총점":55.562,
            "인구수":18.82,
            "인구증감":6.52,
            "인구총점":15.13,
            "일자리":9.4,
            "소득수준":74.21,
            "일자리총점":28.843,
            "가치 총점":24.1655,
            "매매실거래년":20220103.0,
            "매매실거래가":3700.0,
            "전세실거래년":20190807.0,
            "전세실거래가":2000.0,
            "전세가율":54.05,
            "장기전세가율평균":75.25,
            "전세가율거품지수":21.2,
            "검색코드":15240,
            "세대수":100.0,
            "준공년월":"1992-11-16",
            "준공년차":31.0,
            "가까운역이름":"NA",
            "가까운역거리":"NA",
            "역세권여부":"NA",
            "30분이내주요거점역":"NA",
            "1시간이내주요거점역":"NA",
            "3km이내백화점수":0,
            "5km이내아울렛몰수":0,
            "1km이내대형먀트수":0,
            "500m이내은행수":0,
            "500m이내병원수":0,
            "5km이내대형병원수":2,
            "500m이내공원수":0,
            "3km이내혐오시설수":0,
            "초등학교학업성취도":88.21,
            "중학교학업성취도":77.4,
            "용적률":0,
            "건폐율":0,
            "Y":36.759603,
            "X":126.48392,
            "rank":62.0,
            "area_info":"15평(50.98)",
            "last_sales":"2022-01-03,3700.0,15평(50.98)"
        },
        {
            "index":300,
            "아파트명":"지곡미래",
            "투자타입":"일반",
            "전용면적(m2)":"52.96",
            "전용면적(평)":"16평",
            "법정동주소":"충청남도 서산시 지곡면 화천리 523-11",
            "도로명주소":"충청남도 서산시 화천1로 196",
            "세대수":0,
            "입주년차":60,
            "용적률점수":"--",
            "건폐율점수":"--",
            "세대당주차수":30,
            "난방방식":30,
            "공급면적":"--",
            "전용률":"--",
            "욕실수":50,
            "현관타입":100,
            "주거총점":34.5,
            "지역구공급총점":0.0,
            "역세권":"NA",
            "30분내 이동가능 거점":"NA",
            "1시간내 이동가능 거점":"NA",
            "교통총점":"NA",
            "백화점":0,
            "아울렛몰":0,
            "대형마트":0,
            "은행":0,
            "병원":0,
            "종합병원":0,
            "공원":0,
            "혐오시설":0,
            "인프라총점":0.0,
            "초등학군":91.76,
            "중학군":37.24,
            "학군총점":48.144,
            "인구수":18.82,
            "인구증감":6.52,
            "인구총점":15.13,
            "일자리":9.4,
            "소득수준":74.21,
            "일자리총점":28.843,
            "가치 총점":24.111,
            "매매실거래년":20220103.0,
            "매매실거래가":5600.0,
            "전세실거래년":20211222.0,
            "전세실거래가":5000.0,
            "전세가율":89.29,
            "장기전세가율평균":75.25,
            "전세가율거품지수":-14.04,
            "검색코드":109927,
            "세대수":250.0,
            "준공년월":"2012-11-30",
            "준공년차":11.0,
            "가까운역이름":"NA",
            "가까운역거리":"NA",
            "역세권여부":"NA",
            "30분이내주요거점역":"NA",
            "1시간이내주요거점역":"NA",
            "3km이내백화점수":0,
            "5km이내아울렛몰수":0,
            "1km이내대형먀트수":0,
            "500m이내은행수":0,
            "500m이내병원수":0,
            "5km이내대형병원수":0,
            "500m이내공원수":0,
            "3km이내혐오시설수":0,
            "초등학교학업성취도":91.76,
            "중학교학업성취도":61.0,
            "용적률":0,
            "건폐율":19,
            "Y":36.873363,
            "X":126.439122,
            "rank":63.0,
            "area_info":"16평(52.96), 18평(62.35), 21평(72.23)",
            "last_sales":"2022-01-03,5600.0,16평(52.96)"
        },
        {
            "index":248,
            "아파트명":"우리마을",
            "투자타입":"일반",
            "전용면적(m2)":"70.71",
            "전용면적(평)":"21평",
            "법정동주소":"충청남도 서산시 음암면 상홍리 155-3",
            "도로명주소":"충청남도 서산시 상홍2길 126-28",
            "세대수":0,
            "입주년차":20,
            "용적률점수":"--",
            "건폐율점수":"--",
            "세대당주차수":0,
            "난방방식":30,
            "공급면적":"--",
            "전용률":"--",
            "욕실수":50,
            "현관타입":10,
            "주거총점":13.0,
            "지역구공급총점":0.0,
            "역세권":"NA",
            "30분내 이동가능 거점":"NA",
            "1시간내 이동가능 거점":"NA",
            "교통총점":"NA",
            "백화점":0,
            "아울렛몰":0,
            "대형마트":0,
            "은행":0,
            "병원":0,
            "종합병원":100,
            "공원":0,
            "혐오시설":0,
            "인프라총점":20.0,
            "초등학군":90.38,
            "중학군":31.32,
            "학군총점":43.132,
            "인구수":18.82,
            "인구증감":6.52,
            "인구총점":15.13,
            "일자리":9.4,
            "소득수준":74.21,
            "일자리총점":28.843,
            "가치 총점":23.333,
            "매매실거래년":20211102.0,
            "매매실거래가":3300.0,
            "전세실거래년":20210510.0,
            "전세실거래가":2500.0,
            "전세가율":75.76,
            "장기전세가율평균":75.25,
            "전세가율거품지수":-0.51,
            "검색코드":15242,
            "세대수":133.0,
            "준공년월":"2000-04-06",
            "준공년차":23.0,
            "가까운역이름":"NA",
            "가까운역거리":"NA",
            "역세권여부":"NA",
            "30분이내주요거점역":"NA",
            "1시간이내주요거점역":"NA",
            "3km이내백화점수":0,
            "5km이내아울렛몰수":0,
            "1km이내대형먀트수":0,
            "500m이내은행수":0,
            "500m이내병원수":0,
            "5km이내대형병원수":2,
            "500m이내공원수":0,
            "3km이내혐오시설수":0,
            "초등학교학업성취도":90.38,
            "중학교학업성취도":52.2,
            "용적률":0,
            "건폐율":0,
            "Y":36.79282,
            "X":126.50592,
            "rank":64.0,
            "area_info":"21평(70.71), 25평(84.87)",
            "last_sales":"2021-11-02,3300.0,21평(70.71)"
        },
        {
            "index":9,
            "아파트명":"한미",
            "투자타입":"재건축",
            "전용면적(m2)":"74.21",
            "전용면적(평)":"22평",
            "법정동주소":"충청남도 서산시 대산읍 대산리 832",
            "도로명주소":"충청남도 서산시 가로림로 64",
            "세대수":0,
            "입주년차":"--",
            "용적률점수":0,
            "건폐율점수":0,
            "세대당주차수":"--",
            "난방방식":"--",
            "공급면적":50,
            "전용률":60,
            "욕실수":"--",
            "현관타입":"--",
            "주거총점":5.5,
            "지역구공급총점":0.0,
            "역세권":"NA",
            "30분내 이동가능 거점":"NA",
            "1시간내 이동가능 거점":"NA",
            "교통총점":"NA",
            "백화점":0,
            "아울렛몰":0,
            "대형마트":100,
            "은행":0,
            "병원":0,
            "종합병원":0,
            "공원":100,
            "혐오시설":0,
            "인프라총점":18.0,
            "초등학군":93.29,
            "중학군":41.32,
            "학군총점":51.714,
            "인구수":18.82,
            "인구증감":6.52,
            "인구총점":15.13,
            "일자리":9.4,
            "소득수준":74.21,
            "일자리총점":28.843,
            "가치 총점":22.0535,
            "매매실거래년":20211225.0,
            "매매실거래가":2200.0,
            "전세실거래년":20181005.0,
            "전세실거래가":2500.0,
            "전세가율":75.76,
            "장기전세가율평균":75.25,
            "전세가율거품지수":-0.51,
            "검색코드":15239,
            "세대수":162.0,
            "준공년월":"1992-07-21",
            "준공년차":31.0,
            "가까운역이름":"NA",
            "가까운역거리":"NA",
            "역세권여부":"NA",
            "30분이내주요거점역":"NA",
            "1시간이내주요거점역":"NA",
            "3km이내백화점수":0,
            "5km이내아울렛몰수":0,
            "1km이내대형먀트수":2,
            "500m이내은행수":0,
            "500m이내병원수":0,
            "5km이내대형병원수":0,
            "500m이내공원수":2,
            "3km이내혐오시설수":0,
            "초등학교학업성취도":93.29,
            "중학교학업성취도":68.0,
            "용적률":0,
            "건폐율":0,
            "Y":36.942972,
            "X":126.423468,
            "rank":65.0,
            "area_info":"22평(74.21), 22평(75.1), 24평(80.06)",
            "last_sales":"2021-12-25,2200.0,22평(75.1)"
        },
        {
            "index":291,
            "아파트명":"동아1차",
            "투자타입":"재건축",
            "전용면적(m2)":"75.49",
            "전용면적(평)":"22평",
            "법정동주소":"충청남도 서산시 죽성동 7-9",
            "도로명주소":"충청남도 서산시 남부순환로 876",
            "세대수":0,
            "입주년차":"--",
            "용적률점수":0,
            "건폐율점수":0,
            "세대당주차수":"--",
            "난방방식":"--",
            "공급면적":50,
            "전용률":60,
            "욕실수":"--",
            "현관타입":"--",
            "주거총점":5.5,
            "지역구공급총점":0.0,
            "역세권":"NA",
            "30분내 이동가능 거점":"NA",
            "1시간내 이동가능 거점":"NA",
            "교통총점":"NA",
            "백화점":0,
            "아울렛몰":0,
            "대형마트":0,
            "은행":0,
            "병원":0,
            "종합병원":80,
            "공원":0,
            "혐오시설":0,
            "인프라총점":16.0,
            "초등학군":89.62,
            "중학군":38.38,
            "학군총점":48.628,
            "인구수":18.82,
            "인구증감":6.52,
            "인구총점":15.13,
            "일자리":9.4,
            "소득수준":74.21,
            "일자리총점":28.843,
            "가치 총점":20.482,
            "매매실거래년":20211224.0,
            "매매실거래가":5000.0,
            "전세실거래년":20210419.0,
            "전세실거래가":4000.0,
            "전세가율":86.96,
            "장기전세가율평균":75.25,
            "전세가율거품지수":-11.71,
            "검색코드":15246,
            "세대수":156.0,
            "준공년월":"1992-07-09",
            "준공년차":31.0,
            "가까운역이름":"NA",
            "가까운역거리":"NA",
            "역세권여부":"NA",
            "30분이내주요거점역":"NA",
            "1시간이내주요거점역":"NA",
            "3km이내백화점수":0,
            "5km이내아울렛몰수":0,
            "1km이내대형먀트수":0,
            "500m이내은행수":0,
            "500m이내병원수":0,
            "5km이내대형병원수":1,
            "500m이내공원수":0,
            "3km이내혐오시설수":0,
            "초등학교학업성취도":89.62,
            "중학교학업성취도":63.1,
            "용적률":0,
            "건폐율":0,
            "Y":36.754867,
            "X":126.45063,
            "rank":66.0,
            "area_info":"22평(75.49), 31평(104.96)",
            "last_sales":"2021-12-24,5000.0,31평(104.96)"
        },
        {
            "index":236,
            "아파트명":"서정운산마을",
            "투자타입":"일반",
            "전용면적(m2)":"55.04",
            "전용면적(평)":"16평",
            "법정동주소":"충청남도 서산시 운산면 갈산리 769-8",
            "도로명주소":"충청남도 서산시 운암로 886",
            "세대수":0,
            "입주년차":20,
            "용적률점수":"--",
            "건폐율점수":"--",
            "세대당주차수":0,
            "난방방식":30,
            "공급면적":"--",
            "전용률":"--",
            "욕실수":50,
            "현관타입":100,
            "주거총점":22.0,
            "지역구공급총점":0.0,
            "역세권":"NA",
            "30분내 이동가능 거점":"NA",
            "1시간내 이동가능 거점":"NA",
            "교통총점":"NA",
            "백화점":0,
            "아울렛몰":0,
            "대형마트":0,
            "은행":0,
            "병원":0,
            "종합병원":0,
            "공원":0,
            "혐오시설":0,
            "인프라총점":0.0,
            "초등학군":82.54,
            "중학군":36.34,
            "학군총점":45.58,
            "인구수":18.82,
            "인구증감":6.52,
            "인구총점":15.13,
            "일자리":9.4,
            "소득수준":74.21,
            "일자리총점":28.843,
            "가치 총점":19.095,
            "매매실거래년":20211217.0,
            "매매실거래가":2900.0,
            "전세실거래년":20210303.0,
            "전세실거래가":1800.0,
            "전세가율":62.07,
            "장기전세가율평균":75.25,
            "전세가율거품지수":13.18,
            "검색코드":109138,
            "세대수":264.0,
            "준공년월":"2000-09-27",
            "준공년차":23.0,
            "가까운역이름":"NA",
            "가까운역거리":"NA",
            "역세권여부":"NA",
            "30분이내주요거점역":"NA",
            "1시간이내주요거점역":"NA",
            "3km이내백화점수":0,
            "5km이내아울렛몰수":0,
            "1km이내대형먀트수":0,
            "500m이내은행수":0,
            "500m이내병원수":0,
            "5km이내대형병원수":0,
            "500m이내공원수":0,
            "3km이내혐오시설수":0,
            "초등학교학업성취도":82.54,
            "중학교학업성취도":58.9,
            "용적률":99,
            "건폐율":9,
            "Y":36.811444,
            "X":126.566328,
            "rank":67.0,
            "area_info":"16평(55.04), 24평(80.97)",
            "last_sales":"2021-12-17,2900.0,16평(55.04)"
        }
    ]
}