{
    "schema":{
        "fields":[
            {
                "name":"index",
                "type":"integer"
            },
            {
                "name":"아파트명",
                "type":"string"
            },
            {
                "name":"투자타입",
                "type":"string"
            },
            {
                "name":"전용면적(m2)",
                "type":"string"
            },
            {
                "name":"전용면적(평)",
                "type":"string"
            },
            {
                "name":"법정동주소",
                "type":"string"
            },
            {
                "name":"도로명주소",
                "type":"string"
            },
            {
                "name":"세대수",
                "type":"integer"
            },
            {
                "name":"입주년차",
                "type":"string"
            },
            {
                "name":"용적률점수",
                "type":"string"
            },
            {
                "name":"건폐율점수",
                "type":"string"
            },
            {
                "name":"세대당주차수",
                "type":"string"
            },
            {
                "name":"난방방식",
                "type":"string"
            },
            {
                "name":"공급면적",
                "type":"string"
            },
            {
                "name":"전용률",
                "type":"string"
            },
            {
                "name":"욕실수",
                "type":"string"
            },
            {
                "name":"현관타입",
                "type":"string"
            },
            {
                "name":"주거총점",
                "type":"number"
            },
            {
                "name":"지역구공급총점",
                "type":"number"
            },
            {
                "name":"역세권",
                "type":"string"
            },
            {
                "name":"30분내 이동가능 거점",
                "type":"string"
            },
            {
                "name":"1시간내 이동가능 거점",
                "type":"string"
            },
            {
                "name":"교통총점",
                "type":"string"
            },
            {
                "name":"백화점",
                "type":"integer"
            },
            {
                "name":"아울렛몰",
                "type":"integer"
            },
            {
                "name":"대형마트",
                "type":"integer"
            },
            {
                "name":"은행",
                "type":"integer"
            },
            {
                "name":"병원",
                "type":"integer"
            },
            {
                "name":"종합병원",
                "type":"integer"
            },
            {
                "name":"공원",
                "type":"integer"
            },
            {
                "name":"혐오시설",
                "type":"integer"
            },
            {
                "name":"인프라총점",
                "type":"number"
            },
            {
                "name":"초등학군",
                "type":"number"
            },
            {
                "name":"중학군",
                "type":"number"
            },
            {
                "name":"학군총점",
                "type":"number"
            },
            {
                "name":"인구수",
                "type":"number"
            },
            {
                "name":"인구증감",
                "type":"number"
            },
            {
                "name":"인구총점",
                "type":"number"
            },
            {
                "name":"일자리",
                "type":"number"
            },
            {
                "name":"소득수준",
                "type":"number"
            },
            {
                "name":"일자리총점",
                "type":"number"
            },
            {
                "name":"가치 총점",
                "type":"number"
            },
            {
                "name":"매매실거래년",
                "type":"string"
            },
            {
                "name":"매매실거래가",
                "type":"number"
            },
            {
                "name":"전세실거래년",
                "type":"number"
            },
            {
                "name":"전세실거래가",
                "type":"number"
            },
            {
                "name":"전세가율",
                "type":"number"
            },
            {
                "name":"장기전세가율평균",
                "type":"number"
            },
            {
                "name":"전세가율거품지수",
                "type":"number"
            },
            {
                "name":"검색코드",
                "type":"integer"
            },
            {
                "name":"세대수",
                "type":"number"
            },
            {
                "name":"준공년월",
                "type":"string"
            },
            {
                "name":"준공년차",
                "type":"number"
            },
            {
                "name":"가까운역이름",
                "type":"string"
            },
            {
                "name":"가까운역거리",
                "type":"string"
            },
            {
                "name":"역세권여부",
                "type":"string"
            },
            {
                "name":"30분이내주요거점역",
                "type":"string"
            },
            {
                "name":"1시간이내주요거점역",
                "type":"string"
            },
            {
                "name":"3km이내백화점수",
                "type":"integer"
            },
            {
                "name":"5km이내아울렛몰수",
                "type":"integer"
            },
            {
                "name":"1km이내대형먀트수",
                "type":"integer"
            },
            {
                "name":"500m이내은행수",
                "type":"integer"
            },
            {
                "name":"500m이내병원수",
                "type":"integer"
            },
            {
                "name":"5km이내대형병원수",
                "type":"integer"
            },
            {
                "name":"500m이내공원수",
                "type":"integer"
            },
            {
                "name":"3km이내혐오시설수",
                "type":"integer"
            },
            {
                "name":"초등학교학업성취도",
                "type":"number"
            },
            {
                "name":"중학교학업성취도",
                "type":"number"
            },
            {
                "name":"용적률",
                "type":"integer"
            },
            {
                "name":"건폐율",
                "type":"integer"
            },
            {
                "name":"Y",
                "type":"number"
            },
            {
                "name":"X",
                "type":"number"
            },
            {
                "name":"rank",
                "type":"number"
            },
            {
                "name":"area_info",
                "type":"string"
            },
            {
                "name":"last_sales",
                "type":"string"
            }
        ],
        "primaryKey":[
            "index"
        ],
        "pandas_version":"1.4.0"
    },
    "data":[
        {
            "index":33,
            "아파트명":"포항자이",
            "투자타입":"일반",
            "전용면적(m2)":"99.13",
            "전용면적(평)":"29평",
            "법정동주소":"경상북도 포항시 남구 대잠동 1036",
            "도로명주소":"경상북도 포항시 남구 상도남로 11",
            "세대수":100,
            "입주년차":80,
            "용적률점수":"--",
            "건폐율점수":"--",
            "세대당주차수":60,
            "난방방식":30,
            "공급면적":"--",
            "전용률":"--",
            "욕실수":100,
            "현관타입":100,
            "주거총점":83.0,
            "지역구공급총점":0.0,
            "역세권":"NA",
            "30분내 이동가능 거점":"NA",
            "1시간내 이동가능 거점":"NA",
            "교통총점":"NA",
            "백화점":0,
            "아울렛몰":0,
            "대형마트":80,
            "은행":0,
            "병원":30,
            "종합병원":100,
            "공원":100,
            "혐오시설":0,
            "인프라총점":38.0,
            "초등학군":89.92,
            "중학군":38.14,
            "학군총점":48.496,
            "인구수":25.76,
            "인구증감":0.16,
            "인구총점":18.08,
            "일자리":11.7,
            "소득수준":80.31,
            "일자리총점":32.283,
            "가치 총점":56.374,
            "매매실거래년":20211127.0,
            "매매실거래가":45000.0,
            "전세실거래년":20220116.0,
            "전세실거래가":28350.0,
            "전세가율":63.0,
            "장기전세가율평균":78.67,
            "전세가율거품지수":15.67,
            "검색코드":113172,
            "세대수":1567.0,
            "준공년월":"2018-09-21",
            "준공년차":5.0,
            "가까운역이름":"NA",
            "가까운역거리":"NA",
            "역세권여부":"NA",
            "30분이내주요거점역":"NA",
            "1시간이내주요거점역":"NA",
            "3km이내백화점수":0,
            "5km이내아울렛몰수":0,
            "1km이내대형먀트수":1,
            "500m이내은행수":0,
            "500m이내병원수":5,
            "5km이내대형병원수":5,
            "500m이내공원수":2,
            "3km이내혐오시설수":0,
            "초등학교학업성취도":89.92,
            "중학교학업성취도":63.1,
            "용적률":270,
            "건폐율":15,
            "Y":36.009506,
            "X":129.342694,
            "rank":1.0,
            "area_info":"29평(99.13), 29평(99.08), 34평(114.4), 34평(114.05), 34평(114.53), 39평(131.81), 43평(143.85), 45평(151.51), 46평(153.69), 46평(153.65), 46평(153.65), 54평(181.63)",
            "last_sales":"2021-11-27,45000.0,29평(99.13)"
        },
        {
            "index":335,
            "아파트명":"효자그린2단지(946)",
            "투자타입":"일반",
            "전용면적(m2)":"104.85",
            "전용면적(평)":"31평",
            "법정동주소":"경상북도 포항시 남구 지곡동 946",
            "도로명주소":"경상북도 포항시 남구 지곡로 294",
            "세대수":100,
            "입주년차":0,
            "용적률점수":"--",
            "건폐율점수":"--",
            "세대당주차수":30,
            "난방방식":80,
            "공급면적":"--",
            "전용률":"--",
            "욕실수":100,
            "현관타입":100,
            "주거총점":67.5,
            "지역구공급총점":0.0,
            "역세권":"NA",
            "30분내 이동가능 거점":"NA",
            "1시간내 이동가능 거점":"NA",
            "교통총점":"NA",
            "백화점":0,
            "아울렛몰":0,
            "대형마트":80,
            "은행":0,
            "병원":10,
            "종합병원":100,
            "공원":100,
            "혐오시설":0,
            "인프라총점":36.0,
            "초등학군":91.71,
            "중학군":52.42,
            "학군총점":60.278,
            "인구수":25.76,
            "인구증감":0.16,
            "인구총점":18.08,
            "일자리":11.7,
            "소득수준":80.31,
            "일자리총점":32.283,
            "가치 총점":53.0945,
            "매매실거래년":20220110.0,
            "매매실거래가":40500.0,
            "전세실거래년":20220101.0,
            "전세실거래가":21000.0,
            "전세가율":51.85,
            "장기전세가율평균":78.67,
            "전세가율거품지수":26.82,
            "검색코드":16359,
            "세대수":2130.0,
            "준공년월":"1998-03-19",
            "준공년차":25.0,
            "가까운역이름":"NA",
            "가까운역거리":"NA",
            "역세권여부":"NA",
            "30분이내주요거점역":"NA",
            "1시간이내주요거점역":"NA",
            "3km이내백화점수":0,
            "5km이내아울렛몰수":0,
            "1km이내대형먀트수":1,
            "500m이내은행수":0,
            "500m이내병원수":3,
            "5km이내대형병원수":5,
            "500m이내공원수":4,
            "3km이내혐오시설수":0,
            "초등학교학업성취도":91.71,
            "중학교학업성취도":86.3,
            "용적률":155,
            "건폐율":13,
            "Y":36.032193,
            "X":129.320634,
            "rank":2.0,
            "area_info":"31평(104.85)",
            "last_sales":"2022-01-10,40500.0,31평(104.85)"
        },
        {
            "index":317,
            "아파트명":"효자그린1단지",
            "투자타입":"일반",
            "전용면적(m2)":"63.64",
            "전용면적(평)":"19평",
            "법정동주소":"경상북도 포항시 남구 지곡동 472",
            "도로명주소":"경상북도 포항시 남구 지곡로 260",
            "세대수":90,
            "입주년차":0,
            "용적률점수":"--",
            "건폐율점수":"--",
            "세대당주차수":30,
            "난방방식":80,
            "공급면적":"--",
            "전용률":"--",
            "욕실수":50,
            "현관타입":100,
            "주거총점":59.0,
            "지역구공급총점":0.0,
            "역세권":"NA",
            "30분내 이동가능 거점":"NA",
            "1시간내 이동가능 거점":"NA",
            "교통총점":"NA",
            "백화점":0,
            "아울렛몰":0,
            "대형마트":80,
            "은행":70,
            "병원":10,
            "종합병원":100,
            "공원":100,
            "혐오시설":0,
            "인프라총점":43.0,
            "초등학군":91.71,
            "중학군":52.42,
            "학군총점":60.278,
            "인구수":25.76,
            "인구증감":0.16,
            "인구총점":18.08,
            "일자리":11.7,
            "소득수준":80.31,
            "일자리총점":32.283,
            "가치 총점":52.9195,
            "매매실거래년":20211221.0,
            "매매실거래가":38900.0,
            "전세실거래년":20201027.0,
            "전세실거래가":14000.0,
            "전세가율":64.22,
            "장기전세가율평균":78.67,
            "전세가율거품지수":14.45,
            "검색코드":101130,
            "세대수":1288.0,
            "준공년월":"1995-04-10",
            "준공년차":28.0,
            "가까운역이름":"NA",
            "가까운역거리":"NA",
            "역세권여부":"NA",
            "30분이내주요거점역":"NA",
            "1시간이내주요거점역":"NA",
            "3km이내백화점수":0,
            "5km이내아울렛몰수":0,
            "1km이내대형먀트수":1,
            "500m이내은행수":3,
            "500m이내병원수":3,
            "5km이내대형병원수":5,
            "500m이내공원수":3,
            "3km이내혐오시설수":0,
            "초등학교학업성취도":91.71,
            "중학교학업성취도":86.3,
            "용적률":0,
            "건폐율":0,
            "Y":36.032346,
            "X":129.325519,
            "rank":3.0,
            "area_info":"19평(63.64), 19평(64.16), 22평(73.33), 22평(73.25), 22평(73.36), 23평(78.18), 28평(92.9), 28평(92.85), 27평(92.38), 27평(92.27), 28평(92.83), 27평(92.35), 28평(92.9), 28평(94.0), 29평(97.02), 33평(110.25), 33평(110.43), 33평(110.14)",
            "last_sales":"2021-12-21,38900.0,33평(110.25)"
        },
        {
            "index":308,
            "아파트명":"그린(LG)",
            "투자타입":"일반",
            "전용면적(m2)":"105.65",
            "전용면적(평)":"31평",
            "법정동주소":"경상북도 포항시 남구 지곡동 450-1",
            "도로명주소":"경상북도 포항시 남구 지곡로211번길 50",
            "세대수":80,
            "입주년차":20,
            "용적률점수":"--",
            "건폐율점수":"--",
            "세대당주차수":0,
            "난방방식":30,
            "공급면적":"--",
            "전용률":"--",
            "욕실수":100,
            "현관타입":100,
            "주거총점":55.0,
            "지역구공급총점":0.0,
            "역세권":"NA",
            "30분내 이동가능 거점":"NA",
            "1시간내 이동가능 거점":"NA",
            "교통총점":"NA",
            "백화점":0,
            "아울렛몰":0,
            "대형마트":80,
            "은행":70,
            "병원":10,
            "종합병원":100,
            "공원":100,
            "혐오시설":0,
            "인프라총점":43.0,
            "초등학군":91.71,
            "중학군":52.42,
            "학군총점":60.278,
            "인구수":25.76,
            "인구증감":0.16,
            "인구총점":18.08,
            "일자리":11.7,
            "소득수준":80.31,
            "일자리총점":32.283,
            "가치 총점":51.5195,
            "매매실거래년":20211225.0,
            "매매실거래가":49800.0,
            "전세실거래년":20220113.0,
            "전세실거래가":37000.0,
            "전세가율":74.3,
            "장기전세가율평균":78.67,
            "전세가율거품지수":4.37,
            "검색코드":16358,
            "세대수":798.0,
            "준공년월":"2001-11-05",
            "준공년차":22.0,
            "가까운역이름":"NA",
            "가까운역거리":"NA",
            "역세권여부":"NA",
            "30분이내주요거점역":"NA",
            "1시간이내주요거점역":"NA",
            "3km이내백화점수":0,
            "5km이내아울렛몰수":0,
            "1km이내대형먀트수":1,
            "500m이내은행수":3,
            "500m이내병원수":2,
            "5km이내대형병원수":5,
            "500m이내공원수":4,
            "3km이내혐오시설수":0,
            "초등학교학업성취도":91.71,
            "중학교학업성취도":86.3,
            "용적률":0,
            "건폐율":0,
            "Y":36.027562,
            "X":129.319692,
            "rank":4.0,
            "area_info":"31평(105.65)",
            "last_sales":"2021-12-25,49800.0,31평(105.65)"
        },
        {
            "index":21,
            "아파트명":"이동현대홈타운",
            "투자타입":"일반",
            "전용면적(m2)":"97.96",
            "전용면적(평)":"29평",
            "법정동주소":"경상북도 포항시 남구 대잠동 469-14",
            "도로명주소":"경상북도 포항시 남구 대이로 100",
            "세대수":90,
            "입주년차":20,
            "용적률점수":"--",
            "건폐율점수":"--",
            "세대당주차수":60,
            "난방방식":30,
            "공급면적":"--",
            "전용률":"--",
            "욕실수":100,
            "현관타입":100,
            "주거총점":67.5,
            "지역구공급총점":0.0,
            "역세권":"NA",
            "30분내 이동가능 거점":"NA",
            "1시간내 이동가능 거점":"NA",
            "교통총점":"NA",
            "백화점":0,
            "아울렛몰":0,
            "대형마트":0,
            "은행":20,
            "병원":60,
            "종합병원":100,
            "공원":100,
            "혐오시설":0,
            "인프라총점":31.0,
            "초등학군":90.28,
            "중학군":54.08,
            "학군총점":61.32,
            "인구수":25.76,
            "인구증감":0.16,
            "인구총점":18.08,
            "일자리":11.7,
            "소득수준":80.31,
            "일자리총점":32.283,
            "가치 총점":51.355,
            "매매실거래년":20211203.0,
            "매매실거래가":31000.0,
            "전세실거래년":20211125.0,
            "전세실거래가":21000.0,
            "전세가율":116.67,
            "장기전세가율평균":78.67,
            "전세가율거품지수":-38.0,
            "검색코드":15960,
            "세대수":1306.0,
            "준공년월":"2000-05-04",
            "준공년차":23.0,
            "가까운역이름":"NA",
            "가까운역거리":"NA",
            "역세권여부":"NA",
            "30분이내주요거점역":"NA",
            "1시간이내주요거점역":"NA",
            "3km이내백화점수":0,
            "5km이내아울렛몰수":0,
            "1km이내대형먀트수":0,
            "500m이내은행수":2,
            "500m이내병원수":18,
            "5km이내대형병원수":5,
            "500m이내공원수":3,
            "3km이내혐오시설수":0,
            "초등학교학업성취도":90.28,
            "중학교학업성취도":89.2,
            "용적률":268,
            "건폐율":20,
            "Y":36.023874,
            "X":129.342651,
            "rank":5.0,
            "area_info":"29평(97.96), 32평(108.7), 38평(126.27), 51평(170.87), 62평(208.2), 80평(266.15)",
            "last_sales":"2021-12-03,31000.0,38평(126.27)"
        },
        {
            "index":383,
            "아파트명":"포항효자웰빙타운SK뷰",
            "투자타입":"일반",
            "전용면적(m2)":"116.6",
            "전용면적(평)":"35평",
            "법정동주소":"경상북도 포항시 남구 효자동 566",
            "도로명주소":"경상북도 포항시 남구 새천년대로 306",
            "세대수":90,
            "입주년차":40,
            "용적률점수":"--",
            "건폐율점수":"--",
            "세대당주차수":60,
            "난방방식":30,
            "공급면적":"--",
            "전용률":"--",
            "욕실수":100,
            "현관타입":100,
            "주거총점":71.5,
            "지역구공급총점":0.0,
            "역세권":"NA",
            "30분내 이동가능 거점":"NA",
            "1시간내 이동가능 거점":"NA",
            "교통총점":"NA",
            "백화점":0,
            "아울렛몰":0,
            "대형마트":0,
            "은행":0,
            "병원":60,
            "종합병원":100,
            "공원":100,
            "혐오시설":0,
            "인프라총점":29.0,
            "초등학군":89.92,
            "중학군":50.32,
            "학군총점":58.24,
            "인구수":25.76,
            "인구증감":0.16,
            "인구총점":18.08,
            "일자리":11.7,
            "소득수준":80.31,
            "일자리총점":32.283,
            "가치 총점":51.185,
            "매매실거래년":20211204.0,
            "매매실거래가":41500.0,
            "전세실거래년":20211227.0,
            "전세실거래가":29400.0,
            "전세가율":70.84,
            "장기전세가율평균":78.67,
            "전세가율거품지수":7.83,
            "검색코드":25144,
            "세대수":1181.0,
            "준공년월":"2007-10-01",
            "준공년차":16.0,
            "가까운역이름":"NA",
            "가까운역거리":"NA",
            "역세권여부":"NA",
            "30분이내주요거점역":"NA",
            "1시간이내주요거점역":"NA",
            "3km이내백화점수":0,
            "5km이내아울렛몰수":0,
            "1km이내대형먀트수":0,
            "500m이내은행수":0,
            "500m이내병원수":11,
            "5km이내대형병원수":4,
            "500m이내공원수":4,
            "3km이내혐오시설수":0,
            "초등학교학업성취도":89.92,
            "중학교학업성취도":83.6,
            "용적률":289,
            "건폐율":16,
            "Y":36.006182,
            "X":129.332945,
            "rank":6.0,
            "area_info":"35평(116.6), 46평(152.07), 46평(153.17), 48평(161.27), 54평(181.1)",
            "last_sales":"2021-12-04,41500.0,35평(116.6)"
        },
        {
            "index":97,
            "아파트명":"태왕아너스오션",
            "투자타입":"일반",
            "전용면적(m2)":"105.29",
            "전용면적(평)":"31평",
            "법정동주소":"경상북도 포항시 남구 송도동 254-70",
            "도로명주소":"경상북도 포항시 남구 서동로 162",
            "세대수":50,
            "입주년차":40,
            "용적률점수":"--",
            "건폐율점수":"--",
            "세대당주차수":60,
            "난방방식":30,
            "공급면적":"--",
            "전용률":"--",
            "욕실수":100,
            "현관타입":100,
            "주거총점":57.5,
            "지역구공급총점":0.0,
            "역세권":"NA",
            "30분내 이동가능 거점":"NA",
            "1시간내 이동가능 거점":"NA",
            "교통총점":"NA",
            "백화점":100,
            "아울렛몰":0,
            "대형마트":0,
            "은행":0,
            "병원":0,
            "종합병원":100,
            "공원":0,
            "혐오시설":0,
            "인프라총점":50.0,
            "초등학군":80.82,
            "중학군":34.44,
            "학군총점":43.716,
            "인구수":25.76,
            "인구증감":0.16,
            "인구총점":18.08,
            "일자리":11.7,
            "소득수준":80.31,
            "일자리총점":32.283,
            "가치 총점":51.054,
            "매매실거래년":20211213.0,
            "매매실거래가":30000.0,
            "전세실거래년":20210730.0,
            "전세실거래가":20000.0,
            "전세가율":86.96,
            "장기전세가율평균":78.67,
            "전세가율거품지수":-8.29,
            "검색코드":25628,
            "세대수":465.0,
            "준공년월":"2006-12-27",
            "준공년차":17.0,
            "가까운역이름":"NA",
            "가까운역거리":"NA",
            "역세권여부":"NA",
            "30분이내주요거점역":"NA",
            "1시간이내주요거점역":"NA",
            "3km이내백화점수":1,
            "5km이내아울렛몰수":0,
            "1km이내대형먀트수":0,
            "500m이내은행수":0,
            "500m이내병원수":0,
            "5km이내대형병원수":5,
            "500m이내공원수":0,
            "3km이내혐오시설수":0,
            "초등학교학업성취도":80.82,
            "중학교학업성취도":57.4,
            "용적률":297,
            "건폐율":19,
            "Y":36.039385,
            "X":129.375937,
            "rank":7.0,
            "area_info":"31평(105.29), 33평(111.59), 36평(119.46), 38평(126.77), 38평(126.81), 43평(143.08), 46평(152.91), 47평(155.62), 49평(163.04), 53평(176.42), 56평(186.03), 58평(194.31)",
            "last_sales":"2021-12-13,30000.0,47평(155.62)"
        },
        {
            "index":94,
            "아파트명":"송도세잔베르체",
            "투자타입":"일반",
            "전용면적(m2)":"107.9",
            "전용면적(평)":"32평",
            "법정동주소":"경상북도 포항시 남구 송도동 411",
            "도로명주소":"경상북도 포항시 남구 운하로 136",
            "세대수":0,
            "입주년차":40,
            "용적률점수":"--",
            "건폐율점수":"--",
            "세대당주차수":30,
            "난방방식":30,
            "공급면적":"--",
            "전용률":"--",
            "욕실수":100,
            "현관타입":100,
            "주거총점":35.5,
            "지역구공급총점":0.0,
            "역세권":"NA",
            "30분내 이동가능 거점":"NA",
            "1시간내 이동가능 거점":"NA",
            "교통총점":"NA",
            "백화점":100,
            "아울렛몰":0,
            "대형마트":80,
            "은행":0,
            "병원":10,
            "종합병원":100,
            "공원":80,
            "혐오시설":0,
            "인프라총점":65.4,
            "초등학군":82.26,
            "중학군":34.44,
            "학군총점":44.004,
            "인구수":25.76,
            "인구증감":0.16,
            "인구총점":18.08,
            "일자리":11.7,
            "소득수준":80.31,
            "일자리총점":32.283,
            "가치 총점":49.586,
            "매매실거래년":20211229.0,
            "매매실거래가":22000.0,
            "전세실거래년":20110511.0,
            "전세실거래가":10000.0,
            "전세가율":58.82,
            "장기전세가율평균":78.67,
            "전세가율거품지수":19.85,
            "검색코드":106523,
            "세대수":104.0,
            "준공년월":"2008-03-07",
            "준공년차":15.0,
            "가까운역이름":"NA",
            "가까운역거리":"NA",
            "역세권여부":"NA",
            "30분이내주요거점역":"NA",
            "1시간이내주요거점역":"NA",
            "3km이내백화점수":1,
            "5km이내아울렛몰수":0,
            "1km이내대형먀트수":1,
            "500m이내은행수":0,
            "500m이내병원수":4,
            "5km이내대형병원수":5,
            "500m이내공원수":1,
            "3km이내혐오시설수":0,
            "초등학교학업성취도":82.26,
            "중학교학업성취도":57.4,
            "용적률":251,
            "건폐율":34,
            "Y":36.035951,
            "X":129.371262,
            "rank":8.0,
            "area_info":"32평(107.9), 32평(108.19), 33평(109.42)",
            "last_sales":"2021-12-29,22000.0,32평(108.19)"
        },
        {
            "index":90,
            "아파트명":"포항상도코아루센트럴하임",
            "투자타입":"일반",
            "전용면적(m2)":"85.61",
            "전용면적(평)":"25평",
            "법정동주소":"경상북도 포항시 남구 상도동 674",
            "도로명주소":"경상북도 포항시 남구 상도남로 25",
            "세대수":50,
            "입주년차":80,
            "용적률점수":"--",
            "건폐율점수":"--",
            "세대당주차수":30,
            "난방방식":30,
            "공급면적":"--",
            "전용률":"--",
            "욕실수":100,
            "현관타입":100,
            "주거총점":61.0,
            "지역구공급총점":0.0,
            "역세권":"NA",
            "30분내 이동가능 거점":"NA",
            "1시간내 이동가능 거점":"NA",
            "교통총점":"NA",
            "백화점":0,
            "아울렛몰":0,
            "대형마트":80,
            "은행":0,
            "병원":30,
            "종합병원":100,
            "공원":80,
            "혐오시설":0,
            "인프라총점":37.4,
            "초등학군":89.92,
            "중학군":38.14,
            "학군총점":48.496,
            "인구수":25.76,
            "인구증감":0.16,
            "인구총점":18.08,
            "일자리":11.7,
            "소득수준":80.31,
            "일자리총점":32.283,
            "가치 총점":48.434,
            "매매실거래년":20211215.0,
            "매매실거래가":45900.0,
            "전세실거래년":20210530.0,
            "전세실거래가":28000.0,
            "전세가율":86.69,
            "장기전세가율평균":78.67,
            "전세가율거품지수":-8.02,
            "검색코드":106157,
            "세대수":448.0,
            "준공년월":"2015-05-27",
            "준공년차":8.0,
            "가까운역이름":"NA",
            "가까운역거리":"NA",
            "역세권여부":"NA",
            "30분이내주요거점역":"NA",
            "1시간이내주요거점역":"NA",
            "3km이내백화점수":0,
            "5km이내아울렛몰수":0,
            "1km이내대형먀트수":1,
            "500m이내은행수":0,
            "500m이내병원수":5,
            "5km이내대형병원수":5,
            "500m이내공원수":1,
            "3km이내혐오시설수":0,
            "초등학교학업성취도":89.92,
            "중학교학업성취도":63.1,
            "용적률":246,
            "건폐율":19,
            "Y":36.009266,
            "X":129.345397,
            "rank":9.0,
            "area_info":"25평(85.61), 27평(92.55), 33평(111.42), 34평(113.48)",
            "last_sales":"2021-12-15,45900.0,34평(113.48)"
        },
        {
            "index":309,
            "아파트명":"그린(삼성)",
            "투자타입":"일반",
            "전용면적(m2)":"103.89",
            "전용면적(평)":"31평",
            "법정동주소":"경상북도 포항시 남구 지곡동 543-1",
            "도로명주소":"경상북도 포항시 남구 지곡로 319",
            "세대수":80,
            "입주년차":20,
            "용적률점수":"--",
            "건폐율점수":"--",
            "세대당주차수":0,
            "난방방식":30,
            "공급면적":"--",
            "전용률":"--",
            "욕실수":100,
            "현관타입":100,
            "주거총점":55.0,
            "지역구공급총점":0.0,
            "역세권":"NA",
            "30분내 이동가능 거점":"NA",
            "1시간내 이동가능 거점":"NA",
            "교통총점":"NA",
            "백화점":0,
            "아울렛몰":0,
            "대형마트":80,
            "은행":0,
            "병원":0,
            "종합병원":100,
            "공원":100,
            "혐오시설":0,
            "인프라총점":35.0,
            "초등학군":91.71,
            "중학군":52.42,
            "학군총점":60.278,
            "인구수":25.76,
            "인구증감":0.16,
            "인구총점":18.08,
            "일자리":11.7,
            "소득수준":80.31,
            "일자리총점":32.283,
            "가치 총점":48.3195,
            "매매실거래년":20211227.0,
            "매매실거래가":48000.0,
            "전세실거래년":20211221.0,
            "전세실거래가":37000.0,
            "전세가율":77.08,
            "장기전세가율평균":78.67,
            "전세가율거품지수":1.59,
            "검색코드":16362,
            "세대수":748.0,
            "준공년월":"1999-06-18",
            "준공년차":24.0,
            "가까운역이름":"NA",
            "가까운역거리":"NA",
            "역세권여부":"NA",
            "30분이내주요거점역":"NA",
            "1시간이내주요거점역":"NA",
            "3km이내백화점수":0,
            "5km이내아울렛몰수":0,
            "1km이내대형먀트수":1,
            "500m이내은행수":0,
            "500m이내병원수":1,
            "5km이내대형병원수":5,
            "500m이내공원수":2,
            "3km이내혐오시설수":0,
            "초등학교학업성취도":91.71,
            "중학교학업성취도":86.3,
            "용적률":82,
            "건폐율":22,
            "Y":36.029042,
            "X":129.317908,
            "rank":10.0,
            "area_info":"31평(103.89)",
            "last_sales":"2021-12-27,48000.0,31평(103.89)"
        },
        {
            "index":391,
            "아파트명":"효자웰빙타운SK뷰3차",
            "투자타입":"일반",
            "전용면적(m2)":"116.65",
            "전용면적(평)":"35평",
            "법정동주소":"경상북도 포항시 남구 효자동 609",
            "도로명주소":"경상북도 포항시 남구 효성로 88",
            "세대수":50,
            "입주년차":60,
            "용적률점수":"--",
            "건폐율점수":"--",
            "세대당주차수":60,
            "난방방식":30,
            "공급면적":"--",
            "전용률":"--",
            "욕실수":100,
            "현관타입":100,
            "주거총점":61.5,
            "지역구공급총점":0.0,
            "역세권":"NA",
            "30분내 이동가능 거점":"NA",
            "1시간내 이동가능 거점":"NA",
            "교통총점":"NA",
            "백화점":0,
            "아울렛몰":0,
            "대형마트":80,
            "은행":0,
            "병원":10,
            "종합병원":100,
            "공원":0,
            "혐오시설":0,
            "인프라총점":33.0,
            "초등학군":89.92,
            "중학군":44.88,
            "학군총점":53.888,
            "인구수":25.76,
            "인구증감":0.16,
            "인구총점":18.08,
            "일자리":11.7,
            "소득수준":80.31,
            "일자리총점":32.283,
            "가치 총점":48.197,
            "매매실거래년":20211220.0,
            "매매실거래가":46000.0,
            "전세실거래년":20220113.0,
            "전세실거래가":42000.0,
            "전세가율":91.3,
            "장기전세가율평균":78.67,
            "전세가율거품지수":-12.63,
            "검색코드":104198,
            "세대수":561.0,
            "준공년월":"2009-12-30",
            "준공년차":14.0,
            "가까운역이름":"NA",
            "가까운역거리":"NA",
            "역세권여부":"NA",
            "30분이내주요거점역":"NA",
            "1시간이내주요거점역":"NA",
            "3km이내백화점수":0,
            "5km이내아울렛몰수":0,
            "1km이내대형먀트수":1,
            "500m이내은행수":0,
            "500m이내병원수":4,
            "5km이내대형병원수":4,
            "500m이내공원수":0,
            "3km이내혐오시설수":0,
            "초등학교학업성취도":89.92,
            "중학교학업성취도":74.6,
            "용적률":297,
            "건폐율":48,
            "Y":36.004993,
            "X":129.343418,
            "rank":11.0,
            "area_info":"35평(116.65), 35평(116.81), 35평(117.03), 44평(146.55), 52평(173.14)",
            "last_sales":"2021-12-20,46000.0,35평(116.65)"
        },
        {
            "index":14,
            "아파트명":"대잠아델리아",
            "투자타입":"일반",
            "전용면적(m2)":"106.28",
            "전용면적(평)":"32평",
            "법정동주소":"경상북도 포항시 남구 대잠동 970",
            "도로명주소":"경상북도 포항시 남구 대이로20번길 20",
            "세대수":30,
            "입주년차":40,
            "용적률점수":"--",
            "건폐율점수":"--",
            "세대당주차수":30,
            "난방방식":30,
            "공급면적":"--",
            "전용률":"--",
            "욕실수":100,
            "현관타입":100,
            "주거총점":46.0,
            "지역구공급총점":0.0,
            "역세권":"NA",
            "30분내 이동가능 거점":"NA",
            "1시간내 이동가능 거점":"NA",
            "교통총점":"NA",
            "백화점":0,
            "아울렛몰":0,
            "대형마트":80,
            "은행":70,
            "병원":60,
            "종합병원":100,
            "공원":100,
            "혐오시설":0,
            "인프라총점":48.0,
            "초등학군":90.28,
            "중학군":38.14,
            "학군총점":48.568,
            "인구수":25.76,
            "인구증감":0.16,
            "인구총점":18.08,
            "일자리":11.7,
            "소득수준":80.31,
            "일자리총점":32.283,
            "가치 총점":47.442,
            "매매실거래년":20210516.0,
            "매매실거래가":28000.0,
            "전세실거래년":20211207.0,
            "전세실거래가":22000.0,
            "전세가율":90.53,
            "장기전세가율평균":78.67,
            "전세가율거품지수":-11.86,
            "검색코드":13199,
            "세대수":334.0,
            "준공년월":"2004-11-12",
            "준공년차":19.0,
            "가까운역이름":"NA",
            "가까운역거리":"NA",
            "역세권여부":"NA",
            "30분이내주요거점역":"NA",
            "1시간이내주요거점역":"NA",
            "3km이내백화점수":0,
            "5km이내아울렛몰수":0,
            "1km이내대형먀트수":1,
            "500m이내은행수":3,
            "500m이내병원수":10,
            "5km이내대형병원수":5,
            "500m이내공원수":2,
            "3km이내혐오시설수":0,
            "초등학교학업성취도":90.28,
            "중학교학업성취도":63.1,
            "용적률":248,
            "건폐율":22,
            "Y":36.017356,
            "X":129.345236,
            "rank":12.0,
            "area_info":"32평(106.28), 35평(115.87), 45평(149.95)",
            "last_sales":"2021-05-16,28000.0,45평(149.95)"
        },
        {
            "index":315,
            "아파트명":"승리",
            "투자타입":"재건축",
            "전용면적(m2)":"57.41",
            "전용면적(평)":"17평",
            "법정동주소":"경상북도 포항시 남구 지곡동 230-8",
            "도로명주소":"경상북도 포항시 남구 지곡로 20",
            "세대수":0,
            "입주년차":"--",
            "용적률점수":100,
            "건폐율점수":80,
            "세대당주차수":"--",
            "난방방식":"--",
            "공급면적":50,
            "전용률":100,
            "욕실수":"--",
            "현관타입":"--",
            "주거총점":63.5,
            "지역구공급총점":0.0,
            "역세권":"NA",
            "30분내 이동가능 거점":"NA",
            "1시간내 이동가능 거점":"NA",
            "교통총점":"NA",
            "백화점":0,
            "아울렛몰":0,
            "대형마트":0,
            "은행":0,
            "병원":30,
            "종합병원":100,
            "공원":100,
            "혐오시설":0,
            "인프라총점":26.0,
            "초등학군":93.92,
            "중학군":50.32,
            "학군총점":59.04,
            "인구수":25.76,
            "인구증감":0.16,
            "인구총점":18.08,
            "일자리":11.7,
            "소득수준":80.31,
            "일자리총점":32.283,
            "가치 총점":47.385,
            "매매실거래년":20220104.0,
            "매매실거래가":18500.0,
            "전세실거래년":20211231.0,
            "전세실거래가":20000.0,
            "전세가율":108.11,
            "장기전세가율평균":78.67,
            "전세가율거품지수":-29.44,
            "검색코드":112652,
            "세대수":180.0,
            "준공년월":"1992-08-01",
            "준공년차":31.0,
            "가까운역이름":"NA",
            "가까운역거리":"NA",
            "역세권여부":"NA",
            "30분이내주요거점역":"NA",
            "1시간이내주요거점역":"NA",
            "3km이내백화점수":0,
            "5km이내아울렛몰수":0,
            "1km이내대형먀트수":0,
            "500m이내은행수":0,
            "500m이내병원수":9,
            "5km이내대형병원수":4,
            "500m이내공원수":4,
            "3km이내혐오시설수":0,
            "초등학교학업성취도":93.92,
            "중학교학업성취도":83.6,
            "용적률":110,
            "건폐율":21,
            "Y":36.009186,
            "X":129.329247,
            "rank":13.0,
            "area_info":"17평(57.41), 19평(64.61)",
            "last_sales":"2022-01-04,18500.0,17평(57.41)"
        },
        {
            "index":6,
            "아파트명":"대잠센트럴하이츠",
            "투자타입":"일반",
            "전용면적(m2)":"133.83",
            "전용면적(평)":"40평",
            "법정동주소":"경상북도 포항시 남구 대잠동 1009",
            "도로명주소":"경상북도 포항시 남구 희망대로 520",
            "세대수":50,
            "입주년차":60,
            "용적률점수":"--",
            "건폐율점수":"--",
            "세대당주차수":80,
            "난방방식":30,
            "공급면적":"--",
            "전용률":"--",
            "욕실수":100,
            "현관타입":100,
            "주거총점":64.5,
            "지역구공급총점":0.0,
            "역세권":"NA",
            "30분내 이동가능 거점":"NA",
            "1시간내 이동가능 거점":"NA",
            "교통총점":"NA",
            "백화점":0,
            "아울렛몰":0,
            "대형마트":0,
            "은행":0,
            "병원":10,
            "종합병원":100,
            "공원":100,
            "혐오시설":0,
            "인프라총점":24.0,
            "초등학군":90.28,
            "중학군":52.42,
            "학군총점":59.992,
            "인구수":25.76,
            "인구증감":0.16,
            "인구총점":18.08,
            "일자리":11.7,
            "소득수준":80.31,
            "일자리총점":32.283,
            "가치 총점":47.173,
            "매매실거래년":20211109.0,
            "매매실거래가":55000.0,
            "전세실거래년":20211217.0,
            "전세실거래가":34600.0,
            "전세가율":69.48,
            "장기전세가율평균":78.67,
            "전세가율거품지수":9.19,
            "검색코드":26840,
            "세대수":550.0,
            "준공년월":"2010-03-29",
            "준공년차":13.0,
            "가까운역이름":"NA",
            "가까운역거리":"NA",
            "역세권여부":"NA",
            "30분이내주요거점역":"NA",
            "1시간이내주요거점역":"NA",
            "3km이내백화점수":0,
            "5km이내아울렛몰수":0,
            "1km이내대형먀트수":0,
            "500m이내은행수":0,
            "500m이내병원수":3,
            "5km이내대형병원수":5,
            "500m이내공원수":2,
            "3km이내혐오시설수":0,
            "초등학교학업성취도":90.28,
            "중학교학업성취도":86.3,
            "용적률":234,
            "건폐율":21,
            "Y":36.021475,
            "X":129.337119,
            "rank":14.0,
            "area_info":"40평(133.83), 40평(133.83), 47평(157.54), 47평(157.54), 47평(157.54), 47평(158.53), 55평(183.06), 55평(184.45)",
            "last_sales":"2021-11-09,55000.0,55평(183.06)"
        },
        {
            "index":27,
            "아파트명":"포항남구라온프라이빗스카이파크",
            "투자타입":"일반",
            "전용면적(m2)":"82.89",
            "전용면적(평)":"25평",
            "법정동주소":"경상북도 포항시 남구 대잠동 957",
            "도로명주소":"경상북도 포항시 남구 새천년대로410번길 20",
            "세대수":30,
            "입주년차":100,
            "용적률점수":"--",
            "건폐율점수":"--",
            "세대당주차수":30,
            "난방방식":30,
            "공급면적":"--",
            "전용률":"--",
            "욕실수":100,
            "현관타입":100,
            "주거총점":58.0,
            "지역구공급총점":0.0,
            "역세권":"NA",
            "30분내 이동가능 거점":"NA",
            "1시간내 이동가능 거점":"NA",
            "교통총점":"NA",
            "백화점":0,
            "아울렛몰":0,
            "대형마트":80,
            "은행":0,
            "병원":30,
            "종합병원":100,
            "공원":80,
            "혐오시설":0,
            "인프라총점":37.4,
            "초등학군":83.38,
            "중학군":38.14,
            "학군총점":47.188,
            "인구수":25.76,
            "인구증감":0.16,
            "인구총점":18.08,
            "일자리":11.7,
            "소득수준":80.31,
            "일자리총점":32.283,
            "가치 총점":47.057,
            "매매실거래년":20201026.0,
            "매매실거래가":33500.0,
            "전세실거래년":null,
            "전세실거래가":null,
            "전세가율":null,
            "장기전세가율평균":78.67,
            "전세가율거품지수":null,
            "검색코드":116644,
            "세대수":371.0,
            "준공년월":"2020-05-01",
            "준공년차":3.0,
            "가까운역이름":"NA",
            "가까운역거리":"NA",
            "역세권여부":"NA",
            "30분이내주요거점역":"NA",
            "1시간이내주요거점역":"NA",
            "3km이내백화점수":0,
            "5km이내아울렛몰수":0,
            "1km이내대형먀트수":1,
            "500m이내은행수":0,
            "500m이내병원수":6,
            "5km이내대형병원수":5,
            "500m이내공원수":1,
            "3km이내혐오시설수":0,
            "초등학교학업성취도":83.38,
            "중학교학업성취도":63.1,
            "용적률":0,
            "건폐율":0,
            "Y":36.011561,
            "X":129.344888,
            "rank":15.0,
            "area_info":"25평(82.89), 25평(85.67), 33평(111.52), 35평(117.3)",
            "last_sales":"2020-10-26,33500.0,35평(117.3)"
        },
        {
            "index":4,
            "아파트명":"대잠그린파크명품",
            "투자타입":"일반",
            "전용면적(m2)":"115.76",
            "전용면적(평)":"35평",
            "법정동주소":"경상북도 포항시 남구 대잠동 990",
            "도로명주소":"경상북도 포항시 남구 대이로46번길 29",
            "세대수":50,
            "입주년차":40,
            "용적률점수":"--",
            "건폐율점수":"--",
            "세대당주차수":30,
            "난방방식":30,
            "공급면적":"--",
            "전용률":"--",
            "욕실수":100,
            "현관타입":100,
            "주거총점":53.0,
            "지역구공급총점":0.0,
            "역세권":"NA",
            "30분내 이동가능 거점":"NA",
            "1시간내 이동가능 거점":"NA",
            "교통총점":"NA",
            "백화점":0,
            "아울렛몰":0,
            "대형마트":0,
            "은행":70,
            "병원":30,
            "종합병원":100,
            "공원":80,
            "혐오시설":0,
            "인프라총점":32.4,
            "초등학군":90.28,
            "중학군":54.08,
            "학군총점":61.32,
            "인구수":25.76,
            "인구증감":0.16,
            "인구총점":18.08,
            "일자리":11.7,
            "소득수준":80.31,
            "일자리총점":32.283,
            "가치 총점":46.84,
            "매매실거래년":20220107.0,
            "매매실거래가":25800.0,
            "전세실거래년":20211203.0,
            "전세실거래가":27500.0,
            "전세가율":106.59,
            "장기전세가율평균":78.67,
            "전세가율거품지수":-27.92,
            "검색코드":101128,
            "세대수":548.0,
            "준공년월":"2005-03-18",
            "준공년차":18.0,
            "가까운역이름":"NA",
            "가까운역거리":"NA",
            "역세권여부":"NA",
            "30분이내주요거점역":"NA",
            "1시간이내주요거점역":"NA",
            "3km이내백화점수":0,
            "5km이내아울렛몰수":0,
            "1km이내대형먀트수":0,
            "500m이내은행수":3,
            "500m이내병원수":9,
            "5km이내대형병원수":5,
            "500m이내공원수":1,
            "3km이내혐오시설수":0,
            "초등학교학업성취도":90.28,
            "중학교학업성취도":89.2,
            "용적률":294,
            "건폐율":19,
            "Y":36.021342,
            "X":129.344161,
            "rank":16.0,
            "area_info":"35평(115.76), 49평(162.53)",
            "last_sales":"2022-01-07,25800.0,35평(115.76)"
        },
        {
            "index":310,
            "아파트명":"낙원",
            "투자타입":"재건축",
            "전용면적(m2)":"106.14",
            "전용면적(평)":"32평",
            "법정동주소":"경상북도 포항시 남구 지곡동 110",
            "도로명주소":"경상북도 포항시 남구 지곡로 102",
            "세대수":0,
            "입주년차":"--",
            "용적률점수":100,
            "건폐율점수":100,
            "세대당주차수":"--",
            "난방방식":"--",
            "공급면적":90,
            "전용률":60,
            "욕실수":"--",
            "현관타입":"--",
            "주거총점":67.5,
            "지역구공급총점":0.0,
            "역세권":"NA",
            "30분내 이동가능 거점":"NA",
            "1시간내 이동가능 거점":"NA",
            "교통총점":"NA",
            "백화점":0,
            "아울렛몰":0,
            "대형마트":0,
            "은행":0,
            "병원":0,
            "종합병원":100,
            "공원":0,
            "혐오시설":0,
            "인프라총점":20.0,
            "초등학군":93.92,
            "중학군":52.42,
            "학군총점":60.72,
            "인구수":25.76,
            "인구증감":0.16,
            "인구총점":18.08,
            "일자리":11.7,
            "소득수준":80.31,
            "일자리총점":32.283,
            "가치 총점":46.805,
            "매매실거래년":20210927.0,
            "매매실거래가":54500.0,
            "전세실거래년":20211126.0,
            "전세실거래가":35000.0,
            "전세가율":94.59,
            "장기전세가율평균":78.67,
            "전세가율거품지수":-15.92,
            "검색코드":112900,
            "세대수":135.0,
            "준공년월":"1988-10-31",
            "준공년차":35.0,
            "가까운역이름":"NA",
            "가까운역거리":"NA",
            "역세권여부":"NA",
            "30분이내주요거점역":"NA",
            "1시간이내주요거점역":"NA",
            "3km이내백화점수":0,
            "5km이내아울렛몰수":0,
            "1km이내대형먀트수":0,
            "500m이내은행수":1,
            "500m이내병원수":0,
            "5km이내대형병원수":4,
            "500m이내공원수":0,
            "3km이내혐오시설수":0,
            "초등학교학업성취도":93.92,
            "중학교학업성취도":86.3,
            "용적률":90,
            "건폐율":6,
            "Y":36.015321,
            "X":129.327264,
            "rank":17.0,
            "area_info":"32평(106.14), 36평(121.38), 40평(133.75), 41평(136.99), 53평(177.11)",
            "last_sales":"2021-09-27,54500.0,40평(133.75)"
        },
        {
            "index":388,
            "아파트명":"효자웰빙타운SK뷰2차",
            "투자타입":"일반",
            "전용면적(m2)":"130.25",
            "전용면적(평)":"39평",
            "법정동주소":"경상북도 포항시 남구 효자동 579",
            "도로명주소":"경상북도 포항시 남구 효성로63번길 17",
            "세대수":30,
            "입주년차":40,
            "용적률점수":"--",
            "건폐율점수":"--",
            "세대당주차수":60,
            "난방방식":30,
            "공급면적":"--",
            "전용률":"--",
            "욕실수":100,
            "현관타입":100,
            "주거총점":50.5,
            "지역구공급총점":0.0,
            "역세권":"NA",
            "30분내 이동가능 거점":"NA",
            "1시간내 이동가능 거점":"NA",
            "교통총점":"NA",
            "백화점":0,
            "아울렛몰":0,
            "대형마트":80,
            "은행":0,
            "병원":30,
            "종합병원":100,
            "공원":0,
            "혐오시설":0,
            "인프라총점":35.0,
            "초등학군":89.92,
            "중학군":44.88,
            "학군총점":53.888,
            "인구수":25.76,
            "인구증감":0.16,
            "인구총점":18.08,
            "일자리":11.7,
            "소득수준":80.31,
            "일자리총점":32.283,
            "가치 총점":45.147,
            "매매실거래년":20211111.0,
            "매매실거래가":42600.0,
            "전세실거래년":20211112.0,
            "전세실거래가":40600.0,
            "전세가율":95.31,
            "장기전세가율평균":78.67,
            "전세가율거품지수":-16.64,
            "검색코드":25147,
            "세대수":364.0,
            "준공년월":"2008-05-29",
            "준공년차":15.0,
            "가까운역이름":"NA",
            "가까운역거리":"NA",
            "역세권여부":"NA",
            "30분이내주요거점역":"NA",
            "1시간이내주요거점역":"NA",
            "3km이내백화점수":0,
            "5km이내아울렛몰수":0,
            "1km이내대형먀트수":1,
            "500m이내은행수":0,
            "500m이내병원수":7,
            "5km이내대형병원수":4,
            "500m이내공원수":0,
            "3km이내혐오시설수":0,
            "초등학교학업성취도":89.92,
            "중학교학업성취도":74.6,
            "용적률":293,
            "건폐율":49,
            "Y":36.007916,
            "X":129.339896,
            "rank":18.0,
            "area_info":"39평(130.25), 48평(161.05), 56평(186.61)",
            "last_sales":"2021-11-11,42600.0,39평(130.25)"
        },
        {
            "index":295,
            "아파트명":"이동그린빌명품",
            "투자타입":"일반",
            "전용면적(m2)":"86.75",
            "전용면적(평)":"26평",
            "법정동주소":"경상북도 포항시 남구 이동 664-5",
            "도로명주소":"경상북도 포항시 남구 대이로 138",
            "세대수":50,
            "입주년차":20,
            "용적률점수":"--",
            "건폐율점수":"--",
            "세대당주차수":30,
            "난방방식":30,
            "공급면적":"--",
            "전용률":"--",
            "욕실수":100,
            "현관타입":100,
            "주거총점":49.0,
            "지역구공급총점":0.0,
            "역세권":"NA",
            "30분내 이동가능 거점":"NA",
            "1시간내 이동가능 거점":"NA",
            "교통총점":"NA",
            "백화점":0,
            "아울렛몰":0,
            "대형마트":0,
            "은행":20,
            "병원":60,
            "종합병원":100,
            "공원":100,
            "혐오시설":0,
            "인프라총점":31.0,
            "초등학군":90.11,
            "중학군":54.08,
            "학군총점":61.286,
            "인구수":25.76,
            "인구증감":0.16,
            "인구총점":18.08,
            "일자리":11.7,
            "소득수준":80.31,
            "일자리총점":32.283,
            "가치 총점":44.8715,
            "매매실거래년":20220107.0,
            "매매실거래가":21000.0,
            "전세실거래년":20211228.0,
            "전세실거래가":21000.0,
            "전세가율":100.0,
            "장기전세가율평균":78.67,
            "전세가율거품지수":-21.33,
            "검색코드":24111,
            "세대수":632.0,
            "준공년월":"2003-06-12",
            "준공년차":20.0,
            "가까운역이름":"NA",
            "가까운역거리":"NA",
            "역세권여부":"NA",
            "30분이내주요거점역":"NA",
            "1시간이내주요거점역":"NA",
            "3km이내백화점수":0,
            "5km이내아울렛몰수":0,
            "1km이내대형먀트수":0,
            "500m이내은행수":2,
            "500m이내병원수":19,
            "5km이내대형병원수":5,
            "500m이내공원수":4,
            "3km이내혐오시설수":0,
            "초등학교학업성취도":90.11,
            "중학교학업성취도":89.2,
            "용적률":212,
            "건폐율":15,
            "Y":36.027674,
            "X":129.341306,
            "rank":19.0,
            "area_info":"26평(86.75), 34평(114.9), 39평(131.34)",
            "last_sales":"2022-01-07,21000.0,26평(86.75)"
        },
        {
            "index":375,
            "아파트명":"테라비아타in지곡(도시형)",
            "투자타입":"일반",
            "전용면적(m2)":"114.55",
            "전용면적(평)":"34평",
            "법정동주소":"경상북도 포항시 남구 효자동 625",
            "도로명주소":"경상북도 포항시 남구 효자로 62",
            "세대수":0,
            "입주년차":80,
            "용적률점수":"--",
            "건폐율점수":"--",
            "세대당주차수":60,
            "난방방식":100,
            "공급면적":"--",
            "전용률":"--",
            "욕실수":100,
            "현관타입":100,
            "주거총점":55.0,
            "지역구공급총점":0.0,
            "역세권":"NA",
            "30분내 이동가능 거점":"NA",
            "1시간내 이동가능 거점":"NA",
            "교통총점":"NA",
            "백화점":0,
            "아울렛몰":0,
            "대형마트":0,
            "은행":0,
            "병원":30,
            "종합병원":100,
            "공원":100,
            "혐오시설":0,
            "인프라총점":26.0,
            "초등학군":93.92,
            "중학군":52.42,
            "학군총점":60.72,
            "인구수":25.76,
            "인구증감":0.16,
            "인구총점":18.08,
            "일자리":11.7,
            "소득수준":80.31,
            "일자리총점":32.283,
            "가치 총점":44.83,
            "매매실거래년":20170705.0,
            "매매실거래가":46600.0,
            "전세실거래년":20170329.0,
            "전세실거래가":32000.0,
            "전세가율":68.67,
            "장기전세가율평균":78.67,
            "전세가율거품지수":10.0,
            "검색코드":115130,
            "세대수":172.0,
            "준공년월":"2017-05-24",
            "준공년차":6.0,
            "가까운역이름":"NA",
            "가까운역거리":"NA",
            "역세권여부":"NA",
            "30분이내주요거점역":"NA",
            "1시간이내주요거점역":"NA",
            "3km이내백화점수":0,
            "5km이내아울렛몰수":0,
            "1km이내대형먀트수":0,
            "500m이내은행수":1,
            "500m이내병원수":8,
            "5km이내대형병원수":4,
            "500m이내공원수":5,
            "3km이내혐오시설수":0,
            "초등학교학업성취도":93.92,
            "중학교학업성취도":86.3,
            "용적률":98,
            "건폐율":43,
            "Y":36.010982,
            "X":129.332603,
            "rank":20.0,
            "area_info":"34평(114.55), 34평(114.55), 34평(114.55), 35평(116.01), 38평(127.84), 38평(127.84), 38평(127.84), 39평(129.3)",
            "last_sales":"2017-07-05,46600.0,34평(114.55)"
        },
        {
            "index":179,
            "아파트명":"유강코아루2단지",
            "투자타입":"일반",
            "전용면적(m2)":"117.15",
            "전용면적(평)":"35평",
            "법정동주소":"경상북도 포항시 남구 연일읍 유강리 593-5",
            "도로명주소":"경상북도 포항시 남구 유강길10번길 42",
            "세대수":50,
            "입주년차":40,
            "용적률점수":"--",
            "건폐율점수":"--",
            "세대당주차수":60,
            "난방방식":30,
            "공급면적":"--",
            "전용률":"--",
            "욕실수":100,
            "현관타입":100,
            "주거총점":57.5,
            "지역구공급총점":0.0,
            "역세권":"NA",
            "30분내 이동가능 거점":"NA",
            "1시간내 이동가능 거점":"NA",
            "교통총점":"NA",
            "백화점":0,
            "아울렛몰":0,
            "대형마트":0,
            "은행":0,
            "병원":10,
            "종합병원":100,
            "공원":100,
            "혐오시설":0,
            "인프라총점":24.0,
            "초등학군":93.92,
            "중학군":50.32,
            "학군총점":59.04,
            "인구수":25.76,
            "인구증감":0.16,
            "인구총점":18.08,
            "일자리":11.7,
            "소득수준":80.31,
            "일자리총점":32.283,
            "가치 총점":44.485,
            "매매실거래년":20211102.0,
            "매매실거래가":31800.0,
            "전세실거래년":20211123.0,
            "전세실거래가":28000.0,
            "전세가율":88.05,
            "장기전세가율평균":78.67,
            "전세가율거품지수":-9.38,
            "검색코드":22813,
            "세대수":435.0,
            "준공년월":"2007-10-30",
            "준공년차":16.0,
            "가까운역이름":"NA",
            "가까운역거리":"NA",
            "역세권여부":"NA",
            "30분이내주요거점역":"NA",
            "1시간이내주요거점역":"NA",
            "3km이내백화점수":0,
            "5km이내아울렛몰수":0,
            "1km이내대형먀트수":0,
            "500m이내은행수":0,
            "500m이내병원수":4,
            "5km이내대형병원수":4,
            "500m이내공원수":2,
            "3km이내혐오시설수":0,
            "초등학교학업성취도":93.92,
            "중학교학업성취도":83.6,
            "용적률":218,
            "건폐율":14,
            "Y":36.007409,
            "X":129.322273,
            "rank":21.0,
            "area_info":"35평(117.15), 48평(160.77)",
            "last_sales":"2021-11-02,31800.0,35평(117.15)"
        },
        {
            "index":396,
            "아파트명":"효자풍림아이원",
            "투자타입":"일반",
            "전용면적(m2)":"102.12",
            "전용면적(평)":"30평",
            "법정동주소":"경상북도 포항시 남구 효자동 579-1",
            "도로명주소":"경상북도 포항시 남구 효성로 55",
            "세대수":50,
            "입주년차":60,
            "용적률점수":"--",
            "건폐율점수":"--",
            "세대당주차수":60,
            "난방방식":30,
            "공급면적":"--",
            "전용률":"--",
            "욕실수":100,
            "현관타입":100,
            "주거총점":61.5,
            "지역구공급총점":0.0,
            "역세권":"NA",
            "30분내 이동가능 거점":"NA",
            "1시간내 이동가능 거점":"NA",
            "교통총점":"NA",
            "백화점":0,
            "아울렛몰":0,
            "대형마트":0,
            "은행":0,
            "병원":30,
            "종합병원":100,
            "공원":0,
            "혐오시설":0,
            "인프라총점":23.0,
            "초등학군":89.92,
            "중학군":44.88,
            "학군총점":53.888,
            "인구수":25.76,
            "인구증감":0.16,
            "인구총점":18.08,
            "일자리":11.7,
            "소득수준":80.31,
            "일자리총점":32.283,
            "가치 총점":44.197,
            "매매실거래년":20211209.0,
            "매매실거래가":54900.0,
            "전세실거래년":20220115.0,
            "전세실거래가":26000.0,
            "전세가율":65.0,
            "장기전세가율평균":78.67,
            "전세가율거품지수":13.67,
            "검색코드":104144,
            "세대수":583.0,
            "준공년월":"2012-09-28",
            "준공년차":11.0,
            "가까운역이름":"NA",
            "가까운역거리":"NA",
            "역세권여부":"NA",
            "30분이내주요거점역":"NA",
            "1시간이내주요거점역":"NA",
            "3km이내백화점수":0,
            "5km이내아울렛몰수":0,
            "1km이내대형먀트수":0,
            "500m이내은행수":0,
            "500m이내병원수":7,
            "5km이내대형병원수":4,
            "500m이내공원수":0,
            "3km이내혐오시설수":0,
            "초등학교학업성취도":89.92,
            "중학교학업성취도":74.6,
            "용적률":260,
            "건폐율":46,
            "Y":36.006925,
            "X":129.33975,
            "rank":22.0,
            "area_info":"30평(102.12), 34평(113.42), 34평(113.64), 34평(114.11), 47평(155.82), 48평(159.27)",
            "last_sales":"2021-12-09,54900.0,34평(113.42)"
        },
        {
            "index":17,
            "아파트명":"대잠트리니엔",
            "투자타입":"일반",
            "전용면적(m2)":"118.89",
            "전용면적(평)":"35평",
            "법정동주소":"경상북도 포항시 남구 대잠동 971",
            "도로명주소":"경상북도 포항시 남구 대이로 10",
            "세대수":0,
            "입주년차":40,
            "용적률점수":"--",
            "건폐율점수":"--",
            "세대당주차수":30,
            "난방방식":30,
            "공급면적":"--",
            "전용률":"--",
            "욕실수":100,
            "현관타입":100,
            "주거총점":35.5,
            "지역구공급총점":0.0,
            "역세권":"NA",
            "30분내 이동가능 거점":"NA",
            "1시간내 이동가능 거점":"NA",
            "교통총점":"NA",
            "백화점":0,
            "아울렛몰":0,
            "대형마트":80,
            "은행":70,
            "병원":60,
            "종합병원":100,
            "공원":100,
            "혐오시설":0,
            "인프라총점":48.0,
            "초등학군":90.28,
            "중학군":38.14,
            "학군총점":48.568,
            "인구수":25.76,
            "인구증감":0.16,
            "인구총점":18.08,
            "일자리":11.7,
            "소득수준":80.31,
            "일자리총점":32.283,
            "가치 총점":43.767,
            "매매실거래년":20220103.0,
            "매매실거래가":31500.0,
            "전세실거래년":20220103.0,
            "전세실거래가":23000.0,
            "전세가율":73.02,
            "장기전세가율평균":78.67,
            "전세가율거품지수":5.65,
            "검색코드":25627,
            "세대수":237.0,
            "준공년월":"2006-07-11",
            "준공년차":17.0,
            "가까운역이름":"NA",
            "가까운역거리":"NA",
            "역세권여부":"NA",
            "30분이내주요거점역":"NA",
            "1시간이내주요거점역":"NA",
            "3km이내백화점수":0,
            "5km이내아울렛몰수":0,
            "1km이내대형먀트수":1,
            "500m이내은행수":3,
            "500m이내병원수":10,
            "5km이내대형병원수":5,
            "500m이내공원수":2,
            "3km이내혐오시설수":0,
            "초등학교학업성취도":90.28,
            "중학교학업성취도":63.1,
            "용적률":231,
            "건폐율":20,
            "Y":36.01742,
            "X":129.34435,
            "rank":23.0,
            "area_info":"35평(118.89), 51평(168.68)",
            "last_sales":"2022-01-03,31500.0,35평(118.89)"
        },
        {
            "index":31,
            "아파트명":"포항이동대우",
            "투자타입":"일반",
            "전용면적(m2)":"106.53",
            "전용면적(평)":"32평",
            "법정동주소":"경상북도 포항시 남구 대잠동 469-13",
            "도로명주소":"경상북도 포항시 남구 포스코대로 154",
            "세대수":50,
            "입주년차":20,
            "용적률점수":"--",
            "건폐율점수":"--",
            "세대당주차수":0,
            "난방방식":30,
            "공급면적":"--",
            "전용률":"--",
            "욕실수":100,
            "현관타입":100,
            "주거총점":44.5,
            "지역구공급총점":0.0,
            "역세권":"NA",
            "30분내 이동가능 거점":"NA",
            "1시간내 이동가능 거점":"NA",
            "교통총점":"NA",
            "백화점":0,
            "아울렛몰":0,
            "대형마트":0,
            "은행":20,
            "병원":60,
            "종합병원":100,
            "공원":100,
            "혐오시설":0,
            "인프라총점":31.0,
            "초등학군":90.11,
            "중학군":54.08,
            "학군총점":61.286,
            "인구수":25.76,
            "인구증감":0.16,
            "인구총점":18.08,
            "일자리":11.7,
            "소득수준":80.31,
            "일자리총점":32.283,
            "가치 총점":43.2965,
            "매매실거래년":20211121.0,
            "매매실거래가":23000.0,
            "전세실거래년":20211204.0,
            "전세실거래가":15700.0,
            "전세가율":73.02,
            "장기전세가율평균":78.67,
            "전세가율거품지수":5.65,
            "검색코드":6932,
            "세대수":400.0,
            "준공년월":"1999-12-28",
            "준공년차":24.0,
            "가까운역이름":"NA",
            "가까운역거리":"NA",
            "역세권여부":"NA",
            "30분이내주요거점역":"NA",
            "1시간이내주요거점역":"NA",
            "3km이내백화점수":0,
            "5km이내아울렛몰수":0,
            "1km이내대형먀트수":0,
            "500m이내은행수":2,
            "500m이내병원수":17,
            "5km이내대형병원수":5,
            "500m이내공원수":2,
            "3km이내혐오시설수":0,
            "초등학교학업성취도":90.11,
            "중학교학업성취도":89.2,
            "용적률":0,
            "건폐율":0,
            "Y":36.025009,
            "X":129.342648,
            "rank":24.0,
            "area_info":"32평(106.53), 32평(108.21)",
            "last_sales":"2021-11-21,23000.0,32평(108.21)"
        },
        {
            "index":19,
            "아파트명":"이동우방파크빌",
            "투자타입":"일반",
            "전용면적(m2)":"79.06",
            "전용면적(평)":"23평",
            "법정동주소":"경상북도 포항시 남구 대잠동 470-6",
            "도로명주소":"경상북도 포항시 남구 포스코대로 159",
            "세대수":50,
            "입주년차":20,
            "용적률점수":"--",
            "건폐율점수":"--",
            "세대당주차수":0,
            "난방방식":30,
            "공급면적":"--",
            "전용률":"--",
            "욕실수":100,
            "현관타입":100,
            "주거총점":44.5,
            "지역구공급총점":0.0,
            "역세권":"NA",
            "30분내 이동가능 거점":"NA",
            "1시간내 이동가능 거점":"NA",
            "교통총점":"NA",
            "백화점":0,
            "아울렛몰":0,
            "대형마트":0,
            "은행":20,
            "병원":60,
            "종합병원":100,
            "공원":100,
            "혐오시설":0,
            "인프라총점":31.0,
            "초등학군":90.11,
            "중학군":54.08,
            "학군총점":61.286,
            "인구수":25.76,
            "인구증감":0.16,
            "인구총점":18.08,
            "일자리":11.7,
            "소득수준":80.31,
            "일자리총점":32.283,
            "가치 총점":43.2965,
            "매매실거래년":20211122.0,
            "매매실거래가":18000.0,
            "전세실거래년":20211227.0,
            "전세실거래가":15400.0,
            "전세가율":85.56,
            "장기전세가율평균":78.67,
            "전세가율거품지수":-6.89,
            "검색코드":15957,
            "세대수":499.0,
            "준공년월":"2001-10-17",
            "준공년차":22.0,
            "가까운역이름":"NA",
            "가까운역거리":"NA",
            "역세권여부":"NA",
            "30분이내주요거점역":"NA",
            "1시간이내주요거점역":"NA",
            "3km이내백화점수":0,
            "5km이내아울렛몰수":0,
            "1km이내대형먀트수":0,
            "500m이내은행수":2,
            "500m이내병원수":18,
            "5km이내대형병원수":5,
            "500m이내공원수":2,
            "3km이내혐오시설수":0,
            "초등학교학업성취도":90.11,
            "중학교학업성취도":89.2,
            "용적률":0,
            "건폐율":0,
            "Y":36.026236,
            "X":129.343346,
            "rank":24.0,
            "area_info":"23평(79.06), 31평(104.18)",
            "last_sales":"2021-11-22,18000.0,23평(79.06)"
        },
        {
            "index":111,
            "아파트명":"대림한숲타운1차",
            "투자타입":"일반",
            "전용면적(m2)":"94.71",
            "전용면적(평)":"28평",
            "법정동주소":"경상북도 포항시 남구 연일읍 유강리 581-1",
            "도로명주소":"경상북도 포항시 남구 유강길9번길 62",
            "세대수":90,
            "입주년차":20,
            "용적률점수":"--",
            "건폐율점수":"--",
            "세대당주차수":0,
            "난방방식":30,
            "공급면적":"--",
            "전용률":"--",
            "욕실수":50,
            "현관타입":100,
            "주거총점":53.5,
            "지역구공급총점":0.0,
            "역세권":"NA",
            "30분내 이동가능 거점":"NA",
            "1시간내 이동가능 거점":"NA",
            "교통총점":"NA",
            "백화점":0,
            "아울렛몰":0,
            "대형마트":0,
            "은행":0,
            "병원":10,
            "종합병원":100,
            "공원":100,
            "혐오시설":0,
            "인프라총점":24.0,
            "초등학군":93.3,
            "중학군":50.32,
            "학군총점":58.916,
            "인구수":25.76,
            "인구증감":0.16,
            "인구총점":18.08,
            "일자리":11.7,
            "소득수준":80.31,
            "일자리총점":32.283,
            "가치 총점":43.054,
            "매매실거래년":20211126.0,
            "매매실거래가":28900.0,
            "전세실거래년":20211009.0,
            "전세실거래가":14500.0,
            "전세가율":100.0,
            "장기전세가율평균":78.67,
            "전세가율거품지수":-21.33,
            "검색코드":7093,
            "세대수":960.0,
            "준공년월":"1999-03-27",
            "준공년차":24.0,
            "가까운역이름":"NA",
            "가까운역거리":"NA",
            "역세권여부":"NA",
            "30분이내주요거점역":"NA",
            "1시간이내주요거점역":"NA",
            "3km이내백화점수":0,
            "5km이내아울렛몰수":0,
            "1km이내대형먀트수":0,
            "500m이내은행수":0,
            "500m이내병원수":3,
            "5km이내대형병원수":4,
            "500m이내공원수":2,
            "3km이내혐오시설수":0,
            "초등학교학업성취도":93.3,
            "중학교학업성취도":83.6,
            "용적률":0,
            "건폐율":0,
            "Y":36.006947,
            "X":129.314312,
            "rank":25.0,
            "area_info":"28평(94.71), 28평(94.39), 33평(109.65), 48평(160.92), 60평(199.84), 76평(253.69)",
            "last_sales":"2021-11-26,28900.0,48평(160.92)"
        },
        {
            "index":148,
            "아파트명":"연일에코코아루",
            "투자타입":"일반",
            "전용면적(m2)":"116.82",
            "전용면적(평)":"35평",
            "법정동주소":"경상북도 포항시 남구 연일읍 오천리 1013",
            "도로명주소":"경상북도 포항시 남구 동문로54번길 20",
            "세대수":50,
            "입주년차":60,
            "용적률점수":"--",
            "건폐율점수":"--",
            "세대당주차수":30,
            "난방방식":30,
            "공급면적":"--",
            "전용률":"--",
            "욕실수":100,
            "현관타입":100,
            "주거총점":57.0,
            "지역구공급총점":0.0,
            "역세권":"NA",
            "30분내 이동가능 거점":"NA",
            "1시간내 이동가능 거점":"NA",
            "교통총점":"NA",
            "백화점":0,
            "아울렛몰":0,
            "대형마트":0,
            "은행":0,
            "병원":10,
            "종합병원":100,
            "공원":80,
            "혐오시설":0,
            "인프라총점":23.4,
            "초등학군":90.0,
            "중학군":44.88,
            "학군총점":53.904,
            "인구수":25.76,
            "인구증감":0.16,
            "인구총점":18.08,
            "일자리":11.7,
            "소득수준":80.31,
            "일자리총점":32.283,
            "가치 총점":42.786,
            "매매실거래년":20211224.0,
            "매매실거래가":21900.0,
            "전세실거래년":20211011.0,
            "전세실거래가":18000.0,
            "전세가율":82.19,
            "장기전세가율평균":78.67,
            "전세가율거품지수":-3.52,
            "검색코드":103135,
            "세대수":476.0,
            "준공년월":"2010-11-30",
            "준공년차":13.0,
            "가까운역이름":"NA",
            "가까운역거리":"NA",
            "역세권여부":"NA",
            "30분이내주요거점역":"NA",
            "1시간이내주요거점역":"NA",
            "3km이내백화점수":0,
            "5km이내아울렛몰수":0,
            "1km이내대형먀트수":0,
            "500m이내은행수":0,
            "500m이내병원수":2,
            "5km이내대형병원수":4,
            "500m이내공원수":1,
            "3km이내혐오시설수":0,
            "초등학교학업성취도":90.0,
            "중학교학업성취도":74.6,
            "용적률":284,
            "건폐율":69,
            "Y":35.994221,
            "X":129.353238,
            "rank":26.0,
            "area_info":"35평(116.82), 35평(117.45)",
            "last_sales":"2021-12-24,21900.0,35평(116.82)"
        },
        {
            "index":363,
            "아파트명":"대방점보맨션",
            "투자타입":"재건축",
            "전용면적(m2)":"75.31",
            "전용면적(평)":"22평",
            "법정동주소":"경상북도 포항시 남구 해도동 33-187",
            "도로명주소":"경상북도 포항시 남구 상공로221번길 53",
            "세대수":0,
            "입주년차":"--",
            "용적률점수":0,
            "건폐율점수":0,
            "세대당주차수":"--",
            "난방방식":"--",
            "공급면적":50,
            "전용률":100,
            "욕실수":"--",
            "현관타입":"--",
            "주거총점":7.5,
            "지역구공급총점":0.0,
            "역세권":"NA",
            "30분내 이동가능 거점":"NA",
            "1시간내 이동가능 거점":"NA",
            "교통총점":"NA",
            "백화점":100,
            "아울렛몰":0,
            "대형마트":80,
            "은행":20,
            "병원":60,
            "종합병원":100,
            "공원":80,
            "혐오시설":0,
            "인프라총점":72.4,
            "초등학군":82.26,
            "중학군":34.44,
            "학군총점":44.004,
            "인구수":25.76,
            "인구증감":0.16,
            "인구총점":18.08,
            "일자리":11.7,
            "소득수준":80.31,
            "일자리총점":32.283,
            "가치 총점":42.586,
            "매매실거래년":20210803.0,
            "매매실거래가":8700.0,
            "전세실거래년":20170203.0,
            "전세실거래가":8000.0,
            "전세가율":89.89,
            "장기전세가율평균":78.67,
            "전세가율거품지수":-11.22,
            "검색코드":106531,
            "세대수":110.0,
            "준공년월":"1988-08-20",
            "준공년차":35.0,
            "가까운역이름":"NA",
            "가까운역거리":"NA",
            "역세권여부":"NA",
            "30분이내주요거점역":"NA",
            "1시간이내주요거점역":"NA",
            "3km이내백화점수":1,
            "5km이내아울렛몰수":0,
            "1km이내대형먀트수":1,
            "500m이내은행수":2,
            "500m이내병원수":14,
            "5km이내대형병원수":5,
            "500m이내공원수":1,
            "3km이내혐오시설수":0,
            "초등학교학업성취도":82.26,
            "중학교학업성취도":57.4,
            "용적률":0,
            "건폐율":0,
            "Y":36.027771,
            "X":129.368601,
            "rank":27.0,
            "area_info":"22평(75.31), 23평(76.7)",
            "last_sales":"2021-08-03,8700.0,23평(76.7)"
        },
        {
            "index":81,
            "아파트명":"포항코아루블루인시티",
            "투자타입":"일반",
            "전용면적(m2)":"79.89",
            "전용면적(평)":"24평",
            "법정동주소":"경상북도 포항시 남구 동해면 신정리 동해토지구획정리지구 13B 1L, 2L",
            "도로명주소":"경상북도 포항시 남구 연오로 91",
            "세대수":50,
            "입주년차":80,
            "용적률점수":"--",
            "건폐율점수":"--",
            "세대당주차수":30,
            "난방방식":30,
            "공급면적":"--",
            "전용률":"--",
            "욕실수":100,
            "현관타입":100,
            "주거총점":61.0,
            "지역구공급총점":0.0,
            "역세권":"NA",
            "30분내 이동가능 거점":"NA",
            "1시간내 이동가능 거점":"NA",
            "교통총점":"NA",
            "백화점":0,
            "아울렛몰":0,
            "대형마트":80,
            "은행":0,
            "병원":0,
            "종합병원":0,
            "공원":0,
            "혐오시설":0,
            "인프라총점":12.0,
            "초등학군":95.8,
            "중학군":56.1,
            "학군총점":64.04,
            "인구수":25.76,
            "인구증감":0.16,
            "인구총점":18.08,
            "일자리":11.7,
            "소득수준":80.31,
            "일자리총점":32.283,
            "가치 총점":42.16,
            "매매실거래년":20190901.0,
            "매매실거래가":22000.0,
            "전세실거래년":null,
            "전세실거래가":null,
            "전세가율":null,
            "장기전세가율평균":78.67,
            "전세가율거품지수":null,
            "검색코드":115322,
            "세대수":688.0,
            "준공년월":"2018-02-01",
            "준공년차":5.0,
            "가까운역이름":"NA",
            "가까운역거리":"NA",
            "역세권여부":"NA",
            "30분이내주요거점역":"NA",
            "1시간이내주요거점역":"NA",
            "3km이내백화점수":0,
            "5km이내아울렛몰수":0,
            "1km이내대형먀트수":1,
            "500m이내은행수":0,
            "500m이내병원수":0,
            "5km이내대형병원수":0,
            "500m이내공원수":0,
            "3km이내혐오시설수":0,
            "초등학교학업성취도":95.8,
            "중학교학업성취도":93.5,
            "용적률":0,
            "건폐율":0,
            "Y":35.981228,
            "X":129.444938,
            "rank":28.0,
            "area_info":"24평(79.89), 24평(79.71), 29평(99.16), 33평(111.61)",
            "last_sales":"2019-09-01,22000.0,33평(111.61)"
        },
        {
            "index":178,
            "아파트명":"유강코아루1단지",
            "투자타입":"일반",
            "전용면적(m2)":"116.23",
            "전용면적(평)":"35평",
            "법정동주소":"경상북도 포항시 남구 연일읍 유강리 593-2",
            "도로명주소":"경상북도 포항시 남구 유강길10번길 49",
            "세대수":30,
            "입주년차":40,
            "용적률점수":"--",
            "건폐율점수":"--",
            "세대당주차수":60,
            "난방방식":30,
            "공급면적":"--",
            "전용률":"--",
            "욕실수":100,
            "현관타입":100,
            "주거총점":50.5,
            "지역구공급총점":0.0,
            "역세권":"NA",
            "30분내 이동가능 거점":"NA",
            "1시간내 이동가능 거점":"NA",
            "교통총점":"NA",
            "백화점":0,
            "아울렛몰":0,
            "대형마트":0,
            "은행":0,
            "병원":10,
            "종합병원":100,
            "공원":100,
            "혐오시설":0,
            "인프라총점":24.0,
            "초등학군":93.3,
            "중학군":50.32,
            "학군총점":58.916,
            "인구수":25.76,
            "인구증감":0.16,
            "인구총점":18.08,
            "일자리":11.7,
            "소득수준":80.31,
            "일자리총점":32.283,
            "가치 총점":42.004,
            "매매실거래년":20211106.0,
            "매매실거래가":31800.0,
            "전세실거래년":20211029.0,
            "전세실거래가":2000.0,
            "전세가율":6.29,
            "장기전세가율평균":78.67,
            "전세가율거품지수":72.38,
            "검색코드":22810,
            "세대수":303.0,
            "준공년월":"2007-10-30",
            "준공년차":16.0,
            "가까운역이름":"NA",
            "가까운역거리":"NA",
            "역세권여부":"NA",
            "30분이내주요거점역":"NA",
            "1시간이내주요거점역":"NA",
            "3km이내백화점수":0,
            "5km이내아울렛몰수":0,
            "1km이내대형먀트수":0,
            "500m이내은행수":0,
            "500m이내병원수":4,
            "5km이내대형병원수":4,
            "500m이내공원수":3,
            "3km이내혐오시설수":0,
            "초등학교학업성취도":93.3,
            "중학교학업성취도":83.6,
            "용적률":218,
            "건폐율":19,
            "Y":36.007719,
            "X":129.320315,
            "rank":29.0,
            "area_info":"35평(116.23)",
            "last_sales":"2021-11-06,31800.0,35평(116.23)"
        },
        {
            "index":336,
            "아파트명":"효자그린2단지(954)",
            "투자타입":"일반",
            "전용면적(m2)":"70.68",
            "전용면적(평)":"21평",
            "법정동주소":"경상북도 포항시 남구 지곡동 954",
            "도로명주소":"경상북도 포항시 남구 지곡로 278",
            "세대수":0,
            "입주년차":0,
            "용적률점수":"--",
            "건폐율점수":"--",
            "세대당주차수":0,
            "난방방식":30,
            "공급면적":"--",
            "전용률":"--",
            "욕실수":100,
            "현관타입":100,
            "주거총점":23.0,
            "지역구공급총점":0.0,
            "역세권":"NA",
            "30분내 이동가능 거점":"NA",
            "1시간내 이동가능 거점":"NA",
            "교통총점":"NA",
            "백화점":0,
            "아울렛몰":0,
            "대형마트":80,
            "은행":70,
            "병원":10,
            "종합병원":100,
            "공원":100,
            "혐오시설":0,
            "인프라총점":43.0,
            "초등학군":91.71,
            "중학군":52.42,
            "학군총점":60.278,
            "인구수":25.76,
            "인구증감":0.16,
            "인구총점":18.08,
            "일자리":11.7,
            "소득수준":80.31,
            "일자리총점":32.283,
            "가치 총점":40.3195,
            "매매실거래년":20210627.0,
            "매매실거래가":40800.0,
            "전세실거래년":null,
            "전세실거래가":null,
            "전세가율":null,
            "장기전세가율평균":78.67,
            "전세가율거품지수":null,
            "검색코드":108879,
            "세대수":234.0,
            "준공년월":"1996-05-20",
            "준공년차":27.0,
            "가까운역이름":"NA",
            "가까운역거리":"NA",
            "역세권여부":"NA",
            "30분이내주요거점역":"NA",
            "1시간이내주요거점역":"NA",
            "3km이내백화점수":0,
            "5km이내아울렛몰수":0,
            "1km이내대형먀트수":1,
            "500m이내은행수":3,
            "500m이내병원수":3,
            "5km이내대형병원수":5,
            "500m이내공원수":5,
            "3km이내혐오시설수":0,
            "초등학교학업성취도":91.71,
            "중학교학업성취도":86.3,
            "용적률":0,
            "건폐율":0,
            "Y":36.030755,
            "X":129.321875,
            "rank":30.0,
            "area_info":"21평(70.68), 21평(70.64), 21평(71.65), 21평(71.68), 21평(71.76), 21평(71.8), 21평(71.42), 21평(71.46), 21평(72.31), 21평(72.53), 21평(72.49), 21평(72.38), 21평(72.42), 21평(72.49), 30평(99.8), 30평(99.75), 30평(100.76), 30평(101.07), 30평(101.24), 30평(102.26), 30평(102.11)",
            "last_sales":"2021-06-27,40800.0,30평(101.07)"
        },
        {
            "index":109,
            "아파트명":"강변유강코아루4단지노블",
            "투자타입":"일반",
            "전용면적(m2)":"194.72",
            "전용면적(평)":"58평",
            "법정동주소":"경상북도 포항시 남구 연일읍 유강리 584",
            "도로명주소":"경상북도 포항시 남구 유강길9번길 37-11",
            "세대수":0,
            "입주년차":60,
            "용적률점수":"--",
            "건폐율점수":"--",
            "세대당주차수":80,
            "난방방식":30,
            "공급면적":"--",
            "전용률":"--",
            "욕실수":100,
            "현관타입":50,
            "주거총점":42.0,
            "지역구공급총점":0.0,
            "역세권":"NA",
            "30분내 이동가능 거점":"NA",
            "1시간내 이동가능 거점":"NA",
            "교통총점":"NA",
            "백화점":0,
            "아울렛몰":0,
            "대형마트":0,
            "은행":0,
            "병원":10,
            "종합병원":100,
            "공원":100,
            "혐오시설":0,
            "인프라총점":24.0,
            "초등학군":93.3,
            "중학군":50.32,
            "학군총점":58.916,
            "인구수":25.76,
            "인구증감":0.16,
            "인구총점":18.08,
            "일자리":11.7,
            "소득수준":80.31,
            "일자리총점":32.283,
            "가치 총점":39.029,
            "매매실거래년":20211009.0,
            "매매실거래가":54500.0,
            "전세실거래년":20210203.0,
            "전세실거래가":28000.0,
            "전세가율":51.38,
            "장기전세가율평균":78.67,
            "전세가율거품지수":27.29,
            "검색코드":105342,
            "세대수":158.0,
            "준공년월":"2009-02-17",
            "준공년차":14.0,
            "가까운역이름":"NA",
            "가까운역거리":"NA",
            "역세권여부":"NA",
            "30분이내주요거점역":"NA",
            "1시간이내주요거점역":"NA",
            "3km이내백화점수":0,
            "5km이내아울렛몰수":0,
            "1km이내대형먀트수":0,
            "500m이내은행수":0,
            "500m이내병원수":4,
            "5km이내대형병원수":3,
            "500m이내공원수":4,
            "3km이내혐오시설수":0,
            "초등학교학업성취도":93.3,
            "중학교학업성취도":83.6,
            "용적률":272,
            "건폐율":21,
            "Y":36.002677,
            "X":129.314929,
            "rank":31.0,
            "area_info":"58평(194.72), 75평(250.61)",
            "last_sales":"2021-10-09,54500.0,58평(194.72)"
        },
        {
            "index":293,
            "아파트명":"이동경성골드",
            "투자타입":"일반",
            "전용면적(m2)":"107.14",
            "전용면적(평)":"32평",
            "법정동주소":"경상북도 포항시 남구 이동 664-1",
            "도로명주소":"경상북도 포항시 남구 대이로 160",
            "세대수":0,
            "입주년차":40,
            "용적률점수":"--",
            "건폐율점수":"--",
            "세대당주차수":0,
            "난방방식":30,
            "공급면적":"--",
            "전용률":"--",
            "욕실수":100,
            "현관타입":100,
            "주거총점":31.0,
            "지역구공급총점":0.0,
            "역세권":"NA",
            "30분내 이동가능 거점":"NA",
            "1시간내 이동가능 거점":"NA",
            "교통총점":"NA",
            "백화점":0,
            "아울렛몰":0,
            "대형마트":0,
            "은행":20,
            "병원":60,
            "종합병원":100,
            "공원":100,
            "혐오시설":0,
            "인프라총점":31.0,
            "초등학군":90.11,
            "중학군":54.08,
            "학군총점":61.286,
            "인구수":25.76,
            "인구증감":0.16,
            "인구총점":18.08,
            "일자리":11.7,
            "소득수준":80.31,
            "일자리총점":32.283,
            "가치 총점":38.5715,
            "매매실거래년":20211231.0,
            "매매실거래가":20000.0,
            "전세실거래년":20211113.0,
            "전세실거래가":23000.0,
            "전세가율":109.52,
            "장기전세가율평균":78.67,
            "전세가율거품지수":-30.85,
            "검색코드":22070,
            "세대수":227.0,
            "준공년월":"2005-06-29",
            "준공년차":18.0,
            "가까운역이름":"NA",
            "가까운역거리":"NA",
            "역세권여부":"NA",
            "30분이내주요거점역":"NA",
            "1시간이내주요거점역":"NA",
            "3km이내백화점수":0,
            "5km이내아울렛몰수":0,
            "1km이내대형먀트수":0,
            "500m이내은행수":2,
            "500m이내병원수":19,
            "5km이내대형병원수":5,
            "500m이내공원수":3,
            "3km이내혐오시설수":0,
            "초등학교학업성취도":90.11,
            "중학교학업성취도":89.2,
            "용적률":0,
            "건폐율":0,
            "Y":36.029152,
            "X":129.340466,
            "rank":32.0,
            "area_info":"32평(107.14), 34평(113.75)",
            "last_sales":"2021-12-31,20000.0,34평(113.75)"
        },
        {
            "index":174,
            "아파트명":"유강청구",
            "투자타입":"일반",
            "전용면적(m2)":"77.94",
            "전용면적(평)":"23평",
            "법정동주소":"경상북도 포항시 남구 연일읍 유강리 594",
            "도로명주소":"경상북도 포항시 남구 유강길 28",
            "세대수":30,
            "입주년차":20,
            "용적률점수":"--",
            "건폐율점수":"--",
            "세대당주차수":30,
            "난방방식":30,
            "공급면적":"--",
            "전용률":"--",
            "욕실수":50,
            "현관타입":100,
            "주거총점":37.0,
            "지역구공급총점":0.0,
            "역세권":"NA",
            "30분내 이동가능 거점":"NA",
            "1시간내 이동가능 거점":"NA",
            "교통총점":"NA",
            "백화점":0,
            "아울렛몰":0,
            "대형마트":0,
            "은행":0,
            "병원":30,
            "종합병원":100,
            "공원":100,
            "혐오시설":0,
            "인프라총점":26.0,
            "초등학군":93.3,
            "중학군":50.32,
            "학군총점":58.916,
            "인구수":25.76,
            "인구증감":0.16,
            "인구총점":18.08,
            "일자리":11.7,
            "소득수준":80.31,
            "일자리총점":32.283,
            "가치 총점":38.079,
            "매매실거래년":20211108.0,
            "매매실거래가":22900.0,
            "전세실거래년":20200709.0,
            "전세실거래가":10000.0,
            "전세가율":71.68,
            "장기전세가율평균":78.67,
            "전세가율거품지수":6.99,
            "검색코드":7129,
            "세대수":394.0,
            "준공년월":"2000-07-13",
            "준공년차":23.0,
            "가까운역이름":"NA",
            "가까운역거리":"NA",
            "역세권여부":"NA",
            "30분이내주요거점역":"NA",
            "1시간이내주요거점역":"NA",
            "3km이내백화점수":0,
            "5km이내아울렛몰수":0,
            "1km이내대형먀트수":0,
            "500m이내은행수":0,
            "500m이내병원수":5,
            "5km이내대형병원수":4,
            "500m이내공원수":3,
            "3km이내혐오시설수":0,
            "초등학교학업성취도":93.3,
            "중학교학업성취도":83.6,
            "용적률":229,
            "건폐율":24,
            "Y":36.005729,
            "X":129.319305,
            "rank":33.0,
            "area_info":"23평(77.94), 28평(94.03), 31평(105.78), 50평(167.0)",
            "last_sales":"2021-11-08,22900.0,31평(105.78)"
        },
        {
            "index":223,
            "아파트명":"신문덕코아루",
            "투자타입":"일반",
            "전용면적(m2)":"92.05",
            "전용면적(평)":"27평",
            "법정동주소":"경상북도 포항시 남구 오천읍 문덕리 1359",
            "도로명주소":"경상북도 포항시 남구 해병로489번길 9",
            "세대수":80,
            "입주년차":80,
            "용적률점수":"--",
            "건폐율점수":"--",
            "세대당주차수":30,
            "난방방식":30,
            "공급면적":"--",
            "전용률":"--",
            "욕실수":100,
            "현관타입":100,
            "주거총점":71.5,
            "지역구공급총점":0.0,
            "역세권":"NA",
            "30분내 이동가능 거점":"NA",
            "1시간내 이동가능 거점":"NA",
            "교통총점":"NA",
            "백화점":0,
            "아울렛몰":0,
            "대형마트":0,
            "은행":0,
            "병원":0,
            "종합병원":0,
            "공원":80,
            "혐오시설":0,
            "인프라총점":2.4,
            "초등학군":89.17,
            "중학군":37.62,
            "학군총점":47.93,
            "인구수":25.76,
            "인구증감":0.16,
            "인구총점":18.08,
            "일자리":11.7,
            "소득수준":80.31,
            "일자리총점":32.283,
            "가치 총점":37.9675,
            "매매실거래년":20211214.0,
            "매매실거래가":25700.0,
            "전세실거래년":20211016.0,
            "전세실거래가":20000.0,
            "전세가율":77.82,
            "장기전세가율평균":78.67,
            "전세가율거품지수":0.85,
            "검색코드":112663,
            "세대수":745.0,
            "준공년월":"2018-12-07",
            "준공년차":5.0,
            "가까운역이름":"NA",
            "가까운역거리":"NA",
            "역세권여부":"NA",
            "30분이내주요거점역":"NA",
            "1시간이내주요거점역":"NA",
            "3km이내백화점수":0,
            "5km이내아울렛몰수":0,
            "1km이내대형먀트수":0,
            "500m이내은행수":0,
            "500m이내병원수":0,
            "5km이내대형병원수":0,
            "500m이내공원수":1,
            "3km이내혐오시설수":0,
            "초등학교학업성취도":89.17,
            "중학교학업성취도":62.7,
            "용적률":299,
            "건폐율":20,
            "Y":35.95278,
            "X":129.408931,
            "rank":34.0,
            "area_info":"27평(92.05), 27평(92.44), 28평(92.64), 33평(111.74), 42평(140.03)",
            "last_sales":"2021-12-14,25700.0,27평(92.05)"
        },
        {
            "index":243,
            "아파트명":"오천서희스타힐스",
            "투자타입":"일반",
            "전용면적(m2)":"81.72",
            "전용면적(평)":"24평",
            "법정동주소":"경상북도 포항시 남구 오천읍 구정리 578",
            "도로명주소":"경상북도 포항시 남구 해병로181번길 8",
            "세대수":50,
            "입주년차":100,
            "용적률점수":"--",
            "건폐율점수":"--",
            "세대당주차수":30,
            "난방방식":30,
            "공급면적":"--",
            "전용률":"--",
            "욕실수":100,
            "현관타입":100,
            "주거총점":65.0,
            "지역구공급총점":0.0,
            "역세권":"NA",
            "30분내 이동가능 거점":"NA",
            "1시간내 이동가능 거점":"NA",
            "교통총점":"NA",
            "백화점":0,
            "아울렛몰":0,
            "대형마트":0,
            "은행":0,
            "병원":30,
            "종합병원":0,
            "공원":80,
            "혐오시설":0,
            "인프라총점":5.4,
            "초등학군":87.51,
            "중학군":43.36,
            "학군총점":52.19,
            "인구수":25.76,
            "인구증감":0.16,
            "인구총점":18.08,
            "일자리":11.7,
            "소득수준":80.31,
            "일자리총점":32.283,
            "가치 총점":37.9575,
            "매매실거래년":20211109.0,
            "매매실거래가":27800.0,
            "전세실거래년":20211015.0,
            "전세실거래가":16000.0,
            "전세가율":80.0,
            "장기전세가율평균":78.67,
            "전세가율거품지수":-1.33,
            "검색코드":115445,
            "세대수":628.0,
            "준공년월":"2019-03-07",
            "준공년차":4.0,
            "가까운역이름":"NA",
            "가까운역거리":"NA",
            "역세권여부":"NA",
            "30분이내주요거점역":"NA",
            "1시간이내주요거점역":"NA",
            "3km이내백화점수":0,
            "5km이내아울렛몰수":0,
            "1km이내대형먀트수":0,
            "500m이내은행수":1,
            "500m이내병원수":8,
            "5km이내대형병원수":0,
            "500m이내공원수":1,
            "3km이내혐오시설수":0,
            "초등학교학업성취도":87.51,
            "중학교학업성취도":72.0,
            "용적률":242,
            "건폐율":22,
            "Y":35.978211,
            "X":129.409646,
            "rank":35.0,
            "area_info":"24평(81.72), 24평(82.45), 28평(94.41), 28평(94.72), 29평(98.26), 34평(113.75), 34평(113.45), 34평(114.09), 34평(114.19)",
            "last_sales":"2021-11-09,27800.0,34평(114.19)"
        },
        {
            "index":125,
            "아파트명":"대우네오빌프리미엄",
            "투자타입":"일반",
            "전용면적(m2)":"108.9",
            "전용면적(평)":"32평",
            "법정동주소":"경상북도 포항시 남구 연일읍 오천리 170",
            "도로명주소":"경상북도 포항시 남구 동문로 97",
            "세대수":0,
            "입주년차":60,
            "용적률점수":"--",
            "건폐율점수":"--",
            "세대당주차수":30,
            "난방방식":30,
            "공급면적":"--",
            "전용률":"--",
            "욕실수":100,
            "현관타입":100,
            "주거총점":39.5,
            "지역구공급총점":0.0,
            "역세권":"NA",
            "30분내 이동가능 거점":"NA",
            "1시간내 이동가능 거점":"NA",
            "교통총점":"NA",
            "백화점":0,
            "아울렛몰":0,
            "대형마트":0,
            "은행":0,
            "병원":10,
            "종합병원":100,
            "공원":80,
            "혐오시설":0,
            "인프라총점":23.4,
            "초등학군":90.0,
            "중학군":44.88,
            "학군총점":53.904,
            "인구수":25.76,
            "인구증감":0.16,
            "인구총점":18.08,
            "일자리":11.7,
            "소득수준":80.31,
            "일자리총점":32.283,
            "가치 총점":36.661,
            "매매실거래년":20211105.0,
            "매매실거래가":18000.0,
            "전세실거래년":20211117.0,
            "전세실거래가":13000.0,
            "전세가율":72.22,
            "장기전세가율평균":78.67,
            "전세가율거품지수":6.45,
            "검색코드":100842,
            "세대수":205.0,
            "준공년월":"2009-08-03",
            "준공년차":14.0,
            "가까운역이름":"NA",
            "가까운역거리":"NA",
            "역세권여부":"NA",
            "30분이내주요거점역":"NA",
            "1시간이내주요거점역":"NA",
            "3km이내백화점수":0,
            "5km이내아울렛몰수":0,
            "1km이내대형먀트수":0,
            "500m이내은행수":0,
            "500m이내병원수":2,
            "5km이내대형병원수":4,
            "500m이내공원수":1,
            "3km이내혐오시설수":0,
            "초등학교학업성취도":90.0,
            "중학교학업성취도":74.6,
            "용적률":227,
            "건폐율":22,
            "Y":35.999244,
            "X":129.352148,
            "rank":36.0,
            "area_info":"32평(108.9), 32평(108.9), 35평(118.36)",
            "last_sales":"2021-11-05,18000.0,32평(108.9)"
        },
        {
            "index":275,
            "아파트명":"정원맨션",
            "투자타입":"재건축",
            "전용면적(m2)":"66.5",
            "전용면적(평)":"20평",
            "법정동주소":"경상북도 포항시 남구 오천읍 구정리 45",
            "도로명주소":"경상북도 포항시 남구 정몽주로694번길 7",
            "세대수":0,
            "입주년차":"--",
            "용적률점수":100,
            "건폐율점수":80,
            "세대당주차수":"--",
            "난방방식":"--",
            "공급면적":50,
            "전용률":100,
            "욕실수":"--",
            "현관타입":"--",
            "주거총점":63.5,
            "지역구공급총점":0.0,
            "역세권":"NA",
            "30분내 이동가능 거점":"NA",
            "1시간내 이동가능 거점":"NA",
            "교통총점":"NA",
            "백화점":0,
            "아울렛몰":0,
            "대형마트":0,
            "은행":0,
            "병원":30,
            "종합병원":0,
            "공원":0,
            "혐오시설":0,
            "인프라총점":3.0,
            "초등학군":87.51,
            "중학군":43.36,
            "학군총점":52.19,
            "인구수":25.76,
            "인구증감":0.16,
            "인구총점":18.08,
            "일자리":11.7,
            "소득수준":80.31,
            "일자리총점":32.283,
            "가치 총점":36.4725,
            "매매실거래년":20220107.0,
            "매매실거래가":2800.0,
            "전세실거래년":20210317.0,
            "전세실거래가":5000.0,
            "전세가율":178.57,
            "장기전세가율평균":78.67,
            "전세가율거품지수":-99.9,
            "검색코드":16341,
            "세대수":135.0,
            "준공년월":"1988-11-02",
            "준공년차":35.0,
            "가까운역이름":"NA",
            "가까운역거리":"NA",
            "역세권여부":"NA",
            "30분이내주요거점역":"NA",
            "1시간이내주요거점역":"NA",
            "3km이내백화점수":0,
            "5km이내아울렛몰수":0,
            "1km이내대형먀트수":0,
            "500m이내은행수":1,
            "500m이내병원수":6,
            "5km이내대형병원수":0,
            "500m이내공원수":0,
            "3km이내혐오시설수":0,
            "초등학교학업성취도":87.51,
            "중학교학업성취도":72.0,
            "용적률":133,
            "건폐율":27,
            "Y":35.980139,
            "X":129.413029,
            "rank":37.0,
            "area_info":"20평(66.5)",
            "last_sales":"2022-01-07,2800.0,20평(66.5)"
        },
        {
            "index":122,
            "아파트명":"대우네오빌3차",
            "투자타입":"일반",
            "전용면적(m2)":"77.3",
            "전용면적(평)":"23평",
            "법정동주소":"경상북도 포항시 남구 연일읍 생지리 83",
            "도로명주소":"경상북도 포항시 남구 연일로145번길 53",
            "세대수":0,
            "입주년차":40,
            "용적률점수":"--",
            "건폐율점수":"--",
            "세대당주차수":0,
            "난방방식":30,
            "공급면적":"--",
            "전용률":"--",
            "욕실수":100,
            "현관타입":100,
            "주거총점":31.0,
            "지역구공급총점":0.0,
            "역세권":"NA",
            "30분내 이동가능 거점":"NA",
            "1시간내 이동가능 거점":"NA",
            "교통총점":"NA",
            "백화점":0,
            "아울렛몰":0,
            "대형마트":0,
            "은행":0,
            "병원":60,
            "종합병원":100,
            "공원":80,
            "혐오시설":0,
            "인프라총점":28.4,
            "초등학군":90.0,
            "중학군":44.88,
            "학군총점":53.904,
            "인구수":25.76,
            "인구증감":0.16,
            "인구총점":18.08,
            "일자리":11.7,
            "소득수준":80.31,
            "일자리총점":32.283,
            "가치 총점":35.686,
            "매매실거래년":20211120.0,
            "매매실거래가":13100.0,
            "전세실거래년":20201209.0,
            "전세실거래가":9500.0,
            "전세가율":72.52,
            "장기전세가율평균":78.67,
            "전세가율거품지수":6.15,
            "검색코드":100840,
            "세대수":199.0,
            "준공년월":"2006-09-27",
            "준공년차":17.0,
            "가까운역이름":"NA",
            "가까운역거리":"NA",
            "역세권여부":"NA",
            "30분이내주요거점역":"NA",
            "1시간이내주요거점역":"NA",
            "3km이내백화점수":0,
            "5km이내아울렛몰수":0,
            "1km이내대형먀트수":0,
            "500m이내은행수":1,
            "500m이내병원수":10,
            "5km이내대형병원수":4,
            "500m이내공원수":1,
            "3km이내혐오시설수":0,
            "초등학교학업성취도":90.0,
            "중학교학업성취도":74.6,
            "용적률":0,
            "건폐율":0,
            "Y":35.998821,
            "X":129.349757,
            "rank":38.0,
            "area_info":"23평(77.3), 27평(92.09), 32평(108.31)",
            "last_sales":"2021-11-20,13100.0,23평(77.3)"
        },
        {
            "index":190,
            "아파트명":"형산강변타운",
            "투자타입":"일반",
            "전용면적(m2)":"84.18",
            "전용면적(평)":"25평",
            "법정동주소":"경상북도 포항시 남구 연일읍 생지리 399",
            "도로명주소":"경상북도 포항시 남구 연일로 130",
            "세대수":80,
            "입주년차":0,
            "용적률점수":"--",
            "건폐율점수":"--",
            "세대당주차수":0,
            "난방방식":30,
            "공급면적":"--",
            "전용률":"--",
            "욕실수":50,
            "현관타입":10,
            "주거총점":37.0,
            "지역구공급총점":0.0,
            "역세권":"NA",
            "30분내 이동가능 거점":"NA",
            "1시간내 이동가능 거점":"NA",
            "교통총점":"NA",
            "백화점":0,
            "아울렛몰":0,
            "대형마트":0,
            "은행":0,
            "병원":30,
            "종합병원":100,
            "공원":0,
            "혐오시설":0,
            "인프라총점":23.0,
            "초등학군":88.43,
            "중학군":44.88,
            "학군총점":53.59,
            "인구수":25.76,
            "인구증감":0.16,
            "인구총점":18.08,
            "일자리":11.7,
            "소득수준":80.31,
            "일자리총점":32.283,
            "가치 총점":35.5475,
            "매매실거래년":20220103.0,
            "매매실거래가":10300.0,
            "전세실거래년":20220114.0,
            "전세실거래가":8300.0,
            "전세가율":80.58,
            "장기전세가율평균":78.67,
            "전세가율거품지수":-1.91,
            "검색코드":16328,
            "세대수":732.0,
            "준공년월":"1995-06-07",
            "준공년차":28.0,
            "가까운역이름":"NA",
            "가까운역거리":"NA",
            "역세권여부":"NA",
            "30분이내주요거점역":"NA",
            "1시간이내주요거점역":"NA",
            "3km이내백화점수":0,
            "5km이내아울렛몰수":0,
            "1km이내대형먀트수":0,
            "500m이내은행수":1,
            "500m이내병원수":6,
            "5km이내대형병원수":4,
            "500m이내공원수":0,
            "3km이내혐오시설수":0,
            "초등학교학업성취도":88.43,
            "중학교학업성취도":74.6,
            "용적률":0,
            "건폐율":0,
            "Y":35.999945,
            "X":129.3427,
            "rank":39.0,
            "area_info":"25평(84.18), 32평(106.35)",
            "last_sales":"2022-01-03,10300.0,25평(84.18)"
        },
        {
            "index":145,
            "아파트명":"연일삼도한솔타운1차",
            "투자타입":"일반",
            "전용면적(m2)":"88.91",
            "전용면적(평)":"26평",
            "법정동주소":"경상북도 포항시 남구 연일읍 생지리 333-3",
            "도로명주소":"경상북도 포항시 남구 연일로 142",
            "세대수":50,
            "입주년차":0,
            "용적률점수":"--",
            "건폐율점수":"--",
            "세대당주차수":0,
            "난방방식":30,
            "공급면적":"--",
            "전용률":"--",
            "욕실수":50,
            "현관타입":100,
            "주거총점":35.5,
            "지역구공급총점":0.0,
            "역세권":"NA",
            "30분내 이동가능 거점":"NA",
            "1시간내 이동가능 거점":"NA",
            "교통총점":"NA",
            "백화점":0,
            "아울렛몰":0,
            "대형마트":0,
            "은행":0,
            "병원":30,
            "종합병원":100,
            "공원":0,
            "혐오시설":0,
            "인프라총점":23.0,
            "초등학군":88.43,
            "중학군":44.88,
            "학군총점":53.59,
            "인구수":25.76,
            "인구증감":0.16,
            "인구총점":18.08,
            "일자리":11.7,
            "소득수준":80.31,
            "일자리총점":32.283,
            "가치 총점":35.0225,
            "매매실거래년":20211217.0,
            "매매실거래가":10500.0,
            "전세실거래년":20211113.0,
            "전세실거래가":8700.0,
            "전세가율":82.86,
            "장기전세가율평균":78.67,
            "전세가율거품지수":-4.19,
            "검색코드":16322,
            "세대수":405.0,
            "준공년월":"1996-03-30",
            "준공년차":27.0,
            "가까운역이름":"NA",
            "가까운역거리":"NA",
            "역세권여부":"NA",
            "30분이내주요거점역":"NA",
            "1시간이내주요거점역":"NA",
            "3km이내백화점수":0,
            "5km이내아울렛몰수":0,
            "1km이내대형먀트수":0,
            "500m이내은행수":1,
            "500m이내병원수":9,
            "5km이내대형병원수":4,
            "500m이내공원수":0,
            "3km이내혐오시설수":0,
            "초등학교학업성취도":88.43,
            "중학교학업성취도":74.6,
            "용적률":0,
            "건폐율":0,
            "Y":35.998645,
            "X":129.342888,
            "rank":40.0,
            "area_info":"26평(88.91), 27평(89.94), 33평(111.29)",
            "last_sales":"2021-12-17,10500.0,26평(88.91)"
        },
        {
            "index":172,
            "아파트명":"유강우방타운",
            "투자타입":"일반",
            "전용면적(m2)":"107.85",
            "전용면적(평)":"32평",
            "법정동주소":"경상북도 포항시 남구 연일읍 유강리 593",
            "도로명주소":"경상북도 포항시 남구 유강길 32",
            "세대수":0,
            "입주년차":20,
            "용적률점수":"--",
            "건폐율점수":"--",
            "세대당주차수":0,
            "난방방식":30,
            "공급면적":"--",
            "전용률":"--",
            "욕실수":100,
            "현관타입":100,
            "주거총점":27.0,
            "지역구공급총점":0.0,
            "역세권":"NA",
            "30분내 이동가능 거점":"NA",
            "1시간내 이동가능 거점":"NA",
            "교통총점":"NA",
            "백화점":0,
            "아울렛몰":0,
            "대형마트":0,
            "은행":0,
            "병원":30,
            "종합병원":100,
            "공원":100,
            "혐오시설":0,
            "인프라총점":26.0,
            "초등학군":93.3,
            "중학군":50.32,
            "학군총점":58.916,
            "인구수":25.76,
            "인구증감":0.16,
            "인구총점":18.08,
            "일자리":11.7,
            "소득수준":80.31,
            "일자리총점":32.283,
            "가치 총점":34.579,
            "매매실거래년":20211127.0,
            "매매실거래가":25100.0,
            "전세실거래년":20200229.0,
            "전세실거래가":10500.0,
            "전세가율":60.0,
            "장기전세가율평균":78.67,
            "전세가율거품지수":18.67,
            "검색코드":7123,
            "세대수":202.0,
            "준공년월":"1999-02-27",
            "준공년차":24.0,
            "가까운역이름":"NA",
            "가까운역거리":"NA",
            "역세권여부":"NA",
            "30분이내주요거점역":"NA",
            "1시간이내주요거점역":"NA",
            "3km이내백화점수":0,
            "5km이내아울렛몰수":0,
            "1km이내대형먀트수":0,
            "500m이내은행수":0,
            "500m이내병원수":5,
            "5km이내대형병원수":4,
            "500m이내공원수":3,
            "3km이내혐오시설수":0,
            "초등학교학업성취도":93.3,
            "중학교학업성취도":83.6,
            "용적률":0,
            "건폐율":0,
            "Y":36.00713,
            "X":129.31893,
            "rank":41.0,
            "area_info":"32평(107.85), 49평(163.42)",
            "last_sales":"2021-11-27,25100.0,49평(163.42)"
        },
        {
            "index":120,
            "아파트명":"대림한숲타운3차",
            "투자타입":"일반",
            "전용면적(m2)":"111.3",
            "전용면적(평)":"33평",
            "법정동주소":"경상북도 포항시 남구 연일읍 유강리 594-3",
            "도로명주소":"경상북도 포항시 남구 유강길10번길 37",
            "세대수":0,
            "입주년차":20,
            "용적률점수":"--",
            "건폐율점수":"--",
            "세대당주차수":0,
            "난방방식":30,
            "공급면적":"--",
            "전용률":"--",
            "욕실수":100,
            "현관타입":100,
            "주거총점":27.0,
            "지역구공급총점":0.0,
            "역세권":"NA",
            "30분내 이동가능 거점":"NA",
            "1시간내 이동가능 거점":"NA",
            "교통총점":"NA",
            "백화점":0,
            "아울렛몰":0,
            "대형마트":0,
            "은행":0,
            "병원":30,
            "종합병원":100,
            "공원":100,
            "혐오시설":0,
            "인프라총점":26.0,
            "초등학군":93.3,
            "중학군":50.32,
            "학군총점":58.916,
            "인구수":25.76,
            "인구증감":0.16,
            "인구총점":18.08,
            "일자리":11.7,
            "소득수준":80.31,
            "일자리총점":32.283,
            "가치 총점":34.579,
            "매매실거래년":20211014.0,
            "매매실거래가":19700.0,
            "전세실거래년":20211109.0,
            "전세실거래가":20000.0,
            "전세가율":101.52,
            "장기전세가율평균":78.67,
            "전세가율거품지수":-22.85,
            "검색코드":7110,
            "세대수":239.0,
            "준공년월":"1999-06-18",
            "준공년차":24.0,
            "가까운역이름":"NA",
            "가까운역거리":"NA",
            "역세권여부":"NA",
            "30분이내주요거점역":"NA",
            "1시간이내주요거점역":"NA",
            "3km이내백화점수":0,
            "5km이내아울렛몰수":0,
            "1km이내대형먀트수":0,
            "500m이내은행수":0,
            "500m이내병원수":5,
            "5km이내대형병원수":4,
            "500m이내공원수":3,
            "3km이내혐오시설수":0,
            "초등학교학업성취도":93.3,
            "중학교학업성취도":83.6,
            "용적률":0,
            "건폐율":0,
            "Y":36.00638,
            "X":129.320814,
            "rank":41.0,
            "area_info":"33평(111.3), 44평(145.62)",
            "last_sales":"2021-10-14,19700.0,33평(111.3)"
        },
        {
            "index":135,
            "아파트명":"산호늘푸른마을",
            "투자타입":"일반",
            "전용면적(m2)":"108.87",
            "전용면적(평)":"32평",
            "법정동주소":"경상북도 포항시 남구 연일읍 유강리 581-4",
            "도로명주소":"경상북도 포항시 남구 유강길9번길 58",
            "세대수":0,
            "입주년차":20,
            "용적률점수":"--",
            "건폐율점수":"--",
            "세대당주차수":0,
            "난방방식":30,
            "공급면적":"--",
            "전용률":"--",
            "욕실수":100,
            "현관타입":100,
            "주거총점":27.0,
            "지역구공급총점":0.0,
            "역세권":"NA",
            "30분내 이동가능 거점":"NA",
            "1시간내 이동가능 거점":"NA",
            "교통총점":"NA",
            "백화점":0,
            "아울렛몰":0,
            "대형마트":0,
            "은행":0,
            "병원":10,
            "종합병원":100,
            "공원":100,
            "혐오시설":0,
            "인프라총점":24.0,
            "초등학군":93.3,
            "중학군":50.32,
            "학군총점":58.916,
            "인구수":25.76,
            "인구증감":0.16,
            "인구총점":18.08,
            "일자리":11.7,
            "소득수준":80.31,
            "일자리총점":32.283,
            "가치 총점":33.779,
            "매매실거래년":20211114.0,
            "매매실거래가":20000.0,
            "전세실거래년":20211023.0,
            "전세실거래가":13650.0,
            "전세가율":68.25,
            "장기전세가율평균":78.67,
            "전세가율거품지수":10.42,
            "검색코드":14077,
            "세대수":120.0,
            "준공년월":"2001-06-25",
            "준공년차":22.0,
            "가까운역이름":"NA",
            "가까운역거리":"NA",
            "역세권여부":"NA",
            "30분이내주요거점역":"NA",
            "1시간이내주요거점역":"NA",
            "3km이내백화점수":0,
            "5km이내아울렛몰수":0,
            "1km이내대형먀트수":0,
            "500m이내은행수":0,
            "500m이내병원수":4,
            "5km이내대형병원수":4,
            "500m이내공원수":4,
            "3km이내혐오시설수":0,
            "초등학교학업성취도":93.3,
            "중학교학업성취도":83.6,
            "용적률":0,
            "건폐율":0,
            "Y":36.0057,
            "X":129.31556,
            "rank":42.0,
            "area_info":"32평(108.87), 46평(154.58)",
            "last_sales":"2021-11-14,20000.0,32평(108.87)"
        },
        {
            "index":3,
            "아파트명":"명성대도",
            "투자타입":"재건축",
            "전용면적(m2)":"56.32",
            "전용면적(평)":"17평",
            "법정동주소":"경상북도 포항시 남구 대도동 647",
            "도로명주소":"경상북도 포항시 남구 희망대로 783",
            "세대수":0,
            "입주년차":"--",
            "용적률점수":0,
            "건폐율점수":0,
            "세대당주차수":"--",
            "난방방식":"--",
            "공급면적":50,
            "전용률":80,
            "욕실수":"--",
            "현관타입":"--",
            "주거총점":6.5,
            "지역구공급총점":0.0,
            "역세권":"NA",
            "30분내 이동가능 거점":"NA",
            "1시간내 이동가능 거점":"NA",
            "교통총점":"NA",
            "백화점":0,
            "아울렛몰":0,
            "대형마트":80,
            "은행":70,
            "병원":60,
            "종합병원":100,
            "공원":100,
            "혐오시설":0,
            "인프라총점":48.0,
            "초등학군":83.38,
            "중학군":40.42,
            "학군총점":49.012,
            "인구수":25.76,
            "인구증감":0.16,
            "인구총점":18.08,
            "일자리":11.7,
            "소득수준":80.31,
            "일자리총점":32.283,
            "가치 총점":33.728,
            "매매실거래년":20211212.0,
            "매매실거래가":10000.0,
            "전세실거래년":20211222.0,
            "전세실거래가":5300.0,
            "전세가율":53.0,
            "장기전세가율평균":78.67,
            "전세가율거품지수":25.67,
            "검색코드":6930,
            "세대수":130.0,
            "준공년월":"1987-05-27",
            "준공년차":36.0,
            "가까운역이름":"NA",
            "가까운역거리":"NA",
            "역세권여부":"NA",
            "30분이내주요거점역":"NA",
            "1시간이내주요거점역":"NA",
            "3km이내백화점수":0,
            "5km이내아울렛몰수":0,
            "1km이내대형먀트수":1,
            "500m이내은행수":3,
            "500m이내병원수":10,
            "5km이내대형병원수":5,
            "500m이내공원수":2,
            "3km이내혐오시설수":0,
            "초등학교학업성취도":83.38,
            "중학교학업성취도":66.9,
            "용적률":0,
            "건폐율":0,
            "Y":36.00968,
            "X":129.358605,
            "rank":43.0,
            "area_info":"17평(56.32)",
            "last_sales":"2021-12-12,10000.0,17평(56.32)"
        },
        {
            "index":139,
            "아파트명":"삼도한솔타운3차",
            "투자타입":"일반",
            "전용면적(m2)":"72.62",
            "전용면적(평)":"21평",
            "법정동주소":"경상북도 포항시 남구 연일읍 동문리 141-1",
            "도로명주소":"경상북도 포항시 남구 철강로 71",
            "세대수":30,
            "입주년차":0,
            "용적률점수":"--",
            "건폐율점수":"--",
            "세대당주차수":30,
            "난방방식":30,
            "공급면적":"--",
            "전용률":"--",
            "욕실수":50,
            "현관타입":100,
            "주거총점":33.0,
            "지역구공급총점":0.0,
            "역세권":"NA",
            "30분내 이동가능 거점":"NA",
            "1시간내 이동가능 거점":"NA",
            "교통총점":"NA",
            "백화점":0,
            "아울렛몰":0,
            "대형마트":0,
            "은행":0,
            "병원":0,
            "종합병원":100,
            "공원":0,
            "혐오시설":0,
            "인프라총점":20.0,
            "초등학군":90.0,
            "중학군":44.88,
            "학군총점":53.904,
            "인구수":25.76,
            "인구증감":0.16,
            "인구총점":18.08,
            "일자리":11.7,
            "소득수준":80.31,
            "일자리총점":32.283,
            "가치 총점":33.026,
            "매매실거래년":20220107.0,
            "매매실거래가":6200.0,
            "전세실거래년":20190808.0,
            "전세실거래가":7000.0,
            "전세가율":112.9,
            "장기전세가율평균":78.67,
            "전세가율거품지수":-34.23,
            "검색코드":7114,
            "세대수":359.0,
            "준공년월":"1998-11-01",
            "준공년차":25.0,
            "가까운역이름":"NA",
            "가까운역거리":"NA",
            "역세권여부":"NA",
            "30분이내주요거점역":"NA",
            "1시간이내주요거점역":"NA",
            "3km이내백화점수":0,
            "5km이내아울렛몰수":0,
            "1km이내대형먀트수":0,
            "500m이내은행수":0,
            "500m이내병원수":0,
            "5km이내대형병원수":3,
            "500m이내공원수":0,
            "3km이내혐오시설수":0,
            "초등학교학업성취도":90.0,
            "중학교학업성취도":74.6,
            "용적률":293,
            "건폐율":23,
            "Y":35.990975,
            "X":129.350177,
            "rank":44.0,
            "area_info":"21평(72.62), 27평(90.15), 29평(98.94), 30평(101.29), 33평(111.17), 49평(162.77)",
            "last_sales":"2022-01-07,6200.0,21평(72.62)"
        },
        {
            "index":252,
            "아파트명":"오천웰메이드홈",
            "투자타입":"일반",
            "전용면적(m2)":"82.15",
            "전용면적(평)":"24평",
            "법정동주소":"경상북도 포항시 남구 오천읍 문덕리 1358",
            "도로명주소":"경상북도 포항시 남구 해병로 451",
            "세대수":0,
            "입주년차":80,
            "용적률점수":"--",
            "건폐율점수":"--",
            "세대당주차수":30,
            "난방방식":30,
            "공급면적":"--",
            "전용률":"--",
            "욕실수":100,
            "현관타입":100,
            "주거총점":43.5,
            "지역구공급총점":0.0,
            "역세권":"NA",
            "30분내 이동가능 거점":"NA",
            "1시간내 이동가능 거점":"NA",
            "교통총점":"NA",
            "백화점":0,
            "아울렛몰":0,
            "대형마트":80,
            "은행":0,
            "병원":0,
            "종합병원":0,
            "공원":80,
            "혐오시설":0,
            "인프라총점":14.4,
            "초등학군":89.17,
            "중학군":37.62,
            "학군총점":47.93,
            "인구수":25.76,
            "인구증감":0.16,
            "인구총점":18.08,
            "일자리":11.7,
            "소득수준":80.31,
            "일자리총점":32.283,
            "가치 총점":32.9675,
            "매매실거래년":20211103.0,
            "매매실거래가":20200.0,
            "전세실거래년":20211229.0,
            "전세실거래가":15000.0,
            "전세가율":96.77,
            "장기전세가율평균":78.67,
            "전세가율거품지수":-18.1,
            "검색코드":110728,
            "세대수":191.0,
            "준공년월":"2017-09-05",
            "준공년차":6.0,
            "가까운역이름":"NA",
            "가까운역거리":"NA",
            "역세권여부":"NA",
            "30분이내주요거점역":"NA",
            "1시간이내주요거점역":"NA",
            "3km이내백화점수":0,
            "5km이내아울렛몰수":0,
            "1km이내대형먀트수":1,
            "500m이내은행수":0,
            "500m이내병원수":0,
            "5km이내대형병원수":0,
            "500m이내공원수":1,
            "3km이내혐오시설수":0,
            "초등학교학업성취도":89.17,
            "중학교학업성취도":62.7,
            "용적률":328,
            "건폐율":23,
            "Y":35.95483,
            "X":129.408878,
            "rank":45.0,
            "area_info":"24평(82.15), 30평(99.23), 30평(101.6)",
            "last_sales":"2021-11-03,20200.0,30평(99.23)"
        },
        {
            "index":271,
            "아파트명":"정림다채움",
            "투자타입":"일반",
            "전용면적(m2)":"91.13",
            "전용면적(평)":"27평",
            "법정동주소":"경상북도 포항시 남구 오천읍 문덕리 307-1",
            "도로명주소":"경상북도 포항시 남구 문덕로24번길 33-5",
            "세대수":30,
            "입주년차":80,
            "용적률점수":"--",
            "건폐율점수":"--",
            "세대당주차수":30,
            "난방방식":30,
            "공급면적":"--",
            "전용률":"--",
            "욕실수":100,
            "현관타입":100,
            "주거총점":54.0,
            "지역구공급총점":0.0,
            "역세권":"NA",
            "30분내 이동가능 거점":"NA",
            "1시간내 이동가능 거점":"NA",
            "교통총점":"NA",
            "백화점":0,
            "아울렛몰":0,
            "대형마트":0,
            "은행":0,
            "병원":10,
            "종합병원":0,
            "공원":100,
            "혐오시설":0,
            "인프라총점":4.0,
            "초등학군":84.15,
            "중학군":37.62,
            "학군총점":46.926,
            "인구수":25.76,
            "인구증감":0.16,
            "인구총점":18.08,
            "일자리":11.7,
            "소득수준":80.31,
            "일자리총점":32.283,
            "가치 총점":32.2315,
            "매매실거래년":20211117.0,
            "매매실거래가":22900.0,
            "전세실거래년":20210915.0,
            "전세실거래가":13650.0,
            "전세가율":73.78,
            "장기전세가율평균":78.67,
            "전세가율거품지수":4.89,
            "검색코드":109382,
            "세대수":382.0,
            "준공년월":"2017-08-11",
            "준공년차":6.0,
            "가까운역이름":"NA",
            "가까운역거리":"NA",
            "역세권여부":"NA",
            "30분이내주요거점역":"NA",
            "1시간이내주요거점역":"NA",
            "3km이내백화점수":0,
            "5km이내아울렛몰수":0,
            "1km이내대형먀트수":0,
            "500m이내은행수":0,
            "500m이내병원수":4,
            "5km이내대형병원수":0,
            "500m이내공원수":5,
            "3km이내혐오시설수":0,
            "초등학교학업성취도":84.15,
            "중학교학업성취도":62.7,
            "용적률":245,
            "건폐율":23,
            "Y":35.960073,
            "X":129.399982,
            "rank":46.0,
            "area_info":"27평(91.13), 28평(95.25), 30평(100.86), 35평(116.72)",
            "last_sales":"2021-11-17,22900.0,35평(116.72)"
        },
        {
            "index":357,
            "아파트명":"청림진달래1차",
            "투자타입":"일반",
            "전용면적(m2)":"71.68",
            "전용면적(평)":"21평",
            "법정동주소":"경상북도 포항시 남구 청림동 1180",
            "도로명주소":"경상북도 포항시 남구 정몽주로861번길 19",
            "세대수":0,
            "입주년차":0,
            "용적률점수":"--",
            "건폐율점수":"--",
            "세대당주차수":0,
            "난방방식":30,
            "공급면적":"--",
            "전용률":"--",
            "욕실수":50,
            "현관타입":100,
            "주거총점":18.0,
            "지역구공급총점":0.0,
            "역세권":"NA",
            "30분내 이동가능 거점":"NA",
            "1시간내 이동가능 거점":"NA",
            "교통총점":"NA",
            "백화점":0,
            "아울렛몰":0,
            "대형마트":100,
            "은행":0,
            "병원":0,
            "종합병원":80,
            "공원":80,
            "혐오시설":0,
            "인프라총점":33.4,
            "초등학군":77.39,
            "중학군":43.36,
            "학군총점":50.166,
            "인구수":25.76,
            "인구증감":0.16,
            "인구총점":18.08,
            "일자리":11.7,
            "소득수준":80.31,
            "일자리총점":32.283,
            "가치 총점":32.2015,
            "매매실거래년":20220107.0,
            "매매실거래가":3400.0,
            "전세실거래년":20210311.0,
            "전세실거래가":2500.0,
            "전세가율":64.1,
            "장기전세가율평균":78.67,
            "전세가율거품지수":14.57,
            "검색코드":16363,
            "세대수":272.0,
            "준공년월":"1993-04-10",
            "준공년차":30.0,
            "가까운역이름":"NA",
            "가까운역거리":"NA",
            "역세권여부":"NA",
            "30분이내주요거점역":"NA",
            "1시간이내주요거점역":"NA",
            "3km이내백화점수":0,
            "5km이내아울렛몰수":0,
            "1km이내대형먀트수":2,
            "500m이내은행수":0,
            "500m이내병원수":0,
            "5km이내대형병원수":1,
            "500m이내공원수":1,
            "3km이내혐오시설수":0,
            "초등학교학업성취도":77.39,
            "중학교학업성취도":72.0,
            "용적률":0,
            "건폐율":0,
            "Y":35.990452,
            "X":129.404363,
            "rank":47.0,
            "area_info":"21평(71.68), 21평(71.69), 21평(72.2)",
            "last_sales":"2022-01-07,3400.0,21평(71.69)"
        },
        {
            "index":219,
            "아파트명":"부영사랑으로1차",
            "투자타입":"일반",
            "전용면적(m2)":"76.86",
            "전용면적(평)":"23평",
            "법정동주소":"경상북도 포항시 남구 오천읍 원리 893-15",
            "도로명주소":"경상북도 포항시 남구 남원로 83",
            "세대수":50,
            "입주년차":40,
            "용적률점수":"--",
            "건폐율점수":"--",
            "세대당주차수":30,
            "난방방식":30,
            "공급면적":"--",
            "전용률":"--",
            "욕실수":50,
            "현관타입":100,
            "주거총점":48.0,
            "지역구공급총점":0.0,
            "역세권":"NA",
            "30분내 이동가능 거점":"NA",
            "1시간내 이동가능 거점":"NA",
            "교통총점":"NA",
            "백화점":0,
            "아울렛몰":0,
            "대형마트":0,
            "은행":0,
            "병원":60,
            "종합병원":0,
            "공원":100,
            "혐오시설":0,
            "인프라총점":9.0,
            "초등학군":84.15,
            "중학군":37.62,
            "학군총점":46.926,
            "인구수":25.76,
            "인구증감":0.16,
            "인구총점":18.08,
            "일자리":11.7,
            "소득수준":80.31,
            "일자리총점":32.283,
            "가치 총점":32.1315,
            "매매실거래년":20211224.0,
            "매매실거래가":20000.0,
            "전세실거래년":20210525.0,
            "전세실거래가":11000.0,
            "전세가율":83.33,
            "장기전세가율평균":78.67,
            "전세가율거품지수":-4.66,
            "검색코드":112350,
            "세대수":616.0,
            "준공년월":"2007-03-30",
            "준공년차":16.0,
            "가까운역이름":"NA",
            "가까운역거리":"NA",
            "역세권여부":"NA",
            "30분이내주요거점역":"NA",
            "1시간이내주요거점역":"NA",
            "3km이내백화점수":0,
            "5km이내아울렛몰수":0,
            "1km이내대형먀트수":0,
            "500m이내은행수":0,
            "500m이내병원수":15,
            "5km이내대형병원수":0,
            "500m이내공원수":2,
            "3km이내혐오시설수":0,
            "초등학교학업성취도":84.15,
            "중학교학업성취도":62.7,
            "용적률":217,
            "건폐율":24,
            "Y":35.968749,
            "X":129.401429,
            "rank":48.0,
            "area_info":"23평(76.86), 35평(117.34)",
            "last_sales":"2021-12-24,20000.0,35평(117.34)"
        },
        {
            "index":117,
            "아파트명":"대림한숲타운2차",
            "투자타입":"일반",
            "전용면적(m2)":"98.69",
            "전용면적(평)":"29평",
            "법정동주소":"경상북도 포항시 남구 연일읍 유강리 581",
            "도로명주소":"경상북도 포항시 남구 유강길9번길 57",
            "세대수":0,
            "입주년차":20,
            "용적률점수":"--",
            "건폐율점수":"--",
            "세대당주차수":0,
            "난방방식":30,
            "공급면적":"--",
            "전용률":"--",
            "욕실수":50,
            "현관타입":100,
            "주거총점":22.0,
            "지역구공급총점":0.0,
            "역세권":"NA",
            "30분내 이동가능 거점":"NA",
            "1시간내 이동가능 거점":"NA",
            "교통총점":"NA",
            "백화점":0,
            "아울렛몰":0,
            "대형마트":0,
            "은행":0,
            "병원":10,
            "종합병원":100,
            "공원":100,
            "혐오시설":0,
            "인프라총점":24.0,
            "초등학군":93.3,
            "중학군":50.32,
            "학군총점":58.916,
            "인구수":25.76,
            "인구증감":0.16,
            "인구총점":18.08,
            "일자리":11.7,
            "소득수준":80.31,
            "일자리총점":32.283,
            "가치 총점":32.029,
            "매매실거래년":20211127.0,
            "매매실거래가":32500.0,
            "전세실거래년":20211022.0,
            "전세실거래가":16500.0,
            "전세가율":98.21,
            "장기전세가율평균":78.67,
            "전세가율거품지수":-19.54,
            "검색코드":7103,
            "세대수":265.0,
            "준공년월":"1999-02-24",
            "준공년차":24.0,
            "가까운역이름":"NA",
            "가까운역거리":"NA",
            "역세권여부":"NA",
            "30분이내주요거점역":"NA",
            "1시간이내주요거점역":"NA",
            "3km이내백화점수":0,
            "5km이내아울렛몰수":0,
            "1km이내대형먀트수":0,
            "500m이내은행수":0,
            "500m이내병원수":4,
            "5km이내대형병원수":4,
            "500m이내공원수":4,
            "3km이내혐오시설수":0,
            "초등학교학업성취도":93.3,
            "중학교학업성취도":83.6,
            "용적률":0,
            "건폐율":0,
            "Y":36.005402,
            "X":129.314653,
            "rank":49.0,
            "area_info":"29평(98.69), 33평(111.11), 49평(163.12)",
            "last_sales":"2021-11-27,32500.0,49평(163.12)"
        },
        {
            "index":360,
            "아파트명":"청림진달래2차",
            "투자타입":"일반",
            "전용면적(m2)":"55.85",
            "전용면적(평)":"16평",
            "법정동주소":"경상북도 포항시 남구 청림동 1174-2",
            "도로명주소":"경상북도 포항시 남구 정몽주로879번길 28",
            "세대수":0,
            "입주년차":0,
            "용적률점수":"--",
            "건폐율점수":"--",
            "세대당주차수":0,
            "난방방식":30,
            "공급면적":"--",
            "전용률":"--",
            "욕실수":50,
            "현관타입":50,
            "주거총점":13.0,
            "지역구공급총점":0.0,
            "역세권":"NA",
            "30분내 이동가능 거점":"NA",
            "1시간내 이동가능 거점":"NA",
            "교통총점":"NA",
            "백화점":0,
            "아울렛몰":0,
            "대형마트":100,
            "은행":0,
            "병원":0,
            "종합병원":80,
            "공원":80,
            "혐오시설":0,
            "인프라총점":33.4,
            "초등학군":77.39,
            "중학군":43.36,
            "학군총점":50.166,
            "인구수":25.76,
            "인구증감":0.16,
            "인구총점":18.08,
            "일자리":11.7,
            "소득수준":80.31,
            "일자리총점":32.283,
            "가치 총점":30.4515,
            "매매실거래년":20220114.0,
            "매매실거래가":2300.0,
            "전세실거래년":20190320.0,
            "전세실거래가":2000.0,
            "전세가율":66.67,
            "장기전세가율평균":78.67,
            "전세가율거품지수":12.0,
            "검색코드":106526,
            "세대수":102.0,
            "준공년월":"1994-10-14",
            "준공년차":29.0,
            "가까운역이름":"NA",
            "가까운역거리":"NA",
            "역세권여부":"NA",
            "30분이내주요거점역":"NA",
            "1시간이내주요거점역":"NA",
            "3km이내백화점수":0,
            "5km이내아울렛몰수":0,
            "1km이내대형먀트수":2,
            "500m이내은행수":1,
            "500m이내병원수":1,
            "5km이내대형병원수":1,
            "500m이내공원수":1,
            "3km이내혐오시설수":0,
            "초등학교학업성취도":77.39,
            "중학교학업성취도":72.0,
            "용적률":0,
            "건폐율":0,
            "Y":35.992624,
            "X":129.402838,
            "rank":50.0,
            "area_info":"16평(55.85), 23평(78.5), 26평(86.57)",
            "last_sales":"2022-01-14,2300.0,26평(86.57)"
        },
        {
            "index":150,
            "아파트명":"연일우성한빛타운",
            "투자타입":"일반",
            "전용면적(m2)":"86.91",
            "전용면적(평)":"26평",
            "법정동주소":"경상북도 포항시 남구 연일읍 괴정리 15",
            "도로명주소":"경상북도 포항시 남구 연일로 178",
            "세대수":0,
            "입주년차":20,
            "용적률점수":"--",
            "건폐율점수":"--",
            "세대당주차수":0,
            "난방방식":30,
            "공급면적":"--",
            "전용률":"--",
            "욕실수":50,
            "현관타입":100,
            "주거총점":22.0,
            "지역구공급총점":0.0,
            "역세권":"NA",
            "30분내 이동가능 거점":"NA",
            "1시간내 이동가능 거점":"NA",
            "교통총점":"NA",
            "백화점":0,
            "아울렛몰":0,
            "대형마트":0,
            "은행":0,
            "병원":30,
            "종합병원":100,
            "공원":0,
            "혐오시설":0,
            "인프라총점":23.0,
            "초등학군":88.43,
            "중학군":44.88,
            "학군총점":53.59,
            "인구수":25.76,
            "인구증감":0.16,
            "인구총점":18.08,
            "일자리":11.7,
            "소득수준":80.31,
            "일자리총점":32.283,
            "가치 총점":30.2975,
            "매매실거래년":20211126.0,
            "매매실거래가":12500.0,
            "전세실거래년":20210911.0,
            "전세실거래가":8000.0,
            "전세가율":97.56,
            "장기전세가율평균":78.67,
            "전세가율거품지수":-18.89,
            "검색코드":104500,
            "세대수":119.0,
            "준공년월":"2001-07-19",
            "준공년차":22.0,
            "가까운역이름":"NA",
            "가까운역거리":"NA",
            "역세권여부":"NA",
            "30분이내주요거점역":"NA",
            "1시간이내주요거점역":"NA",
            "3km이내백화점수":0,
            "5km이내아울렛몰수":0,
            "1km이내대형먀트수":0,
            "500m이내은행수":0,
            "500m이내병원수":9,
            "5km이내대형병원수":4,
            "500m이내공원수":0,
            "3km이내혐오시설수":0,
            "초등학교학업성취도":88.43,
            "중학교학업성취도":74.6,
            "용적률":234,
            "건폐율":30,
            "Y":35.995491,
            "X":129.342857,
            "rank":51.0,
            "area_info":"26평(86.91), 30평(100.86)",
            "last_sales":"2021-11-26,12500.0,30평(100.86)"
        },
        {
            "index":371,
            "아파트명":"승리",
            "투자타입":"재건축",
            "전용면적(m2)":"77.46",
            "전용면적(평)":"23평",
            "법정동주소":"경상북도 포항시 남구 효자동 253-6",
            "도로명주소":"경상북도 포항시 남구 지곡로 20",
            "세대수":30,
            "입주년차":"--",
            "용적률점수":0,
            "건폐율점수":0,
            "세대당주차수":"--",
            "난방방식":"--",
            "공급면적":50,
            "전용률":60,
            "욕실수":"--",
            "현관타입":"--",
            "주거총점":14.5,
            "지역구공급총점":0.0,
            "역세권":"NA",
            "30분내 이동가능 거점":"NA",
            "1시간내 이동가능 거점":"NA",
            "교통총점":"NA",
            "백화점":0,
            "아울렛몰":0,
            "대형마트":0,
            "은행":0,
            "병원":30,
            "종합병원":100,
            "공원":100,
            "혐오시설":0,
            "인프라총점":26.0,
            "초등학군":93.92,
            "중학군":50.32,
            "학군총점":59.04,
            "인구수":25.76,
            "인구증감":0.16,
            "인구총점":18.08,
            "일자리":11.7,
            "소득수준":80.31,
            "일자리총점":32.283,
            "가치 총점":30.235,
            "매매실거래년":20211221.0,
            "매매실거래가":34700.0,
            "전세실거래년":20211129.0,
            "전세실거래가":25000.0,
            "전세가율":82.78,
            "장기전세가율평균":78.67,
            "전세가율거품지수":-4.11,
            "검색코드":100277,
            "세대수":392.0,
            "준공년월":"1992-08-07",
            "준공년차":31.0,
            "가까운역이름":"NA",
            "가까운역거리":"NA",
            "역세권여부":"NA",
            "30분이내주요거점역":"NA",
            "1시간이내주요거점역":"NA",
            "3km이내백화점수":0,
            "5km이내아울렛몰수":0,
            "1km이내대형먀트수":0,
            "500m이내은행수":0,
            "500m이내병원수":9,
            "5km이내대형병원수":4,
            "500m이내공원수":4,
            "3km이내혐오시설수":0,
            "초등학교학업성취도":93.92,
            "중학교학업성취도":83.6,
            "용적률":0,
            "건폐율":0,
            "Y":36.009138,
            "X":129.328891,
            "rank":52.0,
            "area_info":"23평(77.46), 32평(105.98), 33평(109.68), 34평(115.17)",
            "last_sales":"2021-12-21,34700.0,32평(105.98)"
        },
        {
            "index":288,
            "아파트명":"준양참마을",
            "투자타입":"일반",
            "전용면적(m2)":"62.35",
            "전용면적(평)":"18평",
            "법정동주소":"경상북도 포항시 남구 오천읍 문덕리 176-2",
            "도로명주소":"경상북도 포항시 남구 철강로 685",
            "세대수":50,
            "입주년차":20,
            "용적률점수":"--",
            "건폐율점수":"--",
            "세대당주차수":0,
            "난방방식":30,
            "공급면적":"--",
            "전용률":"--",
            "욕실수":50,
            "현관타입":100,
            "주거총점":39.5,
            "지역구공급총점":0.0,
            "역세권":"NA",
            "30분내 이동가능 거점":"NA",
            "1시간내 이동가능 거점":"NA",
            "교통총점":"NA",
            "백화점":0,
            "아울렛몰":0,
            "대형마트":0,
            "은행":0,
            "병원":60,
            "종합병원":0,
            "공원":100,
            "혐오시설":0,
            "인프라총점":9.0,
            "초등학군":84.15,
            "중학군":37.62,
            "학군총점":46.926,
            "인구수":25.76,
            "인구증감":0.16,
            "인구총점":18.08,
            "일자리":11.7,
            "소득수준":80.31,
            "일자리총점":32.283,
            "가치 총점":29.1565,
            "매매실거래년":20211216.0,
            "매매실거래가":13000.0,
            "전세실거래년":20210823.0,
            "전세실거래가":6500.0,
            "전세가율":101.56,
            "장기전세가율평균":78.67,
            "전세가율거품지수":-22.89,
            "검색코드":27160,
            "세대수":562.0,
            "준공년월":"2001-12-18",
            "준공년차":22.0,
            "가까운역이름":"NA",
            "가까운역거리":"NA",
            "역세권여부":"NA",
            "30분이내주요거점역":"NA",
            "1시간이내주요거점역":"NA",
            "3km이내백화점수":0,
            "5km이내아울렛몰수":0,
            "1km이내대형먀트수":0,
            "500m이내은행수":0,
            "500m이내병원수":12,
            "5km이내대형병원수":0,
            "500m이내공원수":5,
            "3km이내혐오시설수":0,
            "초등학교학업성취도":84.15,
            "중학교학업성취도":62.7,
            "용적률":236,
            "건폐율":19,
            "Y":35.963918,
            "X":129.401477,
            "rank":53.0,
            "area_info":"18평(62.35), 23평(77.57), 24평(81.2), 31평(104.29)",
            "last_sales":"2021-12-16,13000.0,31평(104.29)"
        },
        {
            "index":49,
            "아파트명":"대우세원빌",
            "투자타입":"일반",
            "전용면적(m2)":"73.66",
            "전용면적(평)":"22평",
            "법정동주소":"경상북도 포항시 남구 동해면 도구리 691",
            "도로명주소":"경상북도 포항시 남구 연오로7번길 16",
            "세대수":0,
            "입주년차":20,
            "용적률점수":"--",
            "건폐율점수":"--",
            "세대당주차수":0,
            "난방방식":30,
            "공급면적":"--",
            "전용률":"--",
            "욕실수":50,
            "현관타입":100,
            "주거총점":22.0,
            "지역구공급총점":0.0,
            "역세권":"NA",
            "30분내 이동가능 거점":"NA",
            "1시간내 이동가능 거점":"NA",
            "교통총점":"NA",
            "백화점":0,
            "아울렛몰":0,
            "대형마트":80,
            "은행":0,
            "병원":10,
            "종합병원":0,
            "공원":0,
            "혐오시설":0,
            "인프라총점":13.0,
            "초등학군":95.8,
            "중학군":56.1,
            "학군총점":64.04,
            "인구수":25.76,
            "인구증감":0.16,
            "인구총점":18.08,
            "일자리":11.7,
            "소득수준":80.31,
            "일자리총점":32.283,
            "가치 총점":28.91,
            "매매실거래년":20211210.0,
            "매매실거래가":5500.0,
            "전세실거래년":20200928.0,
            "전세실거래가":5000.0,
            "전세가율":86.21,
            "장기전세가율평균":78.67,
            "전세가율거품지수":-7.54,
            "검색코드":106519,
            "세대수":120.0,
            "준공년월":"2002-10-30",
            "준공년차":21.0,
            "가까운역이름":"NA",
            "가까운역거리":"NA",
            "역세권여부":"NA",
            "30분이내주요거점역":"NA",
            "1시간이내주요거점역":"NA",
            "3km이내백화점수":0,
            "5km이내아울렛몰수":0,
            "1km이내대형먀트수":1,
            "500m이내은행수":0,
            "500m이내병원수":2,
            "5km이내대형병원수":0,
            "500m이내공원수":0,
            "3km이내혐오시설수":0,
            "초등학교학업성취도":95.8,
            "중학교학업성취도":93.5,
            "용적률":213,
            "건폐율":38,
            "Y":35.987401,
            "X":129.443542,
            "rank":54.0,
            "area_info":"22평(73.66), 22평(74.69)",
            "last_sales":"2021-12-10,5500.0,22평(74.69)"
        },
        {
            "index":137,
            "아파트명":"삼도한솔타운2차",
            "투자타입":"일반",
            "전용면적(m2)":"81.67",
            "전용면적(평)":"24평",
            "법정동주소":"경상북도 포항시 남구 연일읍 생지리 390-3",
            "도로명주소":"경상북도 포항시 남구 연일로 150",
            "세대수":0,
            "입주년차":0,
            "용적률점수":"--",
            "건폐율점수":"--",
            "세대당주차수":0,
            "난방방식":30,
            "공급면적":"--",
            "전용률":"--",
            "욕실수":50,
            "현관타입":100,
            "주거총점":18.0,
            "지역구공급총점":0.0,
            "역세권":"NA",
            "30분내 이동가능 거점":"NA",
            "1시간내 이동가능 거점":"NA",
            "교통총점":"NA",
            "백화점":0,
            "아울렛몰":0,
            "대형마트":0,
            "은행":0,
            "병원":30,
            "종합병원":100,
            "공원":0,
            "혐오시설":0,
            "인프라총점":23.0,
            "초등학군":88.43,
            "중학군":44.88,
            "학군총점":53.59,
            "인구수":25.76,
            "인구증감":0.16,
            "인구총점":18.08,
            "일자리":11.7,
            "소득수준":80.31,
            "일자리총점":32.283,
            "가치 총점":28.8975,
            "매매실거래년":20211109.0,
            "매매실거래가":8200.0,
            "전세실거래년":20211009.0,
            "전세실거래가":8500.0,
            "전세가율":103.66,
            "장기전세가율평균":78.67,
            "전세가율거품지수":-24.99,
            "검색코드":16323,
            "세대수":150.0,
            "준공년월":"1997-01-09",
            "준공년차":26.0,
            "가까운역이름":"NA",
            "가까운역거리":"NA",
            "역세권여부":"NA",
            "30분이내주요거점역":"NA",
            "1시간이내주요거점역":"NA",
            "3km이내백화점수":0,
            "5km이내아울렛몰수":0,
            "1km이내대형먀트수":0,
            "500m이내은행수":1,
            "500m이내병원수":9,
            "5km이내대형병원수":4,
            "500m이내공원수":0,
            "3km이내혐오시설수":0,
            "초등학교학업성취도":88.43,
            "중학교학업성취도":74.6,
            "용적률":282,
            "건폐율":29,
            "Y":35.99785,
            "X":129.343,
            "rank":55.0,
            "area_info":"24평(81.67), 29평(96.71)",
            "last_sales":"2021-11-09,8200.0,24평(81.67)"
        },
        {
            "index":131,
            "아파트명":"미래마을",
            "투자타입":"일반",
            "전용면적(m2)":"49.76",
            "전용면적(평)":"15평",
            "법정동주소":"경상북도 포항시 남구 연일읍 생지리 376-1",
            "도로명주소":"경상북도 포항시 남구 연일로 166",
            "세대수":0,
            "입주년차":20,
            "용적률점수":"--",
            "건폐율점수":"--",
            "세대당주차수":0,
            "난방방식":30,
            "공급면적":"--",
            "전용률":"--",
            "욕실수":50,
            "현관타입":50,
            "주거총점":17.0,
            "지역구공급총점":0.0,
            "역세권":"NA",
            "30분내 이동가능 거점":"NA",
            "1시간내 이동가능 거점":"NA",
            "교통총점":"NA",
            "백화점":0,
            "아울렛몰":0,
            "대형마트":0,
            "은행":0,
            "병원":30,
            "종합병원":100,
            "공원":0,
            "혐오시설":0,
            "인프라총점":23.0,
            "초등학군":88.43,
            "중학군":44.88,
            "학군총점":53.59,
            "인구수":25.76,
            "인구증감":0.16,
            "인구총점":18.08,
            "일자리":11.7,
            "소득수준":80.31,
            "일자리총점":32.283,
            "가치 총점":28.5475,
            "매매실거래년":20220105.0,
            "매매실거래가":4650.0,
            "전세실거래년":20211204.0,
            "전세실거래가":3500.0,
            "전세가율":63.64,
            "장기전세가율평균":78.67,
            "전세가율거품지수":15.03,
            "검색코드":105677,
            "세대수":144.0,
            "준공년월":"2001-03-27",
            "준공년차":22.0,
            "가까운역이름":"NA",
            "가까운역거리":"NA",
            "역세권여부":"NA",
            "30분이내주요거점역":"NA",
            "1시간이내주요거점역":"NA",
            "3km이내백화점수":0,
            "5km이내아울렛몰수":0,
            "1km이내대형먀트수":0,
            "500m이내은행수":1,
            "500m이내병원수":9,
            "5km이내대형병원수":4,
            "500m이내공원수":0,
            "3km이내혐오시설수":0,
            "초등학교학업성취도":88.43,
            "중학교학업성취도":74.6,
            "용적률":150,
            "건폐율":27,
            "Y":35.996965,
            "X":129.34245,
            "rank":56.0,
            "area_info":"15평(49.76), 17평(56.36), 20평(69.22), 22평(74.27)",
            "last_sales":"2022-01-05,4650.0,17평(56.36)"
        },
        {
            "index":261,
            "아파트명":"오천주은리버타운",
            "투자타입":"일반",
            "전용면적(m2)":"44.75",
            "전용면적(평)":"13평",
            "법정동주소":"경상북도 포항시 남구 오천읍 용덕리 455",
            "도로명주소":"경상북도 포항시 남구 해병로 283",
            "세대수":0,
            "입주년차":20,
            "용적률점수":"--",
            "건폐율점수":"--",
            "세대당주차수":0,
            "난방방식":30,
            "공급면적":"--",
            "전용률":"--",
            "욕실수":50,
            "현관타입":100,
            "주거총점":22.0,
            "지역구공급총점":0.0,
            "역세권":"NA",
            "30분내 이동가능 거점":"NA",
            "1시간내 이동가능 거점":"NA",
            "교통총점":"NA",
            "백화점":0,
            "아울렛몰":0,
            "대형마트":80,
            "은행":0,
            "병원":30,
            "종합병원":0,
            "공원":100,
            "혐오시설":0,
            "인프라총점":18.0,
            "초등학군":89.28,
            "중학군":43.36,
            "학군총점":52.544,
            "인구수":25.76,
            "인구증감":0.16,
            "인구총점":18.08,
            "일자리":11.7,
            "소득수준":80.31,
            "일자리총점":32.283,
            "가치 총점":28.036,
            "매매실거래년":20211109.0,
            "매매실거래가":12600.0,
            "전세실거래년":20170803.0,
            "전세실거래가":2000.0,
            "전세가율":61.54,
            "장기전세가율평균":78.67,
            "전세가율거품지수":17.13,
            "검색코드":16348,
            "세대수":219.0,
            "준공년월":"2001-01-29",
            "준공년차":22.0,
            "가까운역이름":"NA",
            "가까운역거리":"NA",
            "역세권여부":"NA",
            "30분이내주요거점역":"NA",
            "1시간이내주요거점역":"NA",
            "3km이내백화점수":0,
            "5km이내아울렛몰수":0,
            "1km이내대형먀트수":1,
            "500m이내은행수":0,
            "500m이내병원수":7,
            "5km이내대형병원수":0,
            "500m이내공원수":2,
            "3km이내혐오시설수":0,
            "초등학교학업성취도":89.28,
            "중학교학업성취도":72.0,
            "용적률":328,
            "건폐율":30,
            "Y":35.970339,
            "X":129.411879,
            "rank":57.0,
            "area_info":"13평(44.75), 22평(74.06), 30평(100.65)",
            "last_sales":"2021-11-09,12600.0,30평(100.65)"
        },
        {
            "index":264,
            "아파트명":"오천청호",
            "투자타입":"일반",
            "전용면적(m2)":"47.55",
            "전용면적(평)":"14평",
            "법정동주소":"경상북도 포항시 남구 오천읍 문덕리 203-3",
            "도로명주소":"경상북도 포항시 남구 해병로 405",
            "세대수":30,
            "입주년차":0,
            "용적률점수":"--",
            "건폐율점수":"--",
            "세대당주차수":0,
            "난방방식":30,
            "공급면적":"--",
            "전용률":"--",
            "욕실수":50,
            "현관타입":100,
            "주거총점":28.5,
            "지역구공급총점":0.0,
            "역세권":"NA",
            "30분내 이동가능 거점":"NA",
            "1시간내 이동가능 거점":"NA",
            "교통총점":"NA",
            "백화점":0,
            "아울렛몰":0,
            "대형마트":80,
            "은행":0,
            "병원":0,
            "종합병원":0,
            "공원":100,
            "혐오시설":0,
            "인프라총점":15.0,
            "초등학군":89.17,
            "중학군":37.62,
            "학군총점":47.93,
            "인구수":25.76,
            "인구증감":0.16,
            "인구총점":18.08,
            "일자리":11.7,
            "소득수준":80.31,
            "일자리총점":32.283,
            "가치 총점":27.9575,
            "매매실거래년":20211026.0,
            "매매실거래가":8800.0,
            "전세실거래년":null,
            "전세실거래가":null,
            "전세가율":null,
            "장기전세가율평균":78.67,
            "전세가율거품지수":null,
            "검색코드":102456,
            "세대수":392.0,
            "준공년월":"1997-10-11",
            "준공년차":26.0,
            "가까운역이름":"NA",
            "가까운역거리":"NA",
            "역세권여부":"NA",
            "30분이내주요거점역":"NA",
            "1시간이내주요거점역":"NA",
            "3km이내백화점수":0,
            "5km이내아울렛몰수":0,
            "1km이내대형먀트수":1,
            "500m이내은행수":0,
            "500m이내병원수":0,
            "5km이내대형병원수":0,
            "500m이내공원수":4,
            "3km이내혐오시설수":0,
            "초등학교학업성취도":89.17,
            "중학교학업성취도":62.7,
            "용적률":0,
            "건폐율":0,
            "Y":35.959243,
            "X":129.408921,
            "rank":58.0,
            "area_info":"14평(47.55), 14평(47.55), 22평(74.09)",
            "last_sales":"2021-10-26,8800.0,22평(74.09)"
        },
        {
            "index":45,
            "아파트명":"행복",
            "투자타입":"재건축",
            "전용면적(m2)":"92.39",
            "전용면적(평)":"27평",
            "법정동주소":"경상북도 포항시 남구 대잠동 780-149",
            "도로명주소":"경상북도 포항시 남구 행복길 56",
            "세대수":0,
            "입주년차":"--",
            "용적률점수":0,
            "건폐율점수":0,
            "세대당주차수":"--",
            "난방방식":"--",
            "공급면적":70,
            "전용률":80,
            "욕실수":"--",
            "현관타입":"--",
            "주거총점":7.5,
            "지역구공급총점":0.0,
            "역세권":"NA",
            "30분내 이동가능 거점":"NA",
            "1시간내 이동가능 거점":"NA",
            "교통총점":"NA",
            "백화점":0,
            "아울렛몰":0,
            "대형마트":0,
            "은행":20,
            "병원":0,
            "종합병원":100,
            "공원":100,
            "혐오시설":0,
            "인프라총점":25.0,
            "초등학군":93.92,
            "중학군":52.42,
            "학군총점":60.72,
            "인구수":25.76,
            "인구증감":0.16,
            "인구총점":18.08,
            "일자리":11.7,
            "소득수준":80.31,
            "일자리총점":32.283,
            "가치 총점":27.805,
            "매매실거래년":20211007.0,
            "매매실거래가":48000.0,
            "전세실거래년":20211228.0,
            "전세실거래가":24000.0,
            "전세가율":54.92,
            "장기전세가율평균":78.67,
            "전세가율거품지수":23.75,
            "검색코드":104499,
            "세대수":159.0,
            "준공년월":"1990-01-12",
            "준공년차":33.0,
            "가까운역이름":"NA",
            "가까운역거리":"NA",
            "역세권여부":"NA",
            "30분이내주요거점역":"NA",
            "1시간이내주요거점역":"NA",
            "3km이내백화점수":0,
            "5km이내아울렛몰수":0,
            "1km이내대형먀트수":0,
            "500m이내은행수":2,
            "500m이내병원수":0,
            "5km이내대형병원수":5,
            "500m이내공원수":4,
            "3km이내혐오시설수":0,
            "초등학교학업성취도":93.92,
            "중학교학업성취도":86.3,
            "용적률":0,
            "건폐율":0,
            "Y":36.016032,
            "X":129.336228,
            "rank":59.0,
            "area_info":"27평(92.39), 27평(92.43), 27평(92.45), 29평(96.04)",
            "last_sales":"2021-10-07,48000.0,27평(92.43)"
        },
        {
            "index":365,
            "아파트명":"동아",
            "투자타입":"재건축",
            "전용면적(m2)":"41.58",
            "전용면적(평)":"12평",
            "법정동주소":"경상북도 포항시 남구 해도동 83-1",
            "도로명주소":"경상북도 포항시 남구 중앙로62번길 5",
            "세대수":0,
            "입주년차":"--",
            "용적률점수":0,
            "건폐율점수":0,
            "세대당주차수":"--",
            "난방방식":"--",
            "공급면적":50,
            "전용률":60,
            "욕실수":"--",
            "현관타입":"--",
            "주거총점":5.5,
            "지역구공급총점":0.0,
            "역세권":"NA",
            "30분내 이동가능 거점":"NA",
            "1시간내 이동가능 거점":"NA",
            "교통총점":"NA",
            "백화점":0,
            "아울렛몰":0,
            "대형마트":0,
            "은행":70,
            "병원":30,
            "종합병원":100,
            "공원":80,
            "혐오시설":0,
            "인프라총점":32.4,
            "초등학군":92.21,
            "중학군":40.42,
            "학군총점":50.778,
            "인구수":25.76,
            "인구증감":0.16,
            "인구총점":18.08,
            "일자리":11.7,
            "소득수준":80.31,
            "일자리총점":32.283,
            "가치 총점":27.5795,
            "매매실거래년":"18000101",
            "매매실거래가":null,
            "전세실거래년":null,
            "전세실거래가":null,
            "전세가율":null,
            "장기전세가율평균":78.67,
            "전세가율거품지수":null,
            "검색코드":112931,
            "세대수":150.0,
            "준공년월":"1979-11-02",
            "준공년차":44.0,
            "가까운역이름":"NA",
            "가까운역거리":"NA",
            "역세권여부":"NA",
            "30분이내주요거점역":"NA",
            "1시간이내주요거점역":"NA",
            "3km이내백화점수":0,
            "5km이내아울렛몰수":0,
            "1km이내대형먀트수":0,
            "500m이내은행수":4,
            "500m이내병원수":6,
            "5km이내대형병원수":5,
            "500m이내공원수":1,
            "3km이내혐오시설수":0,
            "초등학교학업성취도":92.21,
            "중학교학업성취도":66.9,
            "용적률":0,
            "건폐율":0,
            "Y":36.018986,
            "X":129.370812,
            "rank":60.0,
            "area_info":"12평(41.58), 14평(46.37), 14평(47.27), 14평(49.25), 19평(63.86), 19평(63.89)",
            "last_sales":"1800-01-01,nan,12평(41.58)"
        },
        {
            "index":159,
            "아파트명":"영남비취타운3차",
            "투자타입":"재건축",
            "전용면적(m2)":"65.78",
            "전용면적(평)":"19평",
            "법정동주소":"경상북도 포항시 남구 연일읍 생지리 140-1",
            "도로명주소":"경상북도 포항시 남구 형산강남로326번길 20",
            "세대수":0,
            "입주년차":"--",
            "용적률점수":0,
            "건폐율점수":0,
            "세대당주차수":"--",
            "난방방식":"--",
            "공급면적":50,
            "전용률":100,
            "욕실수":"--",
            "현관타입":"--",
            "주거총점":7.5,
            "지역구공급총점":0.0,
            "역세권":"NA",
            "30분내 이동가능 거점":"NA",
            "1시간내 이동가능 거점":"NA",
            "교통총점":"NA",
            "백화점":0,
            "아울렛몰":0,
            "대형마트":0,
            "은행":0,
            "병원":60,
            "종합병원":100,
            "공원":80,
            "혐오시설":0,
            "인프라총점":28.4,
            "초등학군":90.0,
            "중학군":44.88,
            "학군총점":53.904,
            "인구수":25.76,
            "인구증감":0.16,
            "인구총점":18.08,
            "일자리":11.7,
            "소득수준":80.31,
            "일자리총점":32.283,
            "가치 총점":27.461,
            "매매실거래년":20201221.0,
            "매매실거래가":5700.0,
            "전세실거래년":null,
            "전세실거래가":null,
            "전세가율":null,
            "장기전세가율평균":78.67,
            "전세가율거품지수":null,
            "검색코드":16320,
            "세대수":265.0,
            "준공년월":"1991-12-18",
            "준공년차":32.0,
            "가까운역이름":"NA",
            "가까운역거리":"NA",
            "역세권여부":"NA",
            "30분이내주요거점역":"NA",
            "1시간이내주요거점역":"NA",
            "3km이내백화점수":0,
            "5km이내아울렛몰수":0,
            "1km이내대형먀트수":0,
            "500m이내은행수":1,
            "500m이내병원수":10,
            "5km이내대형병원수":4,
            "500m이내공원수":1,
            "3km이내혐오시설수":0,
            "초등학교학업성취도":90.0,
            "중학교학업성취도":74.6,
            "용적률":0,
            "건폐율":0,
            "Y":35.997664,
            "X":129.349182,
            "rank":61.0,
            "area_info":"19평(65.78), 20평(67.47), 20평(67.22), 21평(70.83), 21평(71.91), 22평(73.0), 22평(74.88), 22평(74.13), 23평(78.04), 23평(78.94), 24평(80.7), 27평(90.9), 29평(97.62)",
            "last_sales":"2020-12-21,5700.0,21평(71.91)"
        },
        {
            "index":302,
            "아파트명":"인덕2차",
            "투자타입":"재건축",
            "전용면적(m2)":"87.38",
            "전용면적(평)":"26평",
            "법정동주소":"경상북도 포항시 남구 인덕동 161-16",
            "도로명주소":"경상북도 포항시 남구 인덕로 53",
            "세대수":0,
            "입주년차":"--",
            "용적률점수":0,
            "건폐율점수":0,
            "세대당주차수":"--",
            "난방방식":"--",
            "공급면적":70,
            "전용률":80,
            "욕실수":"--",
            "현관타입":"--",
            "주거총점":7.5,
            "지역구공급총점":0.0,
            "역세권":"NA",
            "30분내 이동가능 거점":"NA",
            "1시간내 이동가능 거점":"NA",
            "교통총점":"NA",
            "백화점":0,
            "아울렛몰":0,
            "대형마트":100,
            "은행":0,
            "병원":0,
            "종합병원":80,
            "공원":0,
            "혐오시설":-50,
            "인프라총점":30.0,
            "초등학군":81.79,
            "중학군":43.36,
            "학군총점":51.046,
            "인구수":25.76,
            "인구증감":0.16,
            "인구총점":18.08,
            "일자리":11.7,
            "소득수준":80.31,
            "일자리총점":32.283,
            "가치 총점":27.3865,
            "매매실거래년":20211023.0,
            "매매실거래가":9400.0,
            "전세실거래년":20210910.0,
            "전세실거래가":8000.0,
            "전세가율":86.02,
            "장기전세가율평균":78.67,
            "전세가율거품지수":-7.35,
            "검색코드":16353,
            "세대수":195.0,
            "준공년월":"1990-02-22",
            "준공년차":33.0,
            "가까운역이름":"NA",
            "가까운역거리":"NA",
            "역세권여부":"NA",
            "30분이내주요거점역":"NA",
            "1시간이내주요거점역":"NA",
            "3km이내백화점수":0,
            "5km이내아울렛몰수":0,
            "1km이내대형먀트수":2,
            "500m이내은행수":0,
            "500m이내병원수":1,
            "5km이내대형병원수":1,
            "500m이내공원수":0,
            "3km이내혐오시설수":1,
            "초등학교학업성취도":81.79,
            "중학교학업성취도":72.0,
            "용적률":0,
            "건폐율":0,
            "Y":35.989911,
            "X":129.396669,
            "rank":62.0,
            "area_info":"26평(87.38), 26평(88.2), 29평(95.97), 29평(96.75), 29평(97.74), 29평(98.36)",
            "last_sales":"2021-10-23,9400.0,29평(98.36)"
        },
        {
            "index":298,
            "아파트명":"소망",
            "투자타입":"재건축",
            "전용면적(m2)":"44.61",
            "전용면적(평)":"13평",
            "법정동주소":"경상북도 포항시 남구 인덕동 161-24",
            "도로명주소":"경상북도 포항시 남구 인덕로 71",
            "세대수":0,
            "입주년차":"--",
            "용적률점수":0,
            "건폐율점수":0,
            "세대당주차수":"--",
            "난방방식":"--",
            "공급면적":50,
            "전용률":60,
            "욕실수":"--",
            "현관타입":"--",
            "주거총점":5.5,
            "지역구공급총점":0.0,
            "역세권":"NA",
            "30분내 이동가능 거점":"NA",
            "1시간내 이동가능 거점":"NA",
            "교통총점":"NA",
            "백화점":0,
            "아울렛몰":0,
            "대형마트":100,
            "은행":0,
            "병원":0,
            "종합병원":80,
            "공원":0,
            "혐오시설":0,
            "인프라총점":31.0,
            "초등학군":77.39,
            "중학군":43.36,
            "학군총점":50.166,
            "인구수":25.76,
            "인구증감":0.16,
            "인구총점":18.08,
            "일자리":11.7,
            "소득수준":80.31,
            "일자리총점":32.283,
            "가치 총점":26.8665,
            "매매실거래년":"18000101",
            "매매실거래가":null,
            "전세실거래년":null,
            "전세실거래가":null,
            "전세가율":null,
            "장기전세가율평균":78.67,
            "전세가율거품지수":null,
            "검색코드":16354,
            "세대수":297.0,
            "준공년월":"1992-06-30",
            "준공년차":31.0,
            "가까운역이름":"NA",
            "가까운역거리":"NA",
            "역세권여부":"NA",
            "30분이내주요거점역":"NA",
            "1시간이내주요거점역":"NA",
            "3km이내백화점수":0,
            "5km이내아울렛몰수":0,
            "1km이내대형먀트수":2,
            "500m이내은행수":0,
            "500m이내병원수":1,
            "5km이내대형병원수":1,
            "500m이내공원수":0,
            "3km이내혐오시설수":0,
            "초등학교학업성취도":77.39,
            "중학교학업성취도":72.0,
            "용적률":0,
            "건폐율":0,
            "Y":35.9918,
            "X":129.396203,
            "rank":63.0,
            "area_info":"13평(44.61), 14평(49.07)",
            "last_sales":"1800-01-01,nan,13평(44.61)"
        },
        {
            "index":284,
            "아파트명":"제일신천지타운",
            "투자타입":"일반",
            "전용면적(m2)":"59.11",
            "전용면적(평)":"17평",
            "법정동주소":"경상북도 포항시 남구 오천읍 용덕리 322-60",
            "도로명주소":"경상북도 포항시 남구 해병로 241",
            "세대수":30,
            "입주년차":0,
            "용적률점수":"--",
            "건폐율점수":"--",
            "세대당주차수":0,
            "난방방식":30,
            "공급면적":"--",
            "전용률":"--",
            "욕실수":50,
            "현관타입":100,
            "주거총점":28.5,
            "지역구공급총점":0.0,
            "역세권":"NA",
            "30분내 이동가능 거점":"NA",
            "1시간내 이동가능 거점":"NA",
            "교통총점":"NA",
            "백화점":0,
            "아울렛몰":0,
            "대형마트":0,
            "은행":0,
            "병원":60,
            "종합병원":0,
            "공원":100,
            "혐오시설":0,
            "인프라총점":9.0,
            "초등학군":89.28,
            "중학군":43.36,
            "학군총점":52.544,
            "인구수":25.76,
            "인구증감":0.16,
            "인구총점":18.08,
            "일자리":11.7,
            "소득수준":80.31,
            "일자리총점":32.283,
            "가치 총점":26.711,
            "매매실거래년":20220101.0,
            "매매실거래가":4400.0,
            "전세실거래년":20211129.0,
            "전세실거래가":4000.0,
            "전세가율":114.29,
            "장기전세가율평균":78.67,
            "전세가율거품지수":-35.62,
            "검색코드":16346,
            "세대수":340.0,
            "준공년월":"1993-03-11",
            "준공년차":30.0,
            "가까운역이름":"NA",
            "가까운역거리":"NA",
            "역세권여부":"NA",
            "30분이내주요거점역":"NA",
            "1시간이내주요거점역":"NA",
            "3km이내백화점수":0,
            "5km이내아울렛몰수":0,
            "1km이내대형먀트수":0,
            "500m이내은행수":1,
            "500m이내병원수":14,
            "5km이내대형병원수":0,
            "500m이내공원수":3,
            "3km이내혐오시설수":0,
            "초등학교학업성취도":89.28,
            "중학교학업성취도":72.0,
            "용적률":0,
            "건폐율":0,
            "Y":35.973587,
            "X":129.410783,
            "rank":64.0,
            "area_info":"17평(59.11), 22평(74.37), 26평(88.95), 31평(102.51)",
            "last_sales":"2022-01-01,4400.0,22평(74.37)"
        },
        {
            "index":130,
            "아파트명":"명성강변맨션2차",
            "투자타입":"재건축",
            "전용면적(m2)":"71.83",
            "전용면적(평)":"21평",
            "법정동주소":"경상북도 포항시 남구 연일읍 생지리 57-5",
            "도로명주소":"경상북도 포항시 남구 형산강남로 314",
            "세대수":0,
            "입주년차":"--",
            "용적률점수":0,
            "건폐율점수":0,
            "세대당주차수":"--",
            "난방방식":"--",
            "공급면적":50,
            "전용률":80,
            "욕실수":"--",
            "현관타입":"--",
            "주거총점":6.5,
            "지역구공급총점":0.0,
            "역세권":"NA",
            "30분내 이동가능 거점":"NA",
            "1시간내 이동가능 거점":"NA",
            "교통총점":"NA",
            "백화점":0,
            "아울렛몰":0,
            "대형마트":0,
            "은행":0,
            "병원":60,
            "종합병원":100,
            "공원":0,
            "혐오시설":0,
            "인프라총점":26.0,
            "초등학군":90.0,
            "중학군":44.88,
            "학군총점":53.904,
            "인구수":25.76,
            "인구증감":0.16,
            "인구총점":18.08,
            "일자리":11.7,
            "소득수준":80.31,
            "일자리총점":32.283,
            "가치 총점":26.151,
            "매매실거래년":20211201.0,
            "매매실거래가":7850.0,
            "전세실거래년":20211105.0,
            "전세실거래가":6500.0,
            "전세가율":82.8,
            "장기전세가율평균":78.67,
            "전세가율거품지수":-4.13,
            "검색코드":16318,
            "세대수":150.0,
            "준공년월":"1992-03-16",
            "준공년차":31.0,
            "가까운역이름":"NA",
            "가까운역거리":"NA",
            "역세권여부":"NA",
            "30분이내주요거점역":"NA",
            "1시간이내주요거점역":"NA",
            "3km이내백화점수":0,
            "5km이내아울렛몰수":0,
            "1km이내대형먀트수":0,
            "500m이내은행수":1,
            "500m이내병원수":11,
            "5km이내대형병원수":4,
            "500m이내공원수":0,
            "3km이내혐오시설수":0,
            "초등학교학업성취도":90.0,
            "중학교학업성취도":74.6,
            "용적률":0,
            "건폐율":0,
            "Y":35.99952,
            "X":129.34741,
            "rank":65.0,
            "area_info":"21평(71.83)",
            "last_sales":"2021-12-01,7850.0,21평(71.83)"
        },
        {
            "index":128,
            "아파트명":"명성강변맨션",
            "투자타입":"재건축",
            "전용면적(m2)":"66.87",
            "전용면적(평)":"20평",
            "법정동주소":"경상북도 포항시 남구 연일읍 생지리 57-7",
            "도로명주소":"경상북도 포항시 남구 형산강남로 300",
            "세대수":0,
            "입주년차":"--",
            "용적률점수":0,
            "건폐율점수":0,
            "세대당주차수":"--",
            "난방방식":"--",
            "공급면적":50,
            "전용률":80,
            "욕실수":"--",
            "현관타입":"--",
            "주거총점":6.5,
            "지역구공급총점":0.0,
            "역세권":"NA",
            "30분내 이동가능 거점":"NA",
            "1시간내 이동가능 거점":"NA",
            "교통총점":"NA",
            "백화점":0,
            "아울렛몰":0,
            "대형마트":0,
            "은행":0,
            "병원":60,
            "종합병원":100,
            "공원":0,
            "혐오시설":0,
            "인프라총점":26.0,
            "초등학군":88.43,
            "중학군":44.88,
            "학군총점":53.59,
            "인구수":25.76,
            "인구증감":0.16,
            "인구총점":18.08,
            "일자리":11.7,
            "소득수준":80.31,
            "일자리총점":32.283,
            "가치 총점":26.0725,
            "매매실거래년":20211021.0,
            "매매실거래가":5700.0,
            "전세실거래년":20211108.0,
            "전세실거래가":4500.0,
            "전세가율":78.95,
            "장기전세가율평균":78.67,
            "전세가율거품지수":-0.28,
            "검색코드":16317,
            "세대수":168.0,
            "준공년월":"1990-04-14",
            "준공년차":33.0,
            "가까운역이름":"NA",
            "가까운역거리":"NA",
            "역세권여부":"NA",
            "30분이내주요거점역":"NA",
            "1시간이내주요거점역":"NA",
            "3km이내백화점수":0,
            "5km이내아울렛몰수":0,
            "1km이내대형먀트수":0,
            "500m이내은행수":1,
            "500m이내병원수":11,
            "5km이내대형병원수":4,
            "500m이내공원수":0,
            "3km이내혐오시설수":0,
            "초등학교학업성취도":88.43,
            "중학교학업성취도":74.6,
            "용적률":0,
            "건폐율":0,
            "Y":35.999784,
            "X":129.345791,
            "rank":66.0,
            "area_info":"20평(66.87), 28평(92.64)",
            "last_sales":"2021-10-21,5700.0,20평(66.87)"
        },
        {
            "index":181,
            "아파트명":"협성해바라기",
            "투자타입":"재건축",
            "전용면적(m2)":"54.22",
            "전용면적(평)":"16평",
            "법정동주소":"경상북도 포항시 남구 연일읍 동문리 257-1",
            "도로명주소":"경상북도 포항시 남구 동문로21번길 22",
            "세대수":0,
            "입주년차":"--",
            "용적률점수":0,
            "건폐율점수":0,
            "세대당주차수":"--",
            "난방방식":"--",
            "공급면적":50,
            "전용률":80,
            "욕실수":"--",
            "현관타입":"--",
            "주거총점":6.5,
            "지역구공급총점":0.0,
            "역세권":"NA",
            "30분내 이동가능 거점":"NA",
            "1시간내 이동가능 거점":"NA",
            "교통총점":"NA",
            "백화점":0,
            "아울렛몰":0,
            "대형마트":0,
            "은행":0,
            "병원":30,
            "종합병원":100,
            "공원":80,
            "혐오시설":0,
            "인프라총점":25.4,
            "초등학군":90.0,
            "중학군":44.88,
            "학군총점":53.904,
            "인구수":25.76,
            "인구증감":0.16,
            "인구총점":18.08,
            "일자리":11.7,
            "소득수준":80.31,
            "일자리총점":32.283,
            "가치 총점":25.911,
            "매매실거래년":20211214.0,
            "매매실거래가":3800.0,
            "전세실거래년":20210430.0,
            "전세실거래가":3000.0,
            "전세가율":107.14,
            "장기전세가율평균":78.67,
            "전세가율거품지수":-28.47,
            "검색코드":16326,
            "세대수":187.0,
            "준공년월":"1992-05-26",
            "준공년차":31.0,
            "가까운역이름":"NA",
            "가까운역거리":"NA",
            "역세권여부":"NA",
            "30분이내주요거점역":"NA",
            "1시간이내주요거점역":"NA",
            "3km이내백화점수":0,
            "5km이내아울렛몰수":0,
            "1km이내대형먀트수":0,
            "500m이내은행수":0,
            "500m이내병원수":5,
            "5km이내대형병원수":4,
            "500m이내공원수":1,
            "3km이내혐오시설수":0,
            "초등학교학업성취도":90.0,
            "중학교학업성취도":74.6,
            "용적률":0,
            "건폐율":0,
            "Y":35.992875,
            "X":129.349544,
            "rank":67.0,
            "area_info":"16평(54.22), 16평(54.7), 17평(58.5), 19평(63.73), 19평(65.08), 21평(72.58), 22평(72.87), 21평(72.64), 23평(78.02)",
            "last_sales":"2021-12-14,3800.0,22평(72.87)"
        },
        {
            "index":152,
            "아파트명":"영남비취타운2차",
            "투자타입":"재건축",
            "전용면적(m2)":"56.87",
            "전용면적(평)":"17평",
            "법정동주소":"경상북도 포항시 남구 연일읍 오천리 178-26",
            "도로명주소":"경상북도 포항시 남구 연일중앙로 69",
            "세대수":0,
            "입주년차":"--",
            "용적률점수":0,
            "건폐율점수":0,
            "세대당주차수":"--",
            "난방방식":"--",
            "공급면적":50,
            "전용률":60,
            "욕실수":"--",
            "현관타입":"--",
            "주거총점":5.5,
            "지역구공급총점":0.0,
            "역세권":"NA",
            "30분내 이동가능 거점":"NA",
            "1시간내 이동가능 거점":"NA",
            "교통총점":"NA",
            "백화점":0,
            "아울렛몰":0,
            "대형마트":0,
            "은행":0,
            "병원":30,
            "종합병원":100,
            "공원":80,
            "혐오시설":0,
            "인프라총점":25.4,
            "초등학군":90.0,
            "중학군":44.88,
            "학군총점":53.904,
            "인구수":25.76,
            "인구증감":0.16,
            "인구총점":18.08,
            "일자리":11.7,
            "소득수준":80.31,
            "일자리총점":32.283,
            "가치 총점":25.561,
            "매매실거래년":20201228.0,
            "매매실거래가":5000.0,
            "전세실거래년":20201025.0,
            "전세실거래가":3000.0,
            "전세가율":85.71,
            "장기전세가율평균":78.67,
            "전세가율거품지수":-7.04,
            "검색코드":16319,
            "세대수":225.0,
            "준공년월":"1988-06-15",
            "준공년차":35.0,
            "가까운역이름":"NA",
            "가까운역거리":"NA",
            "역세권여부":"NA",
            "30분이내주요거점역":"NA",
            "1시간이내주요거점역":"NA",
            "3km이내백화점수":0,
            "5km이내아울렛몰수":0,
            "1km이내대형먀트수":0,
            "500m이내은행수":0,
            "500m이내병원수":5,
            "5km이내대형병원수":4,
            "500m이내공원수":1,
            "3km이내혐오시설수":0,
            "초등학교학업성취도":90.0,
            "중학교학업성취도":74.6,
            "용적률":0,
            "건폐율":0,
            "Y":35.997536,
            "X":129.351798,
            "rank":68.0,
            "area_info":"17평(56.87), 18평(60.02), 18평(61.16), 19평(64.62), 19평(65.14), 20평(67.05), 22평(73.19)",
            "last_sales":"2020-12-28,5000.0,22평(73.19)"
        },
        {
            "index":292,
            "아파트명":"천마타운1차",
            "투자타입":"일반",
            "전용면적(m2)":"94.52",
            "전용면적(평)":"28평",
            "법정동주소":"경상북도 포항시 남구 오천읍 문덕리 1188-242",
            "도로명주소":"경상북도 포항시 남구 정몽주로 333",
            "세대수":50,
            "입주년차":0,
            "용적률점수":"--",
            "건폐율점수":"--",
            "세대당주차수":0,
            "난방방식":30,
            "공급면적":"--",
            "전용률":"--",
            "욕실수":50,
            "현관타입":100,
            "주거총점":35.5,
            "지역구공급총점":0.0,
            "역세권":"NA",
            "30분내 이동가능 거점":"NA",
            "1시간내 이동가능 거점":"NA",
            "교통총점":"NA",
            "백화점":0,
            "아울렛몰":0,
            "대형마트":0,
            "은행":0,
            "병원":0,
            "종합병원":0,
            "공원":80,
            "혐오시설":0,
            "인프라총점":2.4,
            "초등학군":89.17,
            "중학군":37.62,
            "학군총점":47.93,
            "인구수":25.76,
            "인구증감":0.16,
            "인구총점":18.08,
            "일자리":11.7,
            "소득수준":80.31,
            "일자리총점":32.283,
            "가치 총점":25.3675,
            "매매실거래년":20220107.0,
            "매매실거래가":6300.0,
            "전세실거래년":20220113.0,
            "전세실거래가":5500.0,
            "전세가율":87.3,
            "장기전세가율평균":78.67,
            "전세가율거품지수":-8.63,
            "검색코드":16337,
            "세대수":541.0,
            "준공년월":"1996-07-31",
            "준공년차":27.0,
            "가까운역이름":"NA",
            "가까운역거리":"NA",
            "역세권여부":"NA",
            "30분이내주요거점역":"NA",
            "1시간이내주요거점역":"NA",
            "3km이내백화점수":0,
            "5km이내아울렛몰수":0,
            "1km이내대형먀트수":0,
            "500m이내은행수":0,
            "500m이내병원수":0,
            "5km이내대형병원수":0,
            "500m이내공원수":1,
            "3km이내혐오시설수":0,
            "초등학교학업성취도":89.17,
            "중학교학업성취도":62.7,
            "용적률":0,
            "건폐율":0,
            "Y":35.949946,
            "X":129.409343,
            "rank":69.0,
            "area_info":"28평(94.52)",
            "last_sales":"2022-01-07,6300.0,28평(94.52)"
        },
        {
            "index":79,
            "아파트명":"일동",
            "투자타입":"재건축",
            "전용면적(m2)":"64.88",
            "전용면적(평)":"19평",
            "법정동주소":"경상북도 포항시 남구 동해면 약전리 366",
            "도로명주소":"경상북도 포항시 남구 약전로8번길 10",
            "세대수":0,
            "입주년차":"--",
            "용적률점수":0,
            "건폐율점수":0,
            "세대당주차수":"--",
            "난방방식":"--",
            "공급면적":50,
            "전용률":100,
            "욕실수":"--",
            "현관타입":"--",
            "주거총점":7.5,
            "지역구공급총점":0.0,
            "역세권":"NA",
            "30분내 이동가능 거점":"NA",
            "1시간내 이동가능 거점":"NA",
            "교통총점":"NA",
            "백화점":0,
            "아울렛몰":0,
            "대형마트":80,
            "은행":0,
            "병원":10,
            "종합병원":0,
            "공원":0,
            "혐오시설":0,
            "인프라총점":13.0,
            "초등학군":95.8,
            "중학군":56.1,
            "학군총점":64.04,
            "인구수":25.76,
            "인구증감":0.16,
            "인구총점":18.08,
            "일자리":11.7,
            "소득수준":80.31,
            "일자리총점":32.283,
            "가치 총점":23.835,
            "매매실거래년":20211105.0,
            "매매실거래가":3500.0,
            "전세실거래년":20190507.0,
            "전세실거래가":3500.0,
            "전세가율":100.0,
            "장기전세가율평균":78.67,
            "전세가율거품지수":-21.33,
            "검색코드":16067,
            "세대수":210.0,
            "준공년월":"1990-01-08",
            "준공년차":33.0,
            "가까운역이름":"NA",
            "가까운역거리":"NA",
            "역세권여부":"NA",
            "30분이내주요거점역":"NA",
            "1시간이내주요거점역":"NA",
            "3km이내백화점수":0,
            "5km이내아울렛몰수":0,
            "1km이내대형먀트수":1,
            "500m이내은행수":0,
            "500m이내병원수":3,
            "5km이내대형병원수":0,
            "500m이내공원수":0,
            "3km이내혐오시설수":0,
            "초등학교학업성취도":95.8,
            "중학교학업성취도":93.5,
            "용적률":0,
            "건폐율":0,
            "Y":35.989501,
            "X":129.450966,
            "rank":70.0,
            "area_info":"19평(64.88), 23평(79.23)",
            "last_sales":"2021-11-05,3500.0,19평(64.88)"
        },
        {
            "index":54,
            "아파트명":"동해영남타운",
            "투자타입":"재건축",
            "전용면적(m2)":"58.38",
            "전용면적(평)":"17평",
            "법정동주소":"경상북도 포항시 남구 동해면 약전리 397-1",
            "도로명주소":"경상북도 포항시 남구 일월로109번길 10",
            "세대수":0,
            "입주년차":"--",
            "용적률점수":0,
            "건폐율점수":0,
            "세대당주차수":"--",
            "난방방식":"--",
            "공급면적":50,
            "전용률":80,
            "욕실수":"--",
            "현관타입":"--",
            "주거총점":6.5,
            "지역구공급총점":0.0,
            "역세권":"NA",
            "30분내 이동가능 거점":"NA",
            "1시간내 이동가능 거점":"NA",
            "교통총점":"NA",
            "백화점":0,
            "아울렛몰":0,
            "대형마트":80,
            "은행":0,
            "병원":10,
            "종합병원":0,
            "공원":0,
            "혐오시설":0,
            "인프라총점":13.0,
            "초등학군":95.8,
            "중학군":56.1,
            "학군총점":64.04,
            "인구수":25.76,
            "인구증감":0.16,
            "인구총점":18.08,
            "일자리":11.7,
            "소득수준":80.31,
            "일자리총점":32.283,
            "가치 총점":23.485,
            "매매실거래년":20220112.0,
            "매매실거래가":2100.0,
            "전세실거래년":20211119.0,
            "전세실거래가":2000.0,
            "전세가율":95.24,
            "장기전세가율평균":78.67,
            "전세가율거품지수":-16.57,
            "검색코드":101129,
            "세대수":251.0,
            "준공년월":"1992-05-29",
            "준공년차":31.0,
            "가까운역이름":"NA",
            "가까운역거리":"NA",
            "역세권여부":"NA",
            "30분이내주요거점역":"NA",
            "1시간이내주요거점역":"NA",
            "3km이내백화점수":0,
            "5km이내아울렛몰수":0,
            "1km이내대형먀트수":1,
            "500m이내은행수":0,
            "500m이내병원수":3,
            "5km이내대형병원수":0,
            "500m이내공원수":0,
            "3km이내혐오시설수":0,
            "초등학교학업성취도":95.8,
            "중학교학업성취도":93.5,
            "용적률":0,
            "건폐율":0,
            "Y":35.988869,
            "X":129.445865,
            "rank":71.0,
            "area_info":"17평(58.38), 17평(59.03), 18평(62.26), 22평(74.46)",
            "last_sales":"2022-01-12,2100.0,17평(58.38)"
        },
        {
            "index":58,
            "아파트명":"미광하야로비타운1차",
            "투자타입":"재건축",
            "전용면적(m2)":"62.61",
            "전용면적(평)":"18평",
            "법정동주소":"경상북도 포항시 남구 동해면 약전리 366-3",
            "도로명주소":"경상북도 포항시 남구 일월로155번길 11",
            "세대수":0,
            "입주년차":"--",
            "용적률점수":0,
            "건폐율점수":0,
            "세대당주차수":"--",
            "난방방식":"--",
            "공급면적":50,
            "전용률":80,
            "욕실수":"--",
            "현관타입":"--",
            "주거총점":6.5,
            "지역구공급총점":0.0,
            "역세권":"NA",
            "30분내 이동가능 거점":"NA",
            "1시간내 이동가능 거점":"NA",
            "교통총점":"NA",
            "백화점":0,
            "아울렛몰":0,
            "대형마트":80,
            "은행":0,
            "병원":10,
            "종합병원":0,
            "공원":0,
            "혐오시설":0,
            "인프라총점":13.0,
            "초등학군":95.8,
            "중학군":56.1,
            "학군총점":64.04,
            "인구수":25.76,
            "인구증감":0.16,
            "인구총점":18.08,
            "일자리":11.7,
            "소득수준":80.31,
            "일자리총점":32.283,
            "가치 총점":23.485,
            "매매실거래년":20211025.0,
            "매매실거래가":7650.0,
            "전세실거래년":20210728.0,
            "전세실거래가":3000.0,
            "전세가율":103.45,
            "장기전세가율평균":78.67,
            "전세가율거품지수":-24.78,
            "검색코드":16070,
            "세대수":192.0,
            "준공년월":"1992-10-05",
            "준공년차":31.0,
            "가까운역이름":"NA",
            "가까운역거리":"NA",
            "역세권여부":"NA",
            "30분이내주요거점역":"NA",
            "1시간이내주요거점역":"NA",
            "3km이내백화점수":0,
            "5km이내아울렛몰수":0,
            "1km이내대형먀트수":1,
            "500m이내은행수":0,
            "500m이내병원수":3,
            "5km이내대형병원수":0,
            "500m이내공원수":0,
            "3km이내혐오시설수":0,
            "초등학교학업성취도":95.8,
            "중학교학업성취도":93.5,
            "용적률":0,
            "건폐율":0,
            "Y":35.989347,
            "X":129.449555,
            "rank":71.0,
            "area_info":"18평(62.61), 19평(65.74), 19평(65.04), 19평(66.06), 20평(66.19), 24평(79.66), 24평(80.59), 29평(96.69), 29평(96.62)",
            "last_sales":"2021-10-25,7650.0,24평(80.59)"
        },
        {
            "index":71,
            "아파트명":"영남대자연맨션1차(102동~105동)",
            "투자타입":"재건축",
            "전용면적(m2)":"55.65",
            "전용면적(평)":"16평",
            "법정동주소":"경상북도 포항시 남구 동해면 약전리 421-10",
            "도로명주소":"경상북도 포항시 남구 일월로 139",
            "세대수":0,
            "입주년차":"--",
            "용적률점수":0,
            "건폐율점수":0,
            "세대당주차수":"--",
            "난방방식":"--",
            "공급면적":50,
            "전용률":80,
            "욕실수":"--",
            "현관타입":"--",
            "주거총점":6.5,
            "지역구공급총점":0.0,
            "역세권":"NA",
            "30분내 이동가능 거점":"NA",
            "1시간내 이동가능 거점":"NA",
            "교통총점":"NA",
            "백화점":0,
            "아울렛몰":0,
            "대형마트":80,
            "은행":0,
            "병원":10,
            "종합병원":0,
            "공원":0,
            "혐오시설":0,
            "인프라총점":13.0,
            "초등학군":95.8,
            "중학군":56.1,
            "학군총점":64.04,
            "인구수":25.76,
            "인구증감":0.16,
            "인구총점":18.08,
            "일자리":11.7,
            "소득수준":80.31,
            "일자리총점":32.283,
            "가치 총점":23.485,
            "매매실거래년":20211224.0,
            "매매실거래가":2900.0,
            "전세실거래년":20190128.0,
            "전세실거래가":1200.0,
            "전세가율":31.58,
            "장기전세가율평균":78.67,
            "전세가율거품지수":47.09,
            "검색코드":16063,
            "세대수":178.0,
            "준공년월":"1990-04-24",
            "준공년차":33.0,
            "가까운역이름":"NA",
            "가까운역거리":"NA",
            "역세권여부":"NA",
            "30분이내주요거점역":"NA",
            "1시간이내주요거점역":"NA",
            "3km이내백화점수":0,
            "5km이내아울렛몰수":0,
            "1km이내대형먀트수":1,
            "500m이내은행수":0,
            "500m이내병원수":3,
            "5km이내대형병원수":0,
            "500m이내공원수":0,
            "3km이내혐오시설수":0,
            "초등학교학업성취도":95.8,
            "중학교학업성취도":93.5,
            "용적률":0,
            "건폐율":0,
            "Y":35.988612,
            "X":129.448477,
            "rank":71.0,
            "area_info":"16평(55.65), 19평(63.36), 20평(68.04), 25평(85.67)",
            "last_sales":"2021-12-24,2900.0,20평(68.04)"
        },
        {
            "index":75,
            "아파트명":"영남대자연맨션2차",
            "투자타입":"재건축",
            "전용면적(m2)":"60.11",
            "전용면적(평)":"18평",
            "법정동주소":"경상북도 포항시 남구 동해면 약전리 421-7",
            "도로명주소":"경상북도 포항시 남구 일월로 139",
            "세대수":0,
            "입주년차":"--",
            "용적률점수":0,
            "건폐율점수":0,
            "세대당주차수":"--",
            "난방방식":"--",
            "공급면적":50,
            "전용률":80,
            "욕실수":"--",
            "현관타입":"--",
            "주거총점":6.5,
            "지역구공급총점":0.0,
            "역세권":"NA",
            "30분내 이동가능 거점":"NA",
            "1시간내 이동가능 거점":"NA",
            "교통총점":"NA",
            "백화점":0,
            "아울렛몰":0,
            "대형마트":80,
            "은행":0,
            "병원":10,
            "종합병원":0,
            "공원":0,
            "혐오시설":0,
            "인프라총점":13.0,
            "초등학군":95.8,
            "중학군":56.1,
            "학군총점":64.04,
            "인구수":25.76,
            "인구증감":0.16,
            "인구총점":18.08,
            "일자리":11.7,
            "소득수준":80.31,
            "일자리총점":32.283,
            "가치 총점":23.485,
            "매매실거래년":20211106.0,
            "매매실거래가":3000.0,
            "전세실거래년":20200501.0,
            "전세실거래가":1300.0,
            "전세가율":43.33,
            "장기전세가율평균":78.67,
            "전세가율거품지수":35.34,
            "검색코드":16060,
            "세대수":204.0,
            "준공년월":"1990-09-24",
            "준공년차":33.0,
            "가까운역이름":"NA",
            "가까운역거리":"NA",
            "역세권여부":"NA",
            "30분이내주요거점역":"NA",
            "1시간이내주요거점역":"NA",
            "3km이내백화점수":0,
            "5km이내아울렛몰수":0,
            "1km이내대형먀트수":1,
            "500m이내은행수":0,
            "500m이내병원수":3,
            "5km이내대형병원수":0,
            "500m이내공원수":0,
            "3km이내혐오시설수":0,
            "초등학교학업성취도":95.8,
            "중학교학업성취도":93.5,
            "용적률":0,
            "건폐율":0,
            "Y":35.988493,
            "X":129.447843,
            "rank":71.0,
            "area_info":"18평(60.11), 20평(68.04), 21평(71.13), 27평(90.93)",
            "last_sales":"2021-11-06,3000.0,18평(60.11)"
        },
        {
            "index":51,
            "아파트명":"도구별장맨션",
            "투자타입":"재건축",
            "전용면적(m2)":"79.11",
            "전용면적(평)":"23평",
            "법정동주소":"경상북도 포항시 남구 동해면 도구리 635",
            "도로명주소":"경상북도 포항시 남구 일월로71번길 9",
            "세대수":0,
            "입주년차":"--",
            "용적률점수":0,
            "건폐율점수":0,
            "세대당주차수":"--",
            "난방방식":"--",
            "공급면적":50,
            "전용률":100,
            "욕실수":"--",
            "현관타입":"--",
            "주거총점":7.5,
            "지역구공급총점":0.0,
            "역세권":"NA",
            "30분내 이동가능 거점":"NA",
            "1시간내 이동가능 거점":"NA",
            "교통총점":"NA",
            "백화점":0,
            "아울렛몰":0,
            "대형마트":80,
            "은행":0,
            "병원":0,
            "종합병원":0,
            "공원":0,
            "혐오시설":0,
            "인프라총점":12.0,
            "초등학군":95.8,
            "중학군":56.1,
            "학군총점":64.04,
            "인구수":25.76,
            "인구증감":0.16,
            "인구총점":18.08,
            "일자리":11.7,
            "소득수준":80.31,
            "일자리총점":32.283,
            "가치 총점":23.435,
            "매매실거래년":20220111.0,
            "매매실거래가":4950.0,
            "전세실거래년":20200526.0,
            "전세실거래가":2700.0,
            "전세가율":47.79,
            "장기전세가율평균":78.67,
            "전세가율거품지수":30.88,
            "검색코드":16053,
            "세대수":195.0,
            "준공년월":"1990-03-28",
            "준공년차":33.0,
            "가까운역이름":"NA",
            "가까운역거리":"NA",
            "역세권여부":"NA",
            "30분이내주요거점역":"NA",
            "1시간이내주요거점역":"NA",
            "3km이내백화점수":0,
            "5km이내아울렛몰수":0,
            "1km이내대형먀트수":1,
            "500m이내은행수":0,
            "500m이내병원수":0,
            "5km이내대형병원수":0,
            "500m이내공원수":0,
            "3km이내혐오시설수":0,
            "초등학교학업성취도":95.8,
            "중학교학업성취도":93.5,
            "용적률":0,
            "건폐율":0,
            "Y":35.989719,
            "X":129.440369,
            "rank":72.0,
            "area_info":"23평(79.11), 27평(90.76), 27평(92.05)",
            "last_sales":"2022-01-11,4950.0,27평(92.05)"
        },
        {
            "index":268,
            "아파트명":"우방신세계타운2차",
            "투자타입":"일반",
            "전용면적(m2)":"78.96",
            "전용면적(평)":"23평",
            "법정동주소":"경상북도 포항시 남구 오천읍 구정리 463",
            "도로명주소":"경상북도 포항시 남구 해병로 127",
            "세대수":50,
            "입주년차":0,
            "용적률점수":"--",
            "건폐율점수":"--",
            "세대당주차수":0,
            "난방방식":30,
            "공급면적":"--",
            "전용률":"--",
            "욕실수":50,
            "현관타입":10,
            "주거총점":26.5,
            "지역구공급총점":0.0,
            "역세권":"NA",
            "30분내 이동가능 거점":"NA",
            "1시간내 이동가능 거점":"NA",
            "교통총점":"NA",
            "백화점":0,
            "아울렛몰":0,
            "대형마트":0,
            "은행":0,
            "병원":0,
            "종합병원":0,
            "공원":80,
            "혐오시설":0,
            "인프라총점":2.4,
            "초등학군":87.51,
            "중학군":43.36,
            "학군총점":52.19,
            "인구수":25.76,
            "인구증감":0.16,
            "인구총점":18.08,
            "일자리":11.7,
            "소득수준":80.31,
            "일자리총점":32.283,
            "가치 총점":23.2825,
            "매매실거래년":20211220.0,
            "매매실거래가":6750.0,
            "전세실거래년":20210630.0,
            "전세실거래가":7500.0,
            "전세가율":111.11,
            "장기전세가율평균":78.67,
            "전세가율거품지수":-32.44,
            "검색코드":16340,
            "세대수":479.0,
            "준공년월":"1996-05-22",
            "준공년차":27.0,
            "가까운역이름":"NA",
            "가까운역거리":"NA",
            "역세권여부":"NA",
            "30분이내주요거점역":"NA",
            "1시간이내주요거점역":"NA",
            "3km이내백화점수":0,
            "5km이내아울렛몰수":0,
            "1km이내대형먀트수":0,
            "500m이내은행수":0,
            "500m이내병원수":0,
            "5km이내대형병원수":0,
            "500m이내공원수":1,
            "3km이내혐오시설수":0,
            "초등학교학업성취도":87.51,
            "중학교학업성취도":72.0,
            "용적률":0,
            "건폐율":0,
            "Y":35.98275,
            "X":129.407132,
            "rank":73.0,
            "area_info":"23평(78.96), 30평(99.83), 34평(115.43)",
            "last_sales":"2021-12-20,6750.0,23평(78.96)"
        },
        {
            "index":85,
            "아파트명":"협성비취타운2차",
            "투자타입":"재건축",
            "전용면적(m2)":"52.95",
            "전용면적(평)":"16평",
            "법정동주소":"경상북도 포항시 남구 동해면 도구리 602-32",
            "도로명주소":"경상북도 포항시 남구 일월로41번길 13",
            "세대수":0,
            "입주년차":"--",
            "용적률점수":0,
            "건폐율점수":0,
            "세대당주차수":"--",
            "난방방식":"--",
            "공급면적":50,
            "전용률":80,
            "욕실수":"--",
            "현관타입":"--",
            "주거총점":6.5,
            "지역구공급총점":0.0,
            "역세권":"NA",
            "30분내 이동가능 거점":"NA",
            "1시간내 이동가능 거점":"NA",
            "교통총점":"NA",
            "백화점":0,
            "아울렛몰":0,
            "대형마트":80,
            "은행":0,
            "병원":0,
            "종합병원":0,
            "공원":0,
            "혐오시설":0,
            "인프라총점":12.0,
            "초등학군":95.8,
            "중학군":56.1,
            "학군총점":64.04,
            "인구수":25.76,
            "인구증감":0.16,
            "인구총점":18.08,
            "일자리":11.7,
            "소득수준":80.31,
            "일자리총점":32.283,
            "가치 총점":23.085,
            "매매실거래년":20220111.0,
            "매매실거래가":2650.0,
            "전세실거래년":20180615.0,
            "전세실거래가":3000.0,
            "전세가율":113.21,
            "장기전세가율평균":78.67,
            "전세가율거품지수":-34.54,
            "검색코드":11686,
            "세대수":153.0,
            "준공년월":"1989-10-31",
            "준공년차":34.0,
            "가까운역이름":"NA",
            "가까운역거리":"NA",
            "역세권여부":"NA",
            "30분이내주요거점역":"NA",
            "1시간이내주요거점역":"NA",
            "3km이내백화점수":0,
            "5km이내아울렛몰수":0,
            "1km이내대형먀트수":1,
            "500m이내은행수":0,
            "500m이내병원수":0,
            "5km이내대형병원수":0,
            "500m이내공원수":0,
            "3km이내혐오시설수":0,
            "초등학교학업성취도":95.8,
            "중학교학업성취도":93.5,
            "용적률":0,
            "건폐율":0,
            "Y":35.989933,
            "X":129.437523,
            "rank":74.0,
            "area_info":"16평(52.95), 16평(54.37), 18평(61.29), 22평(73.26), 27평(89.48)",
            "last_sales":"2022-01-11,2650.0,16평(52.95)"
        },
        {
            "index":67,
            "아파트명":"삼양전원타운",
            "투자타입":"일반",
            "전용면적(m2)":"68.37",
            "전용면적(평)":"20평",
            "법정동주소":"경상북도 포항시 남구 동해면 석리 18-11",
            "도로명주소":"경상북도 포항시 남구 일월로375번길 45",
            "세대수":0,
            "입주년차":0,
            "용적률점수":"--",
            "건폐율점수":"--",
            "세대당주차수":0,
            "난방방식":30,
            "공급면적":"--",
            "전용률":"--",
            "욕실수":50,
            "현관타입":100,
            "주거총점":18.0,
            "지역구공급총점":0.0,
            "역세권":"NA",
            "30분내 이동가능 거점":"NA",
            "1시간내 이동가능 거점":"NA",
            "교통총점":"NA",
            "백화점":0,
            "아울렛몰":0,
            "대형마트":0,
            "은행":0,
            "병원":0,
            "종합병원":0,
            "공원":0,
            "혐오시설":0,
            "인프라총점":0.0,
            "초등학군":95.8,
            "중학군":56.1,
            "학군총점":64.04,
            "인구수":25.76,
            "인구증감":0.16,
            "인구총점":18.08,
            "일자리":11.7,
            "소득수준":80.31,
            "일자리총점":32.283,
            "가치 총점":22.31,
            "매매실거래년":20211102.0,
            "매매실거래가":2900.0,
            "전세실거래년":20190228.0,
            "전세실거래가":2000.0,
            "전세가율":68.97,
            "장기전세가율평균":78.67,
            "전세가율거품지수":9.7,
            "검색코드":106521,
            "세대수":250.0,
            "준공년월":"1995-05-12",
            "준공년차":28.0,
            "가까운역이름":"NA",
            "가까운역거리":"NA",
            "역세권여부":"NA",
            "30분이내주요거점역":"NA",
            "1시간이내주요거점역":"NA",
            "3km이내백화점수":0,
            "5km이내아울렛몰수":0,
            "1km이내대형먀트수":0,
            "500m이내은행수":0,
            "500m이내병원수":0,
            "5km이내대형병원수":0,
            "500m이내공원수":0,
            "3km이내혐오시설수":0,
            "초등학교학업성취도":95.8,
            "중학교학업성취도":93.5,
            "용적률":0,
            "건폐율":0,
            "Y":35.990092,
            "X":129.475629,
            "rank":75.0,
            "area_info":"20평(68.37)",
            "last_sales":"2021-11-02,2900.0,20평(68.37)"
        },
        {
            "index":68,
            "아파트명":"신형석리3차",
            "투자타입":"일반",
            "전용면적(m2)":"56.48",
            "전용면적(평)":"17평",
            "법정동주소":"경상북도 포항시 남구 동해면 석리 18-7",
            "도로명주소":"경상북도 포항시 남구 일월로375번길 50",
            "세대수":0,
            "입주년차":0,
            "용적률점수":"--",
            "건폐율점수":"--",
            "세대당주차수":0,
            "난방방식":30,
            "공급면적":"--",
            "전용률":"--",
            "욕실수":50,
            "현관타입":100,
            "주거총점":18.0,
            "지역구공급총점":0.0,
            "역세권":"NA",
            "30분내 이동가능 거점":"NA",
            "1시간내 이동가능 거점":"NA",
            "교통총점":"NA",
            "백화점":0,
            "아울렛몰":0,
            "대형마트":0,
            "은행":0,
            "병원":0,
            "종합병원":0,
            "공원":0,
            "혐오시설":0,
            "인프라총점":0.0,
            "초등학군":95.8,
            "중학군":56.1,
            "학군총점":64.04,
            "인구수":25.76,
            "인구증감":0.16,
            "인구총점":18.08,
            "일자리":11.7,
            "소득수준":80.31,
            "일자리총점":32.283,
            "가치 총점":22.31,
            "매매실거래년":20211227.0,
            "매매실거래가":2600.0,
            "전세실거래년":20110328.0,
            "전세실거래가":800.0,
            "전세가율":30.77,
            "장기전세가율평균":78.67,
            "전세가율거품지수":47.9,
            "검색코드":127195,
            "세대수":200.0,
            "준공년월":"1993-08-12",
            "준공년차":30.0,
            "가까운역이름":"NA",
            "가까운역거리":"NA",
            "역세권여부":"NA",
            "30분이내주요거점역":"NA",
            "1시간이내주요거점역":"NA",
            "3km이내백화점수":0,
            "5km이내아울렛몰수":0,
            "1km이내대형먀트수":0,
            "500m이내은행수":0,
            "500m이내병원수":0,
            "5km이내대형병원수":0,
            "500m이내공원수":0,
            "3km이내혐오시설수":0,
            "초등학교학업성취도":95.8,
            "중학교학업성취도":93.5,
            "용적률":0,
            "건폐율":0,
            "Y":35.989149,
            "X":129.475892,
            "rank":75.0,
            "area_info":"17평(56.48), 18평(59.59), 20평(66.25)",
            "last_sales":"2021-12-27,2600.0,17평(56.48)"
        },
        {
            "index":0,
            "아파트명":"해뜨는마을",
            "투자타입":"일반",
            "전용면적(m2)":"53.93",
            "전용면적(평)":"16평",
            "법정동주소":"경상북도 포항시 남구 구룡포읍 병포리 122",
            "도로명주소":"경상북도 포항시 남구 병포길 124-6",
            "세대수":50,
            "입주년차":20,
            "용적률점수":"--",
            "건폐율점수":"--",
            "세대당주차수":0,
            "난방방식":30,
            "공급면적":"--",
            "전용률":"--",
            "욕실수":50,
            "현관타입":10,
            "주거총점":30.5,
            "지역구공급총점":0.0,
            "역세권":"NA",
            "30분내 이동가능 거점":"NA",
            "1시간내 이동가능 거점":"NA",
            "교통총점":"NA",
            "백화점":0,
            "아울렛몰":0,
            "대형마트":0,
            "은행":0,
            "병원":0,
            "종합병원":0,
            "공원":0,
            "혐오시설":0,
            "인프라총점":0.0,
            "초등학군":72.47,
            "중학군":36.48,
            "학군총점":43.678,
            "인구수":25.76,
            "인구증감":0.16,
            "인구총점":18.08,
            "일자리":11.7,
            "소득수준":80.31,
            "일자리총점":32.283,
            "가치 총점":21.5945,
            "매매실거래년":20220116.0,
            "매매실거래가":6550.0,
            "전세실거래년":20200414.0,
            "전세실거래가":2300.0,
            "전세가율":35.11,
            "장기전세가율평균":78.67,
            "전세가율거품지수":43.56,
            "검색코드":102225,
            "세대수":477.0,
            "준공년월":"2001-06-21",
            "준공년차":22.0,
            "가까운역이름":"NA",
            "가까운역거리":"NA",
            "역세권여부":"NA",
            "30분이내주요거점역":"NA",
            "1시간이내주요거점역":"NA",
            "3km이내백화점수":0,
            "5km이내아울렛몰수":0,
            "1km이내대형먀트수":0,
            "500m이내은행수":0,
            "500m이내병원수":0,
            "5km이내대형병원수":0,
            "500m이내공원수":0,
            "3km이내혐오시설수":0,
            "초등학교학업성취도":72.47,
            "중학교학업성취도":60.8,
            "용적률":263,
            "건폐율":22,
            "Y":35.982142,
            "X":129.550082,
            "rank":76.0,
            "area_info":"16평(53.93), 20평(67.36), 24평(81.12)",
            "last_sales":"2022-01-16,6550.0,16평(53.93)"
        },
        {
            "index":192,
            "아파트명":"경림신세계타운",
            "투자타입":"재건축",
            "전용면적(m2)":"53.93",
            "전용면적(평)":"16평",
            "법정동주소":"경상북도 포항시 남구 오천읍 세계리 848-1",
            "도로명주소":"경상북도 포항시 남구 정몽주로 533",
            "세대수":0,
            "입주년차":"--",
            "용적률점수":0,
            "건폐율점수":0,
            "세대당주차수":"--",
            "난방방식":"--",
            "공급면적":50,
            "전용률":80,
            "욕실수":"--",
            "현관타입":"--",
            "주거총점":6.5,
            "지역구공급총점":0.0,
            "역세권":"NA",
            "30분내 이동가능 거점":"NA",
            "1시간내 이동가능 거점":"NA",
            "교통총점":"NA",
            "백화점":0,
            "아울렛몰":0,
            "대형마트":80,
            "은행":0,
            "병원":30,
            "종합병원":0,
            "공원":0,
            "혐오시설":0,
            "인프라총점":15.0,
            "초등학군":89.28,
            "중학군":43.36,
            "학군총점":52.544,
            "인구수":25.76,
            "인구증감":0.16,
            "인구총점":18.08,
            "일자리":11.7,
            "소득수준":80.31,
            "일자리총점":32.283,
            "가치 총점":21.411,
            "매매실거래년":20211231.0,
            "매매실거래가":6300.0,
            "전세실거래년":20211113.0,
            "전세실거래가":2200.0,
            "전세가율":73.33,
            "장기전세가율평균":78.67,
            "전세가율거품지수":5.34,
            "검색코드":107292,
            "세대수":150.0,
            "준공년월":"1990-11-28",
            "준공년차":33.0,
            "가까운역이름":"NA",
            "가까운역거리":"NA",
            "역세권여부":"NA",
            "30분이내주요거점역":"NA",
            "1시간이내주요거점역":"NA",
            "3km이내백화점수":0,
            "5km이내아울렛몰수":0,
            "1km이내대형먀트수":1,
            "500m이내은행수":0,
            "500m이내병원수":9,
            "5km이내대형병원수":0,
            "500m이내공원수":0,
            "3km이내혐오시설수":0,
            "초등학교학업성취도":89.28,
            "중학교학업성취도":72.0,
            "용적률":0,
            "건폐율":0,
            "Y":35.96629,
            "X":129.414334,
            "rank":77.0,
            "area_info":"16평(53.93), 22평(73.53), 25평(85.26)",
            "last_sales":"2021-12-31,6300.0,25평(85.26)"
        },
        {
            "index":195,
            "아파트명":"동해새로미",
            "투자타입":"재건축",
            "전용면적(m2)":"66.94",
            "전용면적(평)":"20평",
            "법정동주소":"경상북도 포항시 남구 오천읍 세계리 680-5",
            "도로명주소":"경상북도 포항시 남구 철강로 877",
            "세대수":0,
            "입주년차":"--",
            "용적률점수":0,
            "건폐율점수":0,
            "세대당주차수":"--",
            "난방방식":"--",
            "공급면적":50,
            "전용률":80,
            "욕실수":"--",
            "현관타입":"--",
            "주거총점":6.5,
            "지역구공급총점":0.0,
            "역세권":"NA",
            "30분내 이동가능 거점":"NA",
            "1시간내 이동가능 거점":"NA",
            "교통총점":"NA",
            "백화점":0,
            "아울렛몰":0,
            "대형마트":80,
            "은행":0,
            "병원":30,
            "종합병원":0,
            "공원":0,
            "혐오시설":0,
            "인프라총점":15.0,
            "초등학군":89.28,
            "중학군":39.08,
            "학군총점":49.12,
            "인구수":25.76,
            "인구증감":0.16,
            "인구총점":18.08,
            "일자리":11.7,
            "소득수준":80.31,
            "일자리총점":32.283,
            "가치 총점":20.555,
            "매매실거래년":20211118.0,
            "매매실거래가":5600.0,
            "전세실거래년":20200413.0,
            "전세실거래가":4000.0,
            "전세가율":125.0,
            "장기전세가율평균":78.67,
            "전세가율거품지수":-46.33,
            "검색코드":16331,
            "세대수":178.0,
            "준공년월":"1992-02-26",
            "준공년차":31.0,
            "가까운역이름":"NA",
            "가까운역거리":"NA",
            "역세권여부":"NA",
            "30분이내주요거점역":"NA",
            "1시간이내주요거점역":"NA",
            "3km이내백화점수":0,
            "5km이내아울렛몰수":0,
            "1km이내대형먀트수":1,
            "500m이내은행수":0,
            "500m이내병원수":8,
            "5km이내대형병원수":0,
            "500m이내공원수":0,
            "3km이내혐오시설수":0,
            "초등학교학업성취도":89.28,
            "중학교학업성취도":64.2,
            "용적률":0,
            "건폐율":0,
            "Y":35.965316,
            "X":129.420536,
            "rank":78.0,
            "area_info":"20평(66.94), 20평(67.44), 22평(75.5), 23평(77.53), 25평(85.09), 26평(86.32)",
            "last_sales":"2021-11-18,5600.0,25평(85.09)"
        },
        {
            "index":201,
            "아파트명":"미광전원타운1차",
            "투자타입":"재건축",
            "전용면적(m2)":"56.33",
            "전용면적(평)":"17평",
            "법정동주소":"경상북도 포항시 남구 오천읍 세계리 859-2",
            "도로명주소":"경상북도 포항시 남구 세계길 22",
            "세대수":0,
            "입주년차":"--",
            "용적률점수":0,
            "건폐율점수":0,
            "세대당주차수":"--",
            "난방방식":"--",
            "공급면적":50,
            "전용률":80,
            "욕실수":"--",
            "현관타입":"--",
            "주거총점":6.5,
            "지역구공급총점":0.0,
            "역세권":"NA",
            "30분내 이동가능 거점":"NA",
            "1시간내 이동가능 거점":"NA",
            "교통총점":"NA",
            "백화점":0,
            "아울렛몰":0,
            "대형마트":80,
            "은행":0,
            "병원":30,
            "종합병원":0,
            "공원":0,
            "혐오시설":0,
            "인프라총점":15.0,
            "초등학군":89.28,
            "중학군":39.08,
            "학군총점":49.12,
            "인구수":25.76,
            "인구증감":0.16,
            "인구총점":18.08,
            "일자리":11.7,
            "소득수준":80.31,
            "일자리총점":32.283,
            "가치 총점":20.555,
            "매매실거래년":20211015.0,
            "매매실거래가":6500.0,
            "전세실거래년":20190806.0,
            "전세실거래가":3000.0,
            "전세가율":150.0,
            "장기전세가율평균":78.67,
            "전세가율거품지수":-71.33,
            "검색코드":16333,
            "세대수":222.0,
            "준공년월":"1991-12-02",
            "준공년차":32.0,
            "가까운역이름":"NA",
            "가까운역거리":"NA",
            "역세권여부":"NA",
            "30분이내주요거점역":"NA",
            "1시간이내주요거점역":"NA",
            "3km이내백화점수":0,
            "5km이내아울렛몰수":0,
            "1km이내대형먀트수":1,
            "500m이내은행수":0,
            "500m이내병원수":8,
            "5km이내대형병원수":0,
            "500m이내공원수":0,
            "3km이내혐오시설수":0,
            "초등학교학업성취도":89.28,
            "중학교학업성취도":64.2,
            "용적률":0,
            "건폐율":0,
            "Y":35.964456,
            "X":129.416252,
            "rank":78.0,
            "area_info":"17평(56.33), 18평(59.62), 19평(63.24), 19평(63.22), 20평(66.73), 20평(66.57), 20평(66.67), 21평(69.48), 21평(72.38), 21평(72.44), 23평(76.18), 23평(78.98), 25평(85.42), 26평(87.11), 29평(98.87), 29평(98.89)",
            "last_sales":"2021-10-15,6500.0,21평(72.38)"
        },
        {
            "index":300,
            "아파트명":"우방신세계타운1차",
            "투자타입":"일반",
            "전용면적(m2)":"78.79",
            "전용면적(평)":"23평",
            "법정동주소":"경상북도 포항시 남구 인덕동 7",
            "도로명주소":"경상북도 포항시 남구 해병로 125",
            "세대수":30,
            "입주년차":0,
            "용적률점수":"--",
            "건폐율점수":"--",
            "세대당주차수":0,
            "난방방식":30,
            "공급면적":"--",
            "전용률":"--",
            "욕실수":50,
            "현관타입":10,
            "주거총점":19.5,
            "지역구공급총점":0.0,
            "역세권":"NA",
            "30분내 이동가능 거점":"NA",
            "1시간내 이동가능 거점":"NA",
            "교통총점":"NA",
            "백화점":0,
            "아울렛몰":0,
            "대형마트":0,
            "은행":0,
            "병원":0,
            "종합병원":0,
            "공원":0,
            "혐오시설":0,
            "인프라총점":0.0,
            "초등학군":87.51,
            "중학군":43.36,
            "학군총점":52.19,
            "인구수":25.76,
            "인구증감":0.16,
            "인구총점":18.08,
            "일자리":11.7,
            "소득수준":80.31,
            "일자리총점":32.283,
            "가치 총점":19.8725,
            "매매실거래년":20211215.0,
            "매매실거래가":6400.0,
            "전세실거래년":20211207.0,
            "전세실거래가":6800.0,
            "전세가율":106.25,
            "장기전세가율평균":78.67,
            "전세가율거품지수":-27.58,
            "검색코드":16351,
            "세대수":367.0,
            "준공년월":"1995-05-01",
            "준공년차":28.0,
            "가까운역이름":"NA",
            "가까운역거리":"NA",
            "역세권여부":"NA",
            "30분이내주요거점역":"NA",
            "1시간이내주요거점역":"NA",
            "3km이내백화점수":0,
            "5km이내아울렛몰수":0,
            "1km이내대형먀트수":0,
            "500m이내은행수":0,
            "500m이내병원수":0,
            "5km이내대형병원수":0,
            "500m이내공원수":0,
            "3km이내혐오시설수":0,
            "초등학교학업성취도":87.51,
            "중학교학업성취도":72.0,
            "용적률":0,
            "건폐율":0,
            "Y":35.983831,
            "X":129.406464,
            "rank":79.0,
            "area_info":"23평(78.79), 30평(99.83)",
            "last_sales":"2021-12-15,6400.0,23평(78.79)"
        },
        {
            "index":217,
            "아파트명":"보광그린파크",
            "투자타입":"일반",
            "전용면적(m2)":"45.26",
            "전용면적(평)":"13평",
            "법정동주소":"경상북도 포항시 남구 오천읍 문충리 255",
            "도로명주소":"경상북도 포항시 남구 오어로 303",
            "세대수":0,
            "입주년차":20,
            "용적률점수":"--",
            "건폐율점수":"--",
            "세대당주차수":0,
            "난방방식":30,
            "공급면적":"--",
            "전용률":"--",
            "욕실수":50,
            "현관타입":100,
            "주거총점":22.0,
            "지역구공급총점":0.0,
            "역세권":"NA",
            "30분내 이동가능 거점":"NA",
            "1시간내 이동가능 거점":"NA",
            "교통총점":"NA",
            "백화점":0,
            "아울렛몰":0,
            "대형마트":0,
            "은행":0,
            "병원":0,
            "종합병원":0,
            "공원":0,
            "혐오시설":0,
            "인프라총점":0.0,
            "초등학군":90.0,
            "중학군":37.62,
            "학군총점":48.096,
            "인구수":25.76,
            "인구증감":0.16,
            "인구총점":18.08,
            "일자리":11.7,
            "소득수준":80.31,
            "일자리총점":32.283,
            "가치 총점":19.724,
            "매매실거래년":20211216.0,
            "매매실거래가":2000.0,
            "전세실거래년":20210124.0,
            "전세실거래가":2000.0,
            "전세가율":100.0,
            "장기전세가율평균":78.67,
            "전세가율거품지수":-21.33,
            "검색코드":124313,
            "세대수":298.0,
            "준공년월":"2000-05-13",
            "준공년차":23.0,
            "가까운역이름":"NA",
            "가까운역거리":"NA",
            "역세권여부":"NA",
            "30분이내주요거점역":"NA",
            "1시간이내주요거점역":"NA",
            "3km이내백화점수":0,
            "5km이내아울렛몰수":0,
            "1km이내대형먀트수":0,
            "500m이내은행수":0,
            "500m이내병원수":1,
            "5km이내대형병원수":0,
            "500m이내공원수":0,
            "3km이내혐오시설수":0,
            "초등학교학업성취도":90.0,
            "중학교학업성취도":62.7,
            "용적률":90,
            "건폐율":21,
            "Y":35.939305,
            "X":129.390591,
            "rank":80.0,
            "area_info":"13평(45.26), 20평(66.51)",
            "last_sales":"2021-12-16,2000.0,13평(45.26)"
        },
        {
            "index":221,
            "아파트명":"성우천마타운2차",
            "투자타입":"일반",
            "전용면적(m2)":"57.97",
            "전용면적(평)":"17평",
            "법정동주소":"경상북도 포항시 남구 오천읍 문덕리 267-1",
            "도로명주소":"경상북도 포항시 남구 문덕로12번길 29",
            "세대수":0,
            "입주년차":0,
            "용적률점수":"--",
            "건폐율점수":"--",
            "세대당주차수":0,
            "난방방식":30,
            "공급면적":"--",
            "전용률":"--",
            "욕실수":50,
            "현관타입":100,
            "주거총점":18.0,
            "지역구공급총점":0.0,
            "역세권":"NA",
            "30분내 이동가능 거점":"NA",
            "1시간내 이동가능 거점":"NA",
            "교통총점":"NA",
            "백화점":0,
            "아울렛몰":0,
            "대형마트":0,
            "은행":0,
            "병원":10,
            "종합병원":0,
            "공원":100,
            "혐오시설":0,
            "인프라총점":4.0,
            "초등학군":84.15,
            "중학군":37.62,
            "학군총점":46.926,
            "인구수":25.76,
            "인구증감":0.16,
            "인구총점":18.08,
            "일자리":11.7,
            "소득수준":80.31,
            "일자리총점":32.283,
            "가치 총점":19.6315,
            "매매실거래년":20220112.0,
            "매매실거래가":5300.0,
            "전세실거래년":20211014.0,
            "전세실거래가":2500.0,
            "전세가율":79.37,
            "장기전세가율평균":78.67,
            "전세가율거품지수":-0.7,
            "검색코드":16335,
            "세대수":257.0,
            "준공년월":"1998-07-10",
            "준공년차":25.0,
            "가까운역이름":"NA",
            "가까운역거리":"NA",
            "역세권여부":"NA",
            "30분이내주요거점역":"NA",
            "1시간이내주요거점역":"NA",
            "3km이내백화점수":0,
            "5km이내아울렛몰수":0,
            "1km이내대형먀트수":0,
            "500m이내은행수":0,
            "500m이내병원수":4,
            "5km이내대형병원수":0,
            "500m이내공원수":4,
            "3km이내혐오시설수":0,
            "초등학교학업성취도":84.15,
            "중학교학업성취도":62.7,
            "용적률":0,
            "건폐율":0,
            "Y":35.961088,
            "X":129.399897,
            "rank":81.0,
            "area_info":"17평(57.97), 26평(86.39)",
            "last_sales":"2022-01-12,5300.0,26평(86.39)"
        },
        {
            "index":280,
            "아파트명":"제일맨션5차",
            "투자타입":"재건축",
            "전용면적(m2)":"62.63",
            "전용면적(평)":"18평",
            "법정동주소":"경상북도 포항시 남구 오천읍 용덕리 384",
            "도로명주소":"경상북도 포항시 남구 충무로 51-2",
            "세대수":0,
            "입주년차":"--",
            "용적률점수":0,
            "건폐율점수":0,
            "세대당주차수":"--",
            "난방방식":"--",
            "공급면적":50,
            "전용률":100,
            "욕실수":"--",
            "현관타입":"--",
            "주거총점":7.5,
            "지역구공급총점":0.0,
            "역세권":"NA",
            "30분내 이동가능 거점":"NA",
            "1시간내 이동가능 거점":"NA",
            "교통총점":"NA",
            "백화점":0,
            "아울렛몰":0,
            "대형마트":0,
            "은행":20,
            "병원":60,
            "종합병원":0,
            "공원":0,
            "혐오시설":0,
            "인프라총점":8.0,
            "초등학군":87.51,
            "중학군":43.36,
            "학군총점":52.19,
            "인구수":25.76,
            "인구증감":0.16,
            "인구총점":18.08,
            "일자리":11.7,
            "소득수준":80.31,
            "일자리총점":32.283,
            "가치 총점":18.8725,
            "매매실거래년":20211022.0,
            "매매실거래가":5500.0,
            "전세실거래년":20211019.0,
            "전세실거래가":4500.0,
            "전세가율":81.82,
            "장기전세가율평균":78.67,
            "전세가율거품지수":-3.15,
            "검색코드":16344,
            "세대수":273.0,
            "준공년월":"1991-12-02",
            "준공년차":32.0,
            "가까운역이름":"NA",
            "가까운역거리":"NA",
            "역세권여부":"NA",
            "30분이내주요거점역":"NA",
            "1시간이내주요거점역":"NA",
            "3km이내백화점수":0,
            "5km이내아울렛몰수":0,
            "1km이내대형먀트수":0,
            "500m이내은행수":2,
            "500m이내병원수":15,
            "5km이내대형병원수":0,
            "500m이내공원수":0,
            "3km이내혐오시설수":0,
            "초등학교학업성취도":87.51,
            "중학교학업성취도":72.0,
            "용적률":0,
            "건폐율":0,
            "Y":35.977412,
            "X":129.415796,
            "rank":82.0,
            "area_info":"18평(62.63), 19평(65.03), 20평(66.85), 20평(67.03)",
            "last_sales":"2021-10-22,5500.0,18평(62.63)"
        },
        {
            "index":238,
            "아파트명":"영남타운",
            "투자타입":"재건축",
            "전용면적(m2)":"49.52",
            "전용면적(평)":"14평",
            "법정동주소":"경상북도 포항시 남구 오천읍 용덕리 347-1",
            "도로명주소":"경상북도 포항시 남구 해병로231번길 13",
            "세대수":0,
            "입주년차":"--",
            "용적률점수":0,
            "건폐율점수":0,
            "세대당주차수":"--",
            "난방방식":"--",
            "공급면적":50,
            "전용률":80,
            "욕실수":"--",
            "현관타입":"--",
            "주거총점":6.5,
            "지역구공급총점":0.0,
            "역세권":"NA",
            "30분내 이동가능 거점":"NA",
            "1시간내 이동가능 거점":"NA",
            "교통총점":"NA",
            "백화점":0,
            "아울렛몰":0,
            "대형마트":0,
            "은행":0,
            "병원":60,
            "종합병원":0,
            "공원":80,
            "혐오시설":0,
            "인프라총점":8.4,
            "초등학군":89.28,
            "중학군":43.36,
            "학군총점":52.544,
            "인구수":25.76,
            "인구증감":0.16,
            "인구총점":18.08,
            "일자리":11.7,
            "소득수준":80.31,
            "일자리총점":32.283,
            "가치 총점":18.771,
            "매매실거래년":20220110.0,
            "매매실거래가":3000.0,
            "전세실거래년":20141022.0,
            "전세실거래가":2500.0,
            "전세가율":83.33,
            "장기전세가율평균":78.67,
            "전세가율거품지수":-4.66,
            "검색코드":16338,
            "세대수":180.0,
            "준공년월":"1989-07-04",
            "준공년차":34.0,
            "가까운역이름":"NA",
            "가까운역거리":"NA",
            "역세권여부":"NA",
            "30분이내주요거점역":"NA",
            "1시간이내주요거점역":"NA",
            "3km이내백화점수":0,
            "5km이내아울렛몰수":0,
            "1km이내대형먀트수":0,
            "500m이내은행수":1,
            "500m이내병원수":14,
            "5km이내대형병원수":0,
            "500m이내공원수":1,
            "3km이내혐오시설수":0,
            "초등학교학업성취도":89.28,
            "중학교학업성취도":72.0,
            "용적률":0,
            "건폐율":0,
            "Y":35.974455,
            "X":129.411298,
            "rank":83.0,
            "area_info":"14평(49.52), 15평(50.87), 18평(60.94), 19평(64.08), 22평(74.36)",
            "last_sales":"2022-01-10,3000.0,19평(64.08)"
        },
        {
            "index":267,
            "아파트명":"용산삼주타운",
            "투자타입":"일반",
            "전용면적(m2)":"74.87",
            "전용면적(평)":"22평",
            "법정동주소":"경상북도 포항시 남구 오천읍 용산리 313-5",
            "도로명주소":"경상북도 포항시 남구 정몽주로 164",
            "세대수":0,
            "입주년차":0,
            "용적률점수":"--",
            "건폐율점수":"--",
            "세대당주차수":0,
            "난방방식":30,
            "공급면적":"--",
            "전용률":"--",
            "욕실수":50,
            "현관타입":100,
            "주거총점":18.0,
            "지역구공급총점":0.0,
            "역세권":"NA",
            "30분내 이동가능 거점":"NA",
            "1시간내 이동가능 거점":"NA",
            "교통총점":"NA",
            "백화점":0,
            "아울렛몰":0,
            "대형마트":0,
            "은행":0,
            "병원":0,
            "종합병원":0,
            "공원":0,
            "혐오시설":0,
            "인프라총점":0.0,
            "초등학군":90.0,
            "중학군":37.62,
            "학군총점":48.096,
            "인구수":25.76,
            "인구증감":0.16,
            "인구총점":18.08,
            "일자리":11.7,
            "소득수준":80.31,
            "일자리총점":32.283,
            "가치 총점":18.324,
            "매매실거래년":20211221.0,
            "매매실거래가":4200.0,
            "전세실거래년":20210108.0,
            "전세실거래가":3000.0,
            "전세가율":71.43,
            "장기전세가율평균":78.67,
            "전세가율거품지수":7.24,
            "검색코드":16334,
            "세대수":281.0,
            "준공년월":"1995-02-28",
            "준공년차":28.0,
            "가까운역이름":"NA",
            "가까운역거리":"NA",
            "역세권여부":"NA",
            "30분이내주요거점역":"NA",
            "1시간이내주요거점역":"NA",
            "3km이내백화점수":0,
            "5km이내아울렛몰수":0,
            "1km이내대형먀트수":0,
            "500m이내은행수":0,
            "500m이내병원수":0,
            "5km이내대형병원수":0,
            "500m이내공원수":0,
            "3km이내혐오시설수":0,
            "초등학교학업성취도":90.0,
            "중학교학업성취도":62.7,
            "용적률":343,
            "건폐율":84,
            "Y":35.940016,
            "X":129.399215,
            "rank":84.0,
            "area_info":"22평(74.87)",
            "last_sales":"2021-12-21,4200.0,22평(74.87)"
        },
        {
            "index":228,
            "아파트명":"영남그린",
            "투자타입":"재건축",
            "전용면적(m2)":"53.96",
            "전용면적(평)":"16평",
            "법정동주소":"경상북도 포항시 남구 오천읍 구정리 41-10",
            "도로명주소":"경상북도 포항시 남구 정몽주로680번길 7",
            "세대수":0,
            "입주년차":"--",
            "용적률점수":0,
            "건폐율점수":0,
            "세대당주차수":"--",
            "난방방식":"--",
            "공급면적":50,
            "전용률":80,
            "욕실수":"--",
            "현관타입":"--",
            "주거총점":6.5,
            "지역구공급총점":0.0,
            "역세권":"NA",
            "30분내 이동가능 거점":"NA",
            "1시간내 이동가능 거점":"NA",
            "교통총점":"NA",
            "백화점":0,
            "아울렛몰":0,
            "대형마트":0,
            "은행":0,
            "병원":60,
            "종합병원":0,
            "공원":0,
            "혐오시설":0,
            "인프라총점":6.0,
            "초등학군":87.51,
            "중학군":43.36,
            "학군총점":52.19,
            "인구수":25.76,
            "인구증감":0.16,
            "인구총점":18.08,
            "일자리":11.7,
            "소득수준":80.31,
            "일자리총점":32.283,
            "가치 총점":17.7225,
            "매매실거래년":"18000101",
            "매매실거래가":null,
            "전세실거래년":null,
            "전세실거래가":null,
            "전세가율":null,
            "장기전세가율평균":78.67,
            "전세가율거품지수":null,
            "검색코드":107995,
            "세대수":183.0,
            "준공년월":"1987-02-12",
            "준공년차":36.0,
            "가까운역이름":"NA",
            "가까운역거리":"NA",
            "역세권여부":"NA",
            "30분이내주요거점역":"NA",
            "1시간이내주요거점역":"NA",
            "3km이내백화점수":0,
            "5km이내아울렛몰수":0,
            "1km이내대형먀트수":0,
            "500m이내은행수":1,
            "500m이내병원수":11,
            "5km이내대형병원수":0,
            "500m이내공원수":0,
            "3km이내혐오시설수":0,
            "초등학교학업성취도":87.51,
            "중학교학업성취도":72.0,
            "용적률":0,
            "건폐율":0,
            "Y":35.979206,
            "X":129.413467,
            "rank":85.0,
            "area_info":"16평(53.96), 17평(57.0), 18평(60.46), 18평(60.83), 18평(61.64), 19평(64.56), 20평(67.78), 20평(68.39), 23평(78.2), 37평(123.28)",
            "last_sales":"1800-01-01,nan,16평(53.96)"
        },
        {
            "index":255,
            "아파트명":"오천제일맨션4차",
            "투자타입":"재건축",
            "전용면적(m2)":"50.26",
            "전용면적(평)":"15평",
            "법정동주소":"경상북도 포항시 남구 오천읍 용덕리 126",
            "도로명주소":"경상북도 포항시 남구 정몽주로616번길 31",
            "세대수":0,
            "입주년차":"--",
            "용적률점수":0,
            "건폐율점수":0,
            "세대당주차수":"--",
            "난방방식":"--",
            "공급면적":50,
            "전용률":80,
            "욕실수":"--",
            "현관타입":"--",
            "주거총점":6.5,
            "지역구공급총점":0.0,
            "역세권":"NA",
            "30분내 이동가능 거점":"NA",
            "1시간내 이동가능 거점":"NA",
            "교통총점":"NA",
            "백화점":0,
            "아울렛몰":0,
            "대형마트":0,
            "은행":0,
            "병원":30,
            "종합병원":0,
            "공원":0,
            "혐오시설":0,
            "인프라총점":3.0,
            "초등학군":89.28,
            "중학군":43.36,
            "학군총점":52.544,
            "인구수":25.76,
            "인구증감":0.16,
            "인구총점":18.08,
            "일자리":11.7,
            "소득수준":80.31,
            "일자리총점":32.283,
            "가치 총점":16.611,
            "매매실거래년":20211005.0,
            "매매실거래가":2500.0,
            "전세실거래년":20160229.0,
            "전세실거래가":3300.0,
            "전세가율":137.5,
            "장기전세가율평균":78.67,
            "전세가율거품지수":-58.83,
            "검색코드":16339,
            "세대수":169.0,
            "준공년월":"1991-05-02",
            "준공년차":32.0,
            "가까운역이름":"NA",
            "가까운역거리":"NA",
            "역세권여부":"NA",
            "30분이내주요거점역":"NA",
            "1시간이내주요거점역":"NA",
            "3km이내백화점수":0,
            "5km이내아울렛몰수":0,
            "1km이내대형먀트수":0,
            "500m이내은행수":1,
            "500m이내병원수":5,
            "5km이내대형병원수":0,
            "500m이내공원수":0,
            "3km이내혐오시설수":0,
            "초등학교학업성취도":89.28,
            "중학교학업성취도":72.0,
            "용적률":0,
            "건폐율":0,
            "Y":35.972613,
            "X":129.418494,
            "rank":86.0,
            "area_info":"15평(50.26), 16평(56.04), 19평(65.76), 22평(72.74), 23평(77.8), 29평(97.03)",
            "last_sales":"2021-10-05,2500.0,22평(72.74)"
        },
        {
            "index":276,
            "아파트명":"제일맨션(103,105동)",
            "투자타입":"재건축",
            "전용면적(m2)":"77.98",
            "전용면적(평)":"23평",
            "법정동주소":"경상북도 포항시 남구 오천읍 구정리 70-2",
            "도로명주소":"경상북도 포항시 남구 정몽주로 702",
            "세대수":0,
            "입주년차":"--",
            "용적률점수":0,
            "건폐율점수":0,
            "세대당주차수":"--",
            "난방방식":"--",
            "공급면적":50,
            "전용률":100,
            "욕실수":"--",
            "현관타입":"--",
            "주거총점":7.5,
            "지역구공급총점":0.0,
            "역세권":"NA",
            "30분내 이동가능 거점":"NA",
            "1시간내 이동가능 거점":"NA",
            "교통총점":"NA",
            "백화점":0,
            "아울렛몰":0,
            "대형마트":0,
            "은행":0,
            "병원":10,
            "종합병원":0,
            "공원":0,
            "혐오시설":0,
            "인프라총점":1.0,
            "초등학군":87.51,
            "중학군":43.36,
            "학군총점":52.19,
            "인구수":25.76,
            "인구증감":0.16,
            "인구총점":18.08,
            "일자리":11.7,
            "소득수준":80.31,
            "일자리총점":32.283,
            "가치 총점":16.0725,
            "매매실거래년":20220111.0,
            "매매실거래가":3000.0,
            "전세실거래년":20211001.0,
            "전세실거래가":6500.0,
            "전세가율":216.67,
            "장기전세가율평균":78.67,
            "전세가율거품지수":-138.0,
            "검색코드":16342,
            "세대수":174.0,
            "준공년월":"1990-06-08",
            "준공년차":33.0,
            "가까운역이름":"NA",
            "가까운역거리":"NA",
            "역세권여부":"NA",
            "30분이내주요거점역":"NA",
            "1시간이내주요거점역":"NA",
            "3km이내백화점수":0,
            "5km이내아울렛몰수":0,
            "1km이내대형먀트수":0,
            "500m이내은행수":1,
            "500m이내병원수":3,
            "5km이내대형병원수":0,
            "500m이내공원수":0,
            "3km이내혐오시설수":0,
            "초등학교학업성취도":87.51,
            "중학교학업성취도":72.0,
            "용적률":0,
            "건폐율":0,
            "Y":35.980605,
            "X":129.412494,
            "rank":87.0,
            "area_info":"23평(77.98), 27평(90.31), 27평(91.55), 28평(95.38)",
            "last_sales":"2022-01-11,3000.0,23평(77.98)"
        }
    ]
}