{
    "schema":{
        "fields":[
            {
                "name":"index",
                "type":"integer"
            },
            {
                "name":"아파트명",
                "type":"string"
            },
            {
                "name":"투자타입",
                "type":"string"
            },
            {
                "name":"전용면적(m2)",
                "type":"string"
            },
            {
                "name":"전용면적(평)",
                "type":"string"
            },
            {
                "name":"법정동주소",
                "type":"string"
            },
            {
                "name":"도로명주소",
                "type":"string"
            },
            {
                "name":"세대수",
                "type":"integer"
            },
            {
                "name":"입주년차",
                "type":"string"
            },
            {
                "name":"용적률점수",
                "type":"string"
            },
            {
                "name":"건폐율점수",
                "type":"string"
            },
            {
                "name":"세대당주차수",
                "type":"string"
            },
            {
                "name":"난방방식",
                "type":"string"
            },
            {
                "name":"공급면적",
                "type":"string"
            },
            {
                "name":"전용률",
                "type":"string"
            },
            {
                "name":"욕실수",
                "type":"string"
            },
            {
                "name":"현관타입",
                "type":"string"
            },
            {
                "name":"주거총점",
                "type":"number"
            },
            {
                "name":"지역구공급총점",
                "type":"number"
            },
            {
                "name":"역세권",
                "type":"string"
            },
            {
                "name":"30분내 이동가능 거점",
                "type":"string"
            },
            {
                "name":"1시간내 이동가능 거점",
                "type":"string"
            },
            {
                "name":"교통총점",
                "type":"string"
            },
            {
                "name":"백화점",
                "type":"integer"
            },
            {
                "name":"아울렛몰",
                "type":"integer"
            },
            {
                "name":"대형마트",
                "type":"integer"
            },
            {
                "name":"은행",
                "type":"integer"
            },
            {
                "name":"병원",
                "type":"integer"
            },
            {
                "name":"종합병원",
                "type":"integer"
            },
            {
                "name":"공원",
                "type":"integer"
            },
            {
                "name":"혐오시설",
                "type":"integer"
            },
            {
                "name":"인프라총점",
                "type":"number"
            },
            {
                "name":"초등학군",
                "type":"number"
            },
            {
                "name":"중학군",
                "type":"number"
            },
            {
                "name":"학군총점",
                "type":"number"
            },
            {
                "name":"인구수",
                "type":"number"
            },
            {
                "name":"인구증감",
                "type":"number"
            },
            {
                "name":"인구총점",
                "type":"number"
            },
            {
                "name":"일자리",
                "type":"number"
            },
            {
                "name":"소득수준",
                "type":"number"
            },
            {
                "name":"일자리총점",
                "type":"number"
            },
            {
                "name":"가치 총점",
                "type":"number"
            },
            {
                "name":"매매실거래년",
                "type":"string"
            },
            {
                "name":"매매실거래가",
                "type":"number"
            },
            {
                "name":"전세실거래년",
                "type":"number"
            },
            {
                "name":"전세실거래가",
                "type":"number"
            },
            {
                "name":"전세가율",
                "type":"number"
            },
            {
                "name":"장기전세가율평균",
                "type":"number"
            },
            {
                "name":"전세가율거품지수",
                "type":"number"
            },
            {
                "name":"검색코드",
                "type":"integer"
            },
            {
                "name":"세대수",
                "type":"number"
            },
            {
                "name":"준공년월",
                "type":"string"
            },
            {
                "name":"준공년차",
                "type":"number"
            },
            {
                "name":"가까운역이름",
                "type":"string"
            },
            {
                "name":"가까운역거리",
                "type":"string"
            },
            {
                "name":"역세권여부",
                "type":"string"
            },
            {
                "name":"30분이내주요거점역",
                "type":"string"
            },
            {
                "name":"1시간이내주요거점역",
                "type":"string"
            },
            {
                "name":"3km이내백화점수",
                "type":"integer"
            },
            {
                "name":"5km이내아울렛몰수",
                "type":"integer"
            },
            {
                "name":"1km이내대형먀트수",
                "type":"integer"
            },
            {
                "name":"500m이내은행수",
                "type":"integer"
            },
            {
                "name":"500m이내병원수",
                "type":"integer"
            },
            {
                "name":"5km이내대형병원수",
                "type":"integer"
            },
            {
                "name":"500m이내공원수",
                "type":"integer"
            },
            {
                "name":"3km이내혐오시설수",
                "type":"integer"
            },
            {
                "name":"초등학교학업성취도",
                "type":"number"
            },
            {
                "name":"중학교학업성취도",
                "type":"number"
            },
            {
                "name":"용적률",
                "type":"integer"
            },
            {
                "name":"건폐율",
                "type":"integer"
            },
            {
                "name":"Y",
                "type":"number"
            },
            {
                "name":"X",
                "type":"number"
            },
            {
                "name":"rank",
                "type":"number"
            },
            {
                "name":"area_info",
                "type":"string"
            },
            {
                "name":"last_sales",
                "type":"string"
            }
        ],
        "primaryKey":[
            "index"
        ],
        "pandas_version":"1.4.0"
    },
    "data":[
        {
            "index":325,
            "아파트명":"은아",
            "투자타입":"재건축",
            "전용면적(m2)":"68.79",
            "전용면적(평)":"20평",
            "법정동주소":"경상남도 창원시 성산구 신월동 93",
            "도로명주소":"경상남도 창원시 성산구 원이대로 663",
            "세대수":100,
            "입주년차":"--",
            "용적률점수":100,
            "건폐율점수":80,
            "세대당주차수":"--",
            "난방방식":"--",
            "공급면적":50,
            "전용률":80,
            "욕실수":"--",
            "현관타입":"--",
            "주거총점":92.5,
            "지역구공급총점":0.0,
            "역세권":"NA",
            "30분내 이동가능 거점":"NA",
            "1시간내 이동가능 거점":"NA",
            "교통총점":"NA",
            "백화점":100,
            "아울렛몰":0,
            "대형마트":100,
            "은행":70,
            "병원":80,
            "종합병원":100,
            "공원":0,
            "혐오시설":0,
            "인프라총점":80.0,
            "초등학군":88.43,
            "중학군":48.16,
            "학군총점":56.214,
            "인구수":26.59,
            "인구증감":100.0,
            "인구총점":48.613,
            "일자리":12.9,
            "소득수준":67.86,
            "일자리총점":29.388,
            "가치 총점":78.4285,
            "매매실거래년":20201026.0,
            "매매실거래가":90000.0,
            "전세실거래년":null,
            "전세실거래가":null,
            "전세가율":null,
            "장기전세가율평균":68.76,
            "전세가율거품지수":null,
            "검색코드":7847,
            "세대수":1550.0,
            "준공년월":"1988-07-21",
            "준공년차":35.0,
            "가까운역이름":"NA",
            "가까운역거리":"NA",
            "역세권여부":"NA",
            "30분이내주요거점역":"NA",
            "1시간이내주요거점역":"NA",
            "3km이내백화점수":1,
            "5km이내아울렛몰수":0,
            "1km이내대형먀트수":2,
            "500m이내은행수":3,
            "500m이내병원수":58,
            "5km이내대형병원수":4,
            "500m이내공원수":0,
            "3km이내혐오시설수":0,
            "초등학교학업성취도":88.43,
            "중학교학업성취도":78.4,
            "용적률":132,
            "건폐율":27,
            "Y":35.225148,
            "X":128.687286,
            "rank":1.0,
            "area_info":"20평(68.79), 21평(70.25), 25평(84.86), 27평(90.96), 29평(96.73), 29평(96.61), 38평(125.97), 45평(150.18), 57평(189.11)",
            "last_sales":"2020-10-26,90000.0,57평(189.11)"
        },
        {
            "index":409,
            "아파트명":"용지아이파크",
            "투자타입":"일반",
            "전용면적(m2)":"85.28",
            "전용면적(평)":"25평",
            "법정동주소":"경상남도 창원시 성산구 용호동 70",
            "도로명주소":"경상남도 창원시 성산구 원이대로579번길 13",
            "세대수":90,
            "입주년차":80,
            "용적률점수":"--",
            "건폐율점수":"--",
            "세대당주차수":60,
            "난방방식":30,
            "공급면적":"--",
            "전용률":"--",
            "욕실수":100,
            "현관타입":100,
            "주거총점":79.5,
            "지역구공급총점":0.0,
            "역세권":"NA",
            "30분내 이동가능 거점":"NA",
            "1시간내 이동가능 거점":"NA",
            "교통총점":"NA",
            "백화점":100,
            "아울렛몰":0,
            "대형마트":100,
            "은행":100,
            "병원":80,
            "종합병원":100,
            "공원":100,
            "혐오시설":0,
            "인프라총점":86.0,
            "초등학군":93.22,
            "중학군":56.4,
            "학군총점":63.764,
            "인구수":26.59,
            "인구증감":100.0,
            "인구총점":48.613,
            "일자리":12.9,
            "소득수준":67.86,
            "일자리총점":29.388,
            "가치 총점":78.166,
            "매매실거래년":20210904.0,
            "매매실거래가":155500.0,
            "전세실거래년":20210512.0,
            "전세실거래가":55000.0,
            "전세가율":81.48,
            "장기전세가율평균":68.76,
            "전세가율거품지수":-12.72,
            "검색코드":109465,
            "세대수":1036.0,
            "준공년월":"2017-06-29",
            "준공년차":6.0,
            "가까운역이름":"NA",
            "가까운역거리":"NA",
            "역세권여부":"NA",
            "30분이내주요거점역":"NA",
            "1시간이내주요거점역":"NA",
            "3km이내백화점수":1,
            "5km이내아울렛몰수":0,
            "1km이내대형먀트수":3,
            "500m이내은행수":5,
            "500m이내병원수":42,
            "5km이내대형병원수":4,
            "500m이내공원수":3,
            "3km이내혐오시설수":0,
            "초등학교학업성취도":93.22,
            "중학교학업성취도":91.2,
            "용적률":209,
            "건폐율":12,
            "Y":35.230528,
            "X":128.678886,
            "rank":2.0,
            "area_info":"25평(85.28), 34평(113.9), 34평(113.61), 39평(130.04), 43평(144.67), 47평(157.94)",
            "last_sales":"2021-09-04,155500.0,43평(144.67)"
        },
        {
            "index":406,
            "아파트명":"용지무학",
            "투자타입":"재건축",
            "전용면적(m2)":"60.44",
            "전용면적(평)":"18평",
            "법정동주소":"경상남도 창원시 성산구 용호동 67-2",
            "도로명주소":"경상남도 창원시 성산구 외동반림로 200",
            "세대수":90,
            "입주년차":"--",
            "용적률점수":100,
            "건폐율점수":80,
            "세대당주차수":"--",
            "난방방식":"--",
            "공급면적":50,
            "전용률":80,
            "욕실수":"--",
            "현관타입":"--",
            "주거총점":89.5,
            "지역구공급총점":0.0,
            "역세권":"NA",
            "30분내 이동가능 거점":"NA",
            "1시간내 이동가능 거점":"NA",
            "교통총점":"NA",
            "백화점":100,
            "아울렛몰":0,
            "대형마트":100,
            "은행":0,
            "병원":10,
            "종합병원":100,
            "공원":80,
            "혐오시설":0,
            "인프라총점":68.4,
            "초등학군":93.22,
            "중학군":56.4,
            "학군총점":63.764,
            "인구수":26.59,
            "인구증감":100.0,
            "인구총점":48.613,
            "일자리":12.9,
            "소득수준":67.86,
            "일자리총점":29.388,
            "가치 총점":74.626,
            "매매실거래년":20211109.0,
            "매매실거래가":47000.0,
            "전세실거래년":20220107.0,
            "전세실거래가":8700.0,
            "전세가율":26.36,
            "장기전세가율평균":68.76,
            "전세가율거품지수":42.4,
            "검색코드":16836,
            "세대수":1040.0,
            "준공년월":"1987-10-31",
            "준공년차":36.0,
            "가까운역이름":"NA",
            "가까운역거리":"NA",
            "역세권여부":"NA",
            "30분이내주요거점역":"NA",
            "1시간이내주요거점역":"NA",
            "3km이내백화점수":1,
            "5km이내아울렛몰수":0,
            "1km이내대형먀트수":2,
            "500m이내은행수":1,
            "500m이내병원수":2,
            "5km이내대형병원수":4,
            "500m이내공원수":1,
            "3km이내혐오시설수":0,
            "초등학교학업성취도":93.22,
            "중학교학업성취도":91.2,
            "용적률":132,
            "건폐율":26,
            "Y":35.235,
            "X":128.677777,
            "rank":3.0,
            "area_info":"18평(60.44), 18평(60.29), 20평(66.86)",
            "last_sales":"2021-11-09,47000.0,20평(66.86)"
        },
        {
            "index":276,
            "아파트명":"대우",
            "투자타입":"재건축",
            "전용면적(m2)":"44.35",
            "전용면적(평)":"13평",
            "법정동주소":"경상남도 창원시 성산구 상남동 63",
            "도로명주소":"경상남도 창원시 성산구 상남로 48",
            "세대수":50,
            "입주년차":"--",
            "용적률점수":100,
            "건폐율점수":80,
            "세대당주차수":"--",
            "난방방식":"--",
            "공급면적":50,
            "전용률":80,
            "욕실수":"--",
            "현관타입":"--",
            "주거총점":77.5,
            "지역구공급총점":0.0,
            "역세권":"NA",
            "30분내 이동가능 거점":"NA",
            "1시간내 이동가능 거점":"NA",
            "교통총점":"NA",
            "백화점":100,
            "아울렛몰":0,
            "대형마트":100,
            "은행":100,
            "병원":60,
            "종합병원":100,
            "공원":80,
            "혐오시설":0,
            "인프라총점":83.4,
            "초등학군":86.49,
            "중학군":48.94,
            "학군총점":56.45,
            "인구수":26.59,
            "인구증감":100.0,
            "인구총점":48.613,
            "일자리":12.9,
            "소득수준":67.86,
            "일자리총점":29.388,
            "가치 총점":74.5975,
            "매매실거래년":20211126.0,
            "매매실거래가":53000.0,
            "전세실거래년":20211006.0,
            "전세실거래가":4000.0,
            "전세가율":11.94,
            "장기전세가율평균":68.76,
            "전세가율거품지수":56.82,
            "검색코드":7789,
            "세대수":680.0,
            "준공년월":"1985-12-26",
            "준공년차":38.0,
            "가까운역이름":"NA",
            "가까운역거리":"NA",
            "역세권여부":"NA",
            "30분이내주요거점역":"NA",
            "1시간이내주요거점역":"NA",
            "3km이내백화점수":1,
            "5km이내아울렛몰수":0,
            "1km이내대형먀트수":2,
            "500m이내은행수":10,
            "500m이내병원수":24,
            "5km이내대형병원수":4,
            "500m이내공원수":1,
            "3km이내혐오시설수":0,
            "초등학교학업성취도":86.49,
            "중학교학업성취도":80.1,
            "용적률":133,
            "건폐율":27,
            "Y":35.217924,
            "X":128.679877,
            "rank":4.0,
            "area_info":"13평(44.35), 15평(51.53), 17평(56.8), 17평(59.03), 20평(66.74), 24평(82.61), 39평(130.0)",
            "last_sales":"2021-11-26,53000.0,20평(66.74)"
        },
        {
            "index":91,
            "아파트명":"우성",
            "투자타입":"재건축",
            "전용면적(m2)":"83.38",
            "전용면적(평)":"25평",
            "법정동주소":"경상남도 창원시 성산구 남양동 17",
            "도로명주소":"경상남도 창원시 성산구 대암로 22",
            "세대수":80,
            "입주년차":"--",
            "용적률점수":80,
            "건폐율점수":100,
            "세대당주차수":"--",
            "난방방식":"--",
            "공급면적":70,
            "전용률":80,
            "욕실수":"--",
            "현관타입":"--",
            "주거총점":83.5,
            "지역구공급총점":0.0,
            "역세권":"NA",
            "30분내 이동가능 거점":"NA",
            "1시간내 이동가능 거점":"NA",
            "교통총점":"NA",
            "백화점":100,
            "아울렛몰":0,
            "대형마트":100,
            "은행":0,
            "병원":60,
            "종합병원":100,
            "공원":100,
            "혐오시설":0,
            "인프라총점":74.0,
            "초등학군":86.01,
            "중학군":45.28,
            "학군총점":53.426,
            "인구수":26.59,
            "인구증감":100.0,
            "인구총점":48.613,
            "일자리":12.9,
            "소득수준":67.86,
            "일자리총점":29.388,
            "가치 총점":72.1815,
            "매매실거래년":20211209.0,
            "매매실거래가":39900.0,
            "전세실거래년":20211116.0,
            "전세실거래가":15000.0,
            "전세가율":61.73,
            "장기전세가율평균":68.76,
            "전세가율거품지수":7.03,
            "검색코드":7646,
            "세대수":750.0,
            "준공년월":"1989-12-22",
            "준공년차":34.0,
            "가까운역이름":"NA",
            "가까운역거리":"NA",
            "역세권여부":"NA",
            "30분이내주요거점역":"NA",
            "1시간이내주요거점역":"NA",
            "3km이내백화점수":1,
            "5km이내아울렛몰수":0,
            "1km이내대형먀트수":3,
            "500m이내은행수":1,
            "500m이내병원수":15,
            "5km이내대형병원수":3,
            "500m이내공원수":3,
            "3km이내혐오시설수":0,
            "초등학교학업성취도":86.01,
            "중학교학업성취도":75.2,
            "용적률":179,
            "건폐율":14,
            "Y":35.213208,
            "X":128.699135,
            "rank":5.0,
            "area_info":"25평(83.38), 26평(88.98), 30평(99.77)",
            "last_sales":"2021-12-09,39900.0,30평(99.77)"
        },
        {
            "index":226,
            "아파트명":"현대2차",
            "투자타입":"재건축",
            "전용면적(m2)":"57.38",
            "전용면적(평)":"17평",
            "법정동주소":"경상남도 창원시 성산구 반림동 4-1",
            "도로명주소":"경상남도 창원시 성산구 반송로 177",
            "세대수":90,
            "입주년차":"--",
            "용적률점수":60,
            "건폐율점수":100,
            "세대당주차수":"--",
            "난방방식":"--",
            "공급면적":50,
            "전용률":60,
            "욕실수":"--",
            "현관타입":"--",
            "주거총점":76.5,
            "지역구공급총점":0.0,
            "역세권":"NA",
            "30분내 이동가능 거점":"NA",
            "1시간내 이동가능 거점":"NA",
            "교통총점":"NA",
            "백화점":100,
            "아울렛몰":0,
            "대형마트":80,
            "은행":20,
            "병원":60,
            "종합병원":100,
            "공원":80,
            "혐오시설":0,
            "인프라총점":72.4,
            "초등학군":93.22,
            "중학군":56.4,
            "학군총점":63.764,
            "인구수":26.59,
            "인구증감":100.0,
            "인구총점":48.613,
            "일자리":12.9,
            "소득수준":67.86,
            "일자리총점":29.388,
            "가치 총점":71.676,
            "매매실거래년":20220114.0,
            "매매실거래가":22800.0,
            "전세실거래년":20211216.0,
            "전세실거래가":16000.0,
            "전세가율":70.18,
            "장기전세가율평균":68.76,
            "전세가율거품지수":-1.42,
            "검색코드":100902,
            "세대수":1395.0,
            "준공년월":"1989-10-17",
            "준공년차":34.0,
            "가까운역이름":"NA",
            "가까운역거리":"NA",
            "역세권여부":"NA",
            "30분이내주요거점역":"NA",
            "1시간이내주요거점역":"NA",
            "3km이내백화점수":1,
            "5km이내아울렛몰수":0,
            "1km이내대형먀트수":1,
            "500m이내은행수":2,
            "500m이내병원수":14,
            "5km이내대형병원수":3,
            "500m이내공원수":1,
            "3km이내혐오시설수":0,
            "초등학교학업성취도":93.22,
            "중학교학업성취도":91.2,
            "용적률":199,
            "건폐율":14,
            "Y":35.237196,
            "X":128.675093,
            "rank":6.0,
            "area_info":"17평(57.38), 26평(86.04), 30평(101.92), 46평(153.24)",
            "last_sales":"2022-01-14,22800.0,17평(57.38)"
        },
        {
            "index":251,
            "아파트명":"동양무궁화",
            "투자타입":"재건축",
            "전용면적(m2)":"61.05",
            "전용면적(평)":"18평",
            "법정동주소":"경상남도 창원시 성산구 사파동 148",
            "도로명주소":"경상남도 창원시 성산구 동산로 148",
            "세대수":80,
            "입주년차":"--",
            "용적률점수":100,
            "건폐율점수":80,
            "세대당주차수":"--",
            "난방방식":"--",
            "공급면적":50,
            "전용률":80,
            "욕실수":"--",
            "현관타입":"--",
            "주거총점":86.5,
            "지역구공급총점":0.0,
            "역세권":"NA",
            "30분내 이동가능 거점":"NA",
            "1시간내 이동가능 거점":"NA",
            "교통총점":"NA",
            "백화점":100,
            "아울렛몰":0,
            "대형마트":0,
            "은행":70,
            "병원":80,
            "종합병원":100,
            "공원":80,
            "혐오시설":0,
            "인프라총점":67.4,
            "초등학군":88.43,
            "중학군":48.16,
            "학군총점":56.214,
            "인구수":26.59,
            "인구증감":100.0,
            "인구총점":48.613,
            "일자리":12.9,
            "소득수준":67.86,
            "일자리총점":29.388,
            "가치 총점":71.2885,
            "매매실거래년":20211115.0,
            "매매실거래가":43000.0,
            "전세실거래년":20220113.0,
            "전세실거래가":10500.0,
            "전세가율":30.88,
            "장기전세가율평균":68.76,
            "전세가율거품지수":37.88,
            "검색코드":7781,
            "세대수":770.0,
            "준공년월":"1988-02-05",
            "준공년차":35.0,
            "가까운역이름":"NA",
            "가까운역거리":"NA",
            "역세권여부":"NA",
            "30분이내주요거점역":"NA",
            "1시간이내주요거점역":"NA",
            "3km이내백화점수":1,
            "5km이내아울렛몰수":0,
            "1km이내대형먀트수":0,
            "500m이내은행수":3,
            "500m이내병원수":32,
            "5km이내대형병원수":4,
            "500m이내공원수":1,
            "3km이내혐오시설수":0,
            "초등학교학업성취도":88.43,
            "중학교학업성취도":78.4,
            "용적률":142,
            "건폐율":28,
            "Y":35.220553,
            "X":128.693179,
            "rank":7.0,
            "area_info":"18평(61.05), 20평(68.38), 21평(70.75)",
            "last_sales":"2021-11-15,43000.0,21평(70.75)"
        },
        {
            "index":401,
            "아파트명":"용지더샵레이크파크",
            "투자타입":"일반",
            "전용면적(m2)":"85.88",
            "전용면적(평)":"25평",
            "법정동주소":"경상남도 창원시 성산구 용호동 69",
            "도로명주소":"경상남도 창원시 성산구 외동반림로 156",
            "세대수":80,
            "입주년차":80,
            "용적률점수":"--",
            "건폐율점수":"--",
            "세대당주차수":60,
            "난방방식":30,
            "공급면적":"--",
            "전용률":"--",
            "욕실수":100,
            "현관타입":100,
            "주거총점":76.0,
            "지역구공급총점":0.0,
            "역세권":"NA",
            "30분내 이동가능 거점":"NA",
            "1시간내 이동가능 거점":"NA",
            "교통총점":"NA",
            "백화점":100,
            "아울렛몰":0,
            "대형마트":100,
            "은행":0,
            "병원":30,
            "종합병원":100,
            "공원":100,
            "혐오시설":0,
            "인프라총점":71.0,
            "초등학군":93.22,
            "중학군":56.4,
            "학군총점":63.764,
            "인구수":26.59,
            "인구증감":100.0,
            "인구총점":48.613,
            "일자리":12.9,
            "소득수준":67.86,
            "일자리총점":29.388,
            "가치 총점":70.941,
            "매매실거래년":20211227.0,
            "매매실거래가":142500.0,
            "전세실거래년":20211116.0,
            "전세실거래가":38000.0,
            "전세가율":47.5,
            "장기전세가율평균":68.76,
            "전세가율거품지수":21.26,
            "검색코드":112307,
            "세대수":883.0,
            "준공년월":"2017-11-17",
            "준공년차":6.0,
            "가까운역이름":"NA",
            "가까운역거리":"NA",
            "역세권여부":"NA",
            "30분이내주요거점역":"NA",
            "1시간이내주요거점역":"NA",
            "3km이내백화점수":1,
            "5km이내아울렛몰수":0,
            "1km이내대형먀트수":3,
            "500m이내은행수":1,
            "500m이내병원수":7,
            "5km이내대형병원수":4,
            "500m이내공원수":2,
            "3km이내혐오시설수":0,
            "초등학교학업성취도":93.22,
            "중학교학업성취도":91.2,
            "용적률":210,
            "건폐율":13,
            "Y":35.23205,
            "X":128.675036,
            "rank":8.0,
            "area_info":"25평(85.88), 34평(112.74), 34평(113.71), 39평(130.18), 44평(147.36)",
            "last_sales":"2021-12-27,142500.0,39평(130.18)"
        },
        {
            "index":129,
            "아파트명":"대방개나리1차",
            "투자타입":"재건축",
            "전용면적(m2)":"57.05",
            "전용면적(평)":"17평",
            "법정동주소":"경상남도 창원시 성산구 대방동 357",
            "도로명주소":"경상남도 창원시 성산구 대정로 145",
            "세대수":90,
            "입주년차":"--",
            "용적률점수":60,
            "건폐율점수":100,
            "세대당주차수":"--",
            "난방방식":"--",
            "공급면적":50,
            "전용률":60,
            "욕실수":"--",
            "현관타입":"--",
            "주거총점":76.5,
            "지역구공급총점":0.0,
            "역세권":"NA",
            "30분내 이동가능 거점":"NA",
            "1시간내 이동가능 거점":"NA",
            "교통총점":"NA",
            "백화점":100,
            "아울렛몰":0,
            "대형마트":100,
            "은행":0,
            "병원":60,
            "종합병원":100,
            "공원":100,
            "혐오시설":0,
            "인프라총점":74.0,
            "초등학군":85.84,
            "중학군":51.24,
            "학군총점":58.16,
            "인구수":26.59,
            "인구증감":100.0,
            "인구총점":48.613,
            "일자리":12.9,
            "소득수준":67.86,
            "일자리총점":29.388,
            "가치 총점":70.915,
            "매매실거래년":20211227.0,
            "매매실거래가":14900.0,
            "전세실거래년":20220116.0,
            "전세실거래가":13000.0,
            "전세가율":87.25,
            "장기전세가율평균":68.76,
            "전세가율거품지수":-18.49,
            "검색코드":7692,
            "세대수":1005.0,
            "준공년월":"1992-09-17",
            "준공년차":31.0,
            "가까운역이름":"NA",
            "가까운역거리":"NA",
            "역세권여부":"NA",
            "30분이내주요거점역":"NA",
            "1시간이내주요거점역":"NA",
            "3km이내백화점수":1,
            "5km이내아울렛몰수":0,
            "1km이내대형먀트수":3,
            "500m이내은행수":1,
            "500m이내병원수":10,
            "5km이내대형병원수":3,
            "500m이내공원수":2,
            "3km이내혐오시설수":0,
            "초등학교학업성취도":85.84,
            "중학교학업성취도":84.6,
            "용적률":187,
            "건폐율":15,
            "Y":35.213388,
            "X":128.708594,
            "rank":9.0,
            "area_info":"17평(57.05), 20평(68.19)",
            "last_sales":"2021-12-27,14900.0,17평(57.05)"
        },
        {
            "index":206,
            "아파트명":"트리비앙",
            "투자타입":"일반",
            "전용면적(m2)":"85.11",
            "전용면적(평)":"25평",
            "법정동주소":"경상남도 창원시 성산구 반림동 18",
            "도로명주소":"경상남도 창원시 성산구 원이대로 495",
            "세대수":100,
            "입주년차":40,
            "용적률점수":"--",
            "건폐율점수":"--",
            "세대당주차수":30,
            "난방방식":30,
            "공급면적":"--",
            "전용률":"--",
            "욕실수":100,
            "현관타입":100,
            "주거총점":70.5,
            "지역구공급총점":0.0,
            "역세권":"NA",
            "30분내 이동가능 거점":"NA",
            "1시간내 이동가능 거점":"NA",
            "교통총점":"NA",
            "백화점":100,
            "아울렛몰":0,
            "대형마트":80,
            "은행":20,
            "병원":60,
            "종합병원":100,
            "공원":80,
            "혐오시설":0,
            "인프라총점":72.4,
            "초등학군":93.22,
            "중학군":56.4,
            "학군총점":63.764,
            "인구수":26.59,
            "인구증감":100.0,
            "인구총점":48.613,
            "일자리":12.9,
            "소득수준":67.86,
            "일자리총점":29.388,
            "가치 총점":69.576,
            "매매실거래년":20211230.0,
            "매매실거래가":49000.0,
            "전세실거래년":20220103.0,
            "전세실거래가":40000.0,
            "전세가율":81.63,
            "장기전세가율평균":68.76,
            "전세가율거품지수":-12.87,
            "검색코드":19740,
            "세대수":2610.0,
            "준공년월":"2006-10-20",
            "준공년차":17.0,
            "가까운역이름":"NA",
            "가까운역거리":"NA",
            "역세권여부":"NA",
            "30분이내주요거점역":"NA",
            "1시간이내주요거점역":"NA",
            "3km이내백화점수":1,
            "5km이내아울렛몰수":0,
            "1km이내대형먀트수":1,
            "500m이내은행수":2,
            "500m이내병원수":18,
            "5km이내대형병원수":3,
            "500m이내공원수":1,
            "3km이내혐오시설수":0,
            "초등학교학업성취도":93.22,
            "중학교학업성취도":91.2,
            "용적률":254,
            "건폐율":17,
            "Y":35.234602,
            "X":128.672309,
            "rank":10.0,
            "area_info":"25평(85.11), 27평(89.29), 29평(98.92), 31평(102.98), 30평(102.2), 30평(102.45), 34평(113.84), 34평(113.93), 34평(113.74), 39평(131.7), 49평(164.16), 49평(164.1), 56평(188.01)",
            "last_sales":"2021-12-30,49000.0,25평(85.11)"
        },
        {
            "index":219,
            "아파트명":"현대",
            "투자타입":"재건축",
            "전용면적(m2)":"84.32",
            "전용면적(평)":"25평",
            "법정동주소":"경상남도 창원시 성산구 반림동 3-1",
            "도로명주소":"경상남도 창원시 성산구 외동반림로 219",
            "세대수":90,
            "입주년차":"--",
            "용적률점수":60,
            "건폐율점수":100,
            "세대당주차수":"--",
            "난방방식":"--",
            "공급면적":70,
            "전용률":80,
            "욕실수":"--",
            "현관타입":"--",
            "주거총점":78.5,
            "지역구공급총점":0.0,
            "역세권":"NA",
            "30분내 이동가능 거점":"NA",
            "1시간내 이동가능 거점":"NA",
            "교통총점":"NA",
            "백화점":100,
            "아울렛몰":0,
            "대형마트":80,
            "은행":0,
            "병원":30,
            "종합병원":100,
            "공원":80,
            "혐오시설":0,
            "인프라총점":67.4,
            "초등학군":88.47,
            "중학군":52.58,
            "학군총점":59.758,
            "인구수":26.59,
            "인구증감":100.0,
            "인구총점":48.613,
            "일자리":12.9,
            "소득수준":67.86,
            "일자리총점":29.388,
            "가치 총점":69.3745,
            "매매실거래년":20211220.0,
            "매매실거래가":33000.0,
            "전세실거래년":20220103.0,
            "전세실거래가":15000.0,
            "전세가율":45.45,
            "장기전세가율평균":68.76,
            "전세가율거품지수":23.31,
            "검색코드":7743,
            "세대수":1200.0,
            "준공년월":"1989-04-28",
            "준공년차":34.0,
            "가까운역이름":"NA",
            "가까운역거리":"NA",
            "역세권여부":"NA",
            "30분이내주요거점역":"NA",
            "1시간이내주요거점역":"NA",
            "3km이내백화점수":1,
            "5km이내아울렛몰수":0,
            "1km이내대형먀트수":1,
            "500m이내은행수":1,
            "500m이내병원수":7,
            "5km이내대형병원수":3,
            "500m이내공원수":1,
            "3km이내혐오시설수":0,
            "초등학교학업성취도":88.47,
            "중학교학업성취도":84.5,
            "용적률":182,
            "건폐율":13,
            "Y":35.238135,
            "X":128.676518,
            "rank":11.0,
            "area_info":"25평(84.32), 25평(85.77), 31평(102.79), 30평(102.4), 37평(124.39), 44평(145.46), 44평(147.69)",
            "last_sales":"2021-12-20,33000.0,25평(84.32)"
        },
        {
            "index":394,
            "아파트명":"롯데맨션2단지",
            "투자타입":"재건축",
            "전용면적(m2)":"60.62",
            "전용면적(평)":"18평",
            "법정동주소":"경상남도 창원시 성산구 용호동 62",
            "도로명주소":"경상남도 창원시 성산구 용지로239번길 19-30",
            "세대수":30,
            "입주년차":"--",
            "용적률점수":100,
            "건폐율점수":80,
            "세대당주차수":"--",
            "난방방식":"--",
            "공급면적":50,
            "전용률":100,
            "욕실수":"--",
            "현관타입":"--",
            "주거총점":72.5,
            "지역구공급총점":0.0,
            "역세권":"NA",
            "30분내 이동가능 거점":"NA",
            "1시간내 이동가능 거점":"NA",
            "교통총점":"NA",
            "백화점":100,
            "아울렛몰":0,
            "대형마트":100,
            "은행":20,
            "병원":10,
            "종합병원":100,
            "공원":100,
            "혐오시설":0,
            "인프라총점":71.0,
            "초등학군":88.47,
            "중학군":52.58,
            "학군총점":59.758,
            "인구수":26.59,
            "인구증감":100.0,
            "인구총점":48.613,
            "일자리":12.9,
            "소득수준":67.86,
            "일자리총점":29.388,
            "가치 총점":68.7145,
            "매매실거래년":20210902.0,
            "매매실거래가":128000.0,
            "전세실거래년":20211127.0,
            "전세실거래가":17000.0,
            "전세가율":33.66,
            "장기전세가율평균":68.76,
            "전세가율거품지수":35.1,
            "검색코드":141629,
            "세대수":320.0,
            "준공년월":"1988-09-02",
            "준공년차":35.0,
            "가까운역이름":"NA",
            "가까운역거리":"NA",
            "역세권여부":"NA",
            "30분이내주요거점역":"NA",
            "1시간이내주요거점역":"NA",
            "3km이내백화점수":1,
            "5km이내아울렛몰수":0,
            "1km이내대형먀트수":2,
            "500m이내은행수":2,
            "500m이내병원수":2,
            "5km이내대형병원수":4,
            "500m이내공원수":2,
            "3km이내혐오시설수":0,
            "초등학교학업성취도":88.47,
            "중학교학업성취도":84.5,
            "용적률":115,
            "건폐율":23,
            "Y":35.235164,
            "X":128.682431,
            "rank":12.0,
            "area_info":"18평(60.62), 22평(75.22), 26평(86.42), 34평(113.82), 36평(120.12), 45평(148.86), 58평(194.01)",
            "last_sales":"2021-09-02,128000.0,45평(148.86)"
        },
        {
            "index":178,
            "아파트명":"노블파크",
            "투자타입":"일반",
            "전용면적(m2)":"69.82",
            "전용면적(평)":"21평",
            "법정동주소":"경상남도 창원시 성산구 반림동 10",
            "도로명주소":"경상남도 창원시 성산구 원이대로 449",
            "세대수":100,
            "입주년차":40,
            "용적률점수":"--",
            "건폐율점수":"--",
            "세대당주차수":30,
            "난방방식":30,
            "공급면적":"--",
            "전용률":"--",
            "욕실수":50,
            "현관타입":100,
            "주거총점":65.5,
            "지역구공급총점":0.0,
            "역세권":"NA",
            "30분내 이동가능 거점":"NA",
            "1시간내 이동가능 거점":"NA",
            "교통총점":"NA",
            "백화점":100,
            "아울렛몰":0,
            "대형마트":80,
            "은행":0,
            "병원":60,
            "종합병원":100,
            "공원":80,
            "혐오시설":0,
            "인프라총점":70.4,
            "초등학군":90.77,
            "중학군":56.4,
            "학군총점":63.274,
            "인구수":26.59,
            "인구증감":100.0,
            "인구총점":48.613,
            "일자리":12.9,
            "소득수준":67.86,
            "일자리총점":29.388,
            "가치 총점":66.9035,
            "매매실거래년":20211023.0,
            "매매실거래가":85000.0,
            "전세실거래년":20211123.0,
            "전세실거래가":21000.0,
            "전세가율":63.64,
            "장기전세가율평균":68.76,
            "전세가율거품지수":5.12,
            "검색코드":25168,
            "세대수":2699.0,
            "준공년월":"2007-12-27",
            "준공년차":16.0,
            "가까운역이름":"NA",
            "가까운역거리":"NA",
            "역세권여부":"NA",
            "30분이내주요거점역":"NA",
            "1시간이내주요거점역":"NA",
            "3km이내백화점수":1,
            "5km이내아울렛몰수":0,
            "1km이내대형먀트수":1,
            "500m이내은행수":1,
            "500m이내병원수":17,
            "5km이내대형병원수":3,
            "500m이내공원수":1,
            "3km이내혐오시설수":0,
            "초등학교학업성취도":90.77,
            "중학교학업성취도":91.2,
            "용적률":254,
            "건폐율":18,
            "Y":35.236662,
            "X":128.667299,
            "rank":13.0,
            "area_info":"21평(69.82), 25평(84.01), 27평(90.28), 31평(102.73), 31평(102.92), 31평(103.03), 34평(113.67), 34평(113.71), 34평(113.67), 34평(113.71), 34평(113.71), 34평(113.72), 34평(113.72), 34평(113.69), 34평(113.69), 39평(131.07), 39평(131.07), 49평(163.73), 49평(163.57), 57평(191.17)",
            "last_sales":"2021-10-23,85000.0,57평(191.17)"
        },
        {
            "index":198,
            "아파트명":"반림럭키",
            "투자타입":"재건축",
            "전용면적(m2)":"66.47",
            "전용면적(평)":"20평",
            "법정동주소":"경상남도 창원시 성산구 반림동 8",
            "도로명주소":"경상남도 창원시 성산구 반송로 105",
            "세대수":100,
            "입주년차":"--",
            "용적률점수":20,
            "건폐율점수":100,
            "세대당주차수":"--",
            "난방방식":"--",
            "공급면적":50,
            "전용률":60,
            "욕실수":"--",
            "현관타입":"--",
            "주거총점":63.5,
            "지역구공급총점":0.0,
            "역세권":"NA",
            "30분내 이동가능 거점":"NA",
            "1시간내 이동가능 거점":"NA",
            "교통총점":"NA",
            "백화점":100,
            "아울렛몰":0,
            "대형마트":80,
            "은행":0,
            "병원":60,
            "종합병원":100,
            "공원":100,
            "혐오시설":0,
            "인프라총점":71.0,
            "초등학군":90.77,
            "중학군":56.4,
            "학군총점":63.274,
            "인구수":26.59,
            "인구증감":100.0,
            "인구총점":48.613,
            "일자리":12.9,
            "소득수준":67.86,
            "일자리총점":29.388,
            "가치 총점":66.4435,
            "매매실거래년":20211222.0,
            "매매실거래가":20500.0,
            "전세실거래년":20220105.0,
            "전세실거래가":10500.0,
            "전세가율":51.22,
            "장기전세가율평균":68.76,
            "전세가율거품지수":17.54,
            "검색코드":15778,
            "세대수":1620.0,
            "준공년월":"1989-01-26",
            "준공년차":34.0,
            "가까운역이름":"NA",
            "가까운역거리":"NA",
            "역세권여부":"NA",
            "30분이내주요거점역":"NA",
            "1시간이내주요거점역":"NA",
            "3km이내백화점수":1,
            "5km이내아울렛몰수":0,
            "1km이내대형먀트수":1,
            "500m이내은행수":1,
            "500m이내병원수":16,
            "5km이내대형병원수":3,
            "500m이내공원수":3,
            "3km이내혐오시설수":0,
            "초등학교학업성취도":90.77,
            "중학교학업성취도":91.2,
            "용적률":207,
            "건폐율":15,
            "Y":35.238983,
            "X":128.668252,
            "rank":14.0,
            "area_info":"20평(66.47), 24평(79.39), 28평(93.13), 28평(93.7), 28평(93.34), 31평(102.93), 31평(103.28), 31평(103.23)",
            "last_sales":"2021-12-22,20500.0,20평(66.47)"
        },
        {
            "index":29,
            "아파트명":"창원더샵센트럴파크2단지",
            "투자타입":"일반",
            "전용면적(m2)":"78.98",
            "전용면적(평)":"23평",
            "법정동주소":"경상남도 창원시 성산구 가음동 16",
            "도로명주소":"경상남도 창원시 성산구 원이대로863번길 19",
            "세대수":50,
            "입주년차":80,
            "용적률점수":"--",
            "건폐율점수":"--",
            "세대당주차수":60,
            "난방방식":30,
            "공급면적":"--",
            "전용률":"--",
            "욕실수":100,
            "현관타입":100,
            "주거총점":65.5,
            "지역구공급총점":0.0,
            "역세권":"NA",
            "30분내 이동가능 거점":"NA",
            "1시간내 이동가능 거점":"NA",
            "교통총점":"NA",
            "백화점":100,
            "아울렛몰":0,
            "대형마트":100,
            "은행":0,
            "병원":60,
            "종합병원":100,
            "공원":100,
            "혐오시설":0,
            "인프라총점":74.0,
            "초등학군":86.01,
            "중학군":47.44,
            "학군총점":55.154,
            "인구수":26.59,
            "인구증감":100.0,
            "인구총점":48.613,
            "일자리":12.9,
            "소득수준":67.86,
            "일자리총점":29.388,
            "가치 총점":66.3135,
            "매매실거래년":20211002.0,
            "매매실거래가":82000.0,
            "전세실거래년":20211009.0,
            "전세실거래가":45000.0,
            "전세가율":78.53,
            "장기전세가율평균":68.76,
            "전세가율거품지수":-9.77,
            "검색코드":109272,
            "세대수":624.0,
            "준공년월":"2017-04-26",
            "준공년차":6.0,
            "가까운역이름":"NA",
            "가까운역거리":"NA",
            "역세권여부":"NA",
            "30분이내주요거점역":"NA",
            "1시간이내주요거점역":"NA",
            "3km이내백화점수":1,
            "5km이내아울렛몰수":0,
            "1km이내대형먀트수":3,
            "500m이내은행수":1,
            "500m이내병원수":19,
            "5km이내대형병원수":3,
            "500m이내공원수":4,
            "3km이내혐오시설수":0,
            "초등학교학업성취도":86.01,
            "중학교학업성취도":78.0,
            "용적률":215,
            "건폐율":14,
            "Y":35.209074,
            "X":128.698756,
            "rank":15.0,
            "area_info":"23평(78.98), 24평(80.63), 33평(110.87), 33평(110.68), 33평(110.96), 39평(129.56)",
            "last_sales":"2021-10-02,82000.0,39평(129.56)"
        },
        {
            "index":262,
            "아파트명":"삼익2차",
            "투자타입":"재건축",
            "전용면적(m2)":"50.85",
            "전용면적(평)":"15평",
            "법정동주소":"경상남도 창원시 성산구 사파동 147",
            "도로명주소":"경상남도 창원시 성산구 원이대로773번길 13",
            "세대수":50,
            "입주년차":"--",
            "용적률점수":100,
            "건폐율점수":40,
            "세대당주차수":"--",
            "난방방식":"--",
            "공급면적":50,
            "전용률":80,
            "욕실수":"--",
            "현관타입":"--",
            "주거총점":69.5,
            "지역구공급총점":0.0,
            "역세권":"NA",
            "30분내 이동가능 거점":"NA",
            "1시간내 이동가능 거점":"NA",
            "교통총점":"NA",
            "백화점":100,
            "아울렛몰":0,
            "대형마트":0,
            "은행":70,
            "병원":80,
            "종합병원":100,
            "공원":100,
            "혐오시설":0,
            "인프라총점":68.0,
            "초등학군":88.63,
            "중학군":45.28,
            "학군총점":53.95,
            "인구수":26.59,
            "인구증감":100.0,
            "인구총점":48.613,
            "일자리":12.9,
            "소득수준":67.86,
            "일자리총점":29.388,
            "가치 총점":65.0125,
            "매매실거래년":20061023.0,
            "매매실거래가":36000.0,
            "전세실거래년":null,
            "전세실거래가":null,
            "전세가율":null,
            "장기전세가율평균":68.76,
            "전세가율거품지수":null,
            "검색코드":7786,
            "세대수":400.0,
            "준공년월":"1989-01-26",
            "준공년차":34.0,
            "가까운역이름":"NA",
            "가까운역거리":"NA",
            "역세권여부":"NA",
            "30분이내주요거점역":"NA",
            "1시간이내주요거점역":"NA",
            "3km이내백화점수":1,
            "5km이내아울렛몰수":0,
            "1km이내대형먀트수":0,
            "500m이내은행수":3,
            "500m이내병원수":30,
            "5km이내대형병원수":4,
            "500m이내공원수":2,
            "3km이내혐오시설수":0,
            "초등학교학업성취도":88.63,
            "중학교학업성취도":75.2,
            "용적률":123,
            "건폐율":36,
            "Y":35.218371,
            "X":128.694918,
            "rank":16.0,
            "area_info":"15평(50.85), 24평(79.45), 27평(91.32), 39평(129.48)",
            "last_sales":"2006-10-23,36000.0,39평(129.48)"
        },
        {
            "index":11,
            "아파트명":"은아",
            "투자타입":"재건축",
            "전용면적(m2)":"59.38",
            "전용면적(평)":"17평",
            "법정동주소":"경상남도 창원시 성산구 가음동 23-3",
            "도로명주소":"경상남도 창원시 성산구 원이대로883번길 6",
            "세대수":50,
            "입주년차":"--",
            "용적률점수":100,
            "건폐율점수":80,
            "세대당주차수":"--",
            "난방방식":"--",
            "공급면적":50,
            "전용률":80,
            "욕실수":"--",
            "현관타입":"--",
            "주거총점":77.5,
            "지역구공급총점":0.0,
            "역세권":"NA",
            "30분내 이동가능 거점":"NA",
            "1시간내 이동가능 거점":"NA",
            "교통총점":"NA",
            "백화점":100,
            "아울렛몰":0,
            "대형마트":0,
            "은행":0,
            "병원":60,
            "종합병원":100,
            "공원":100,
            "혐오시설":0,
            "인프라총점":59.0,
            "초등학군":86.63,
            "중학군":47.44,
            "학군총점":55.278,
            "인구수":26.59,
            "인구증감":100.0,
            "인구총점":48.613,
            "일자리":12.9,
            "소득수준":67.86,
            "일자리총점":29.388,
            "가치 총점":64.5445,
            "매매실거래년":20211206.0,
            "매매실거래가":29000.0,
            "전세실거래년":20211203.0,
            "전세실거래가":12000.0,
            "전세가율":41.38,
            "장기전세가율평균":68.76,
            "전세가율거품지수":27.38,
            "검색코드":16761,
            "세대수":500.0,
            "준공년월":"1987-12-14",
            "준공년차":36.0,
            "가까운역이름":"NA",
            "가까운역거리":"NA",
            "역세권여부":"NA",
            "30분이내주요거점역":"NA",
            "1시간이내주요거점역":"NA",
            "3km이내백화점수":1,
            "5km이내아울렛몰수":0,
            "1km이내대형먀트수":0,
            "500m이내은행수":1,
            "500m이내병원수":10,
            "5km이내대형병원수":3,
            "500m이내공원수":4,
            "3km이내혐오시설수":0,
            "초등학교학업성취도":86.63,
            "중학교학업성취도":78.0,
            "용적률":148,
            "건폐율":29,
            "Y":35.206979,
            "X":128.694513,
            "rank":17.0,
            "area_info":"17평(59.38), 17평(59.42)",
            "last_sales":"2021-12-06,29000.0,17평(59.38)"
        },
        {
            "index":40,
            "아파트명":"창원센텀푸르지오",
            "투자타입":"일반",
            "전용면적(m2)":"84.39",
            "전용면적(평)":"25평",
            "법정동주소":"경상남도 창원시 성산구 가음동 12",
            "도로명주소":"경상남도 창원시 성산구 가음정로 59",
            "세대수":90,
            "입주년차":80,
            "용적률점수":"--",
            "건폐율점수":"--",
            "세대당주차수":60,
            "난방방식":30,
            "공급면적":"--",
            "전용률":"--",
            "욕실수":100,
            "현관타입":100,
            "주거총점":79.5,
            "지역구공급총점":0.0,
            "역세권":"NA",
            "30분내 이동가능 거점":"NA",
            "1시간내 이동가능 거점":"NA",
            "교통총점":"NA",
            "백화점":100,
            "아울렛몰":0,
            "대형마트":0,
            "은행":0,
            "병원":0,
            "종합병원":100,
            "공원":100,
            "혐오시설":0,
            "인프라총점":53.0,
            "초등학군":90.39,
            "중학군":54.38,
            "학군총점":61.582,
            "인구수":26.59,
            "인구증감":100.0,
            "인구총점":48.613,
            "일자리":12.9,
            "소득수준":67.86,
            "일자리총점":29.388,
            "가치 총점":64.4205,
            "매매실거래년":20211211.0,
            "매매실거래가":61500.0,
            "전세실거래년":20211228.0,
            "전세실거래가":37000.0,
            "전세가율":60.16,
            "장기전세가율평균":68.76,
            "전세가율거품지수":8.6,
            "검색코드":118728,
            "세대수":975.0,
            "준공년월":"2018-01-11",
            "준공년차":5.0,
            "가까운역이름":"NA",
            "가까운역거리":"NA",
            "역세권여부":"NA",
            "30분이내주요거점역":"NA",
            "1시간이내주요거점역":"NA",
            "3km이내백화점수":1,
            "5km이내아울렛몰수":0,
            "1km이내대형먀트수":0,
            "500m이내은행수":0,
            "500m이내병원수":1,
            "5km이내대형병원수":3,
            "500m이내공원수":6,
            "3km이내혐오시설수":0,
            "초등학교학업성취도":90.39,
            "중학교학업성취도":88.7,
            "용적률":215,
            "건폐율":16,
            "Y":35.209084,
            "X":128.691054,
            "rank":18.0,
            "area_info":"25평(84.39), 29평(98.96), 33평(111.72), 33평(111.24), 33평(111.42), 39평(131.46)",
            "last_sales":"2021-12-11,61500.0,25평(84.39)"
        },
        {
            "index":77,
            "아파트명":"성원1차(그랜드타운남산)",
            "투자타입":"재건축",
            "전용면적(m2)":"95.67",
            "전용면적(평)":"28평",
            "법정동주소":"경상남도 창원시 성산구 남양동 20",
            "도로명주소":"경상남도 창원시 성산구 대정로 73",
            "세대수":90,
            "입주년차":"--",
            "용적률점수":0,
            "건폐율점수":100,
            "세대당주차수":"--",
            "난방방식":"--",
            "공급면적":70,
            "전용률":80,
            "욕실수":"--",
            "현관타입":"--",
            "주거총점":54.5,
            "지역구공급총점":0.0,
            "역세권":"NA",
            "30분내 이동가능 거점":"NA",
            "1시간내 이동가능 거점":"NA",
            "교통총점":"NA",
            "백화점":100,
            "아울렛몰":0,
            "대형마트":100,
            "은행":20,
            "병원":60,
            "종합병원":100,
            "공원":100,
            "혐오시설":0,
            "인프라총점":76.0,
            "초등학군":86.01,
            "중학군":51.24,
            "학군총점":58.194,
            "인구수":26.59,
            "인구증감":100.0,
            "인구총점":48.613,
            "일자리":12.9,
            "소득수준":67.86,
            "일자리총점":29.388,
            "가치 총점":64.0235,
            "매매실거래년":20211116.0,
            "매매실거래가":41700.0,
            "전세실거래년":20211203.0,
            "전세실거래가":27000.0,
            "전세가율":88.52,
            "장기전세가율평균":68.76,
            "전세가율거품지수":-19.76,
            "검색코드":7631,
            "세대수":1350.0,
            "준공년월":"1991-01-28",
            "준공년차":32.0,
            "가까운역이름":"NA",
            "가까운역거리":"NA",
            "역세권여부":"NA",
            "30분이내주요거점역":"NA",
            "1시간이내주요거점역":"NA",
            "3km이내백화점수":1,
            "5km이내아울렛몰수":0,
            "1km이내대형먀트수":3,
            "500m이내은행수":2,
            "500m이내병원수":24,
            "5km이내대형병원수":3,
            "500m이내공원수":3,
            "3km이내혐오시설수":0,
            "초등학교학업성취도":86.01,
            "중학교학업성취도":84.6,
            "용적률":256,
            "건폐율":18,
            "Y":35.211436,
            "X":128.700131,
            "rank":19.0,
            "area_info":"28평(95.67), 28평(95.71), 31평(102.87), 31평(102.93), 35평(116.45), 42평(139.24), 49평(163.02)",
            "last_sales":"2021-11-16,41700.0,42평(139.24)"
        },
        {
            "index":266,
            "아파트명":"대동",
            "투자타입":"일반",
            "전용면적(m2)":"67.12",
            "전용면적(평)":"20평",
            "법정동주소":"경상남도 창원시 성산구 상남동 44-1",
            "도로명주소":"경상남도 창원시 성산구 동산로 115",
            "세대수":100,
            "입주년차":0,
            "용적률점수":"--",
            "건폐율점수":"--",
            "세대당주차수":0,
            "난방방식":30,
            "공급면적":"--",
            "전용률":"--",
            "욕실수":50,
            "현관타입":10,
            "주거총점":44.0,
            "지역구공급총점":0.0,
            "역세권":"NA",
            "30분내 이동가능 거점":"NA",
            "1시간내 이동가능 거점":"NA",
            "교통총점":"NA",
            "백화점":100,
            "아울렛몰":0,
            "대형마트":80,
            "은행":100,
            "병원":80,
            "종합병원":100,
            "공원":100,
            "혐오시설":0,
            "인프라총점":83.0,
            "초등학군":89.63,
            "중학군":54.38,
            "학군총점":61.43,
            "인구수":26.59,
            "인구증감":100.0,
            "인구총점":48.613,
            "일자리":12.9,
            "소득수준":67.86,
            "일자리총점":29.388,
            "가치 총점":63.9575,
            "매매실거래년":20220102.0,
            "매매실거래가":24500.0,
            "전세실거래년":20220113.0,
            "전세실거래가":18000.0,
            "전세가율":73.47,
            "장기전세가율평균":68.76,
            "전세가율거품지수":-4.71,
            "검색코드":7799,
            "세대수":2810.0,
            "준공년월":"1994-12-24",
            "준공년차":29.0,
            "가까운역이름":"NA",
            "가까운역거리":"NA",
            "역세권여부":"NA",
            "30분이내주요거점역":"NA",
            "1시간이내주요거점역":"NA",
            "3km이내백화점수":1,
            "5km이내아울렛몰수":0,
            "1km이내대형먀트수":1,
            "500m이내은행수":5,
            "500m이내병원수":47,
            "5km이내대형병원수":4,
            "500m이내공원수":3,
            "3km이내혐오시설수":0,
            "초등학교학업성취도":89.63,
            "중학교학업성취도":88.7,
            "용적률":268,
            "건폐율":22,
            "Y":35.219714,
            "X":128.688657,
            "rank":20.0,
            "area_info":"20평(67.12), 23평(77.43), 24평(80.4), 31평(105.42), 42평(138.93), 42평(139.51), 42평(140.78), 47평(157.8), 47평(157.79), 58평(192.98)",
            "last_sales":"2022-01-02,24500.0,20평(67.12)"
        },
        {
            "index":24,
            "아파트명":"창원더샵센트럴파크1단지",
            "투자타입":"일반",
            "전용면적(m2)":"107.53",
            "전용면적(평)":"32평",
            "법정동주소":"경상남도 창원시 성산구 가음동 17",
            "도로명주소":"경상남도 창원시 성산구 대정로40번길 7",
            "세대수":30,
            "입주년차":80,
            "용적률점수":"--",
            "건폐율점수":"--",
            "세대당주차수":60,
            "난방방식":30,
            "공급면적":"--",
            "전용률":"--",
            "욕실수":100,
            "현관타입":100,
            "주거총점":58.5,
            "지역구공급총점":0.0,
            "역세권":"NA",
            "30분내 이동가능 거점":"NA",
            "1시간내 이동가능 거점":"NA",
            "교통총점":"NA",
            "백화점":100,
            "아울렛몰":0,
            "대형마트":100,
            "은행":0,
            "병원":60,
            "종합병원":100,
            "공원":100,
            "혐오시설":0,
            "인프라총점":74.0,
            "초등학군":86.63,
            "중학군":47.44,
            "학군총점":55.278,
            "인구수":26.59,
            "인구증감":100.0,
            "인구총점":48.613,
            "일자리":12.9,
            "소득수준":67.86,
            "일자리총점":29.388,
            "가치 총점":63.8945,
            "매매실거래년":20211001.0,
            "매매실거래가":74000.0,
            "전세실거래년":20211011.0,
            "전세실거래가":48000.0,
            "전세가율":64.86,
            "장기전세가율평균":68.76,
            "전세가율거품지수":3.9,
            "검색코드":109271,
            "세대수":386.0,
            "준공년월":"2017-04-26",
            "준공년차":6.0,
            "가까운역이름":"NA",
            "가까운역거리":"NA",
            "역세권여부":"NA",
            "30분이내주요거점역":"NA",
            "1시간이내주요거점역":"NA",
            "3km이내백화점수":1,
            "5km이내아울렛몰수":0,
            "1km이내대형먀트수":3,
            "500m이내은행수":1,
            "500m이내병원수":16,
            "5km이내대형병원수":3,
            "500m이내공원수":4,
            "3km이내혐오시설수":0,
            "초등학교학업성취도":86.63,
            "중학교학업성취도":78.0,
            "용적률":215,
            "건폐율":15,
            "Y":35.208033,
            "X":128.700175,
            "rank":21.0,
            "area_info":"32평(107.53), 32평(107.81), 38평(125.9), 44평(147.87), 45평(149.22)",
            "last_sales":"2021-10-01,74000.0,32평(107.53)"
        },
        {
            "index":0,
            "아파트명":"럭키",
            "투자타입":"재건축",
            "전용면적(m2)":"56.23",
            "전용면적(평)":"17평",
            "법정동주소":"경상남도 창원시 성산구 가음동 14-5",
            "도로명주소":"경상남도 창원시 성산구 원이대로878번길 16",
            "세대수":30,
            "입주년차":"--",
            "용적률점수":100,
            "건폐율점수":100,
            "세대당주차수":"--",
            "난방방식":"--",
            "공급면적":50,
            "전용률":60,
            "욕실수":"--",
            "현관타입":"--",
            "주거총점":74.5,
            "지역구공급총점":0.0,
            "역세권":"NA",
            "30분내 이동가능 거점":"NA",
            "1시간내 이동가능 거점":"NA",
            "교통총점":"NA",
            "백화점":100,
            "아울렛몰":0,
            "대형마트":0,
            "은행":0,
            "병원":60,
            "종합병원":100,
            "공원":100,
            "혐오시설":0,
            "인프라총점":59.0,
            "초등학군":90.39,
            "중학군":47.44,
            "학군총점":56.03,
            "인구수":26.59,
            "인구증감":100.0,
            "인구총점":48.613,
            "일자리":12.9,
            "소득수준":67.86,
            "일자리총점":29.388,
            "가치 총점":63.6825,
            "매매실거래년":20210918.0,
            "매매실거래가":50200.0,
            "전세실거래년":null,
            "전세실거래가":null,
            "전세가율":null,
            "장기전세가율평균":68.76,
            "전세가율거품지수":null,
            "검색코드":7595,
            "세대수":330.0,
            "준공년월":"1980-02-29",
            "준공년차":43.0,
            "가까운역이름":"NA",
            "가까운역거리":"NA",
            "역세권여부":"NA",
            "30분이내주요거점역":"NA",
            "1시간이내주요거점역":"NA",
            "3km이내백화점수":1,
            "5km이내아울렛몰수":0,
            "1km이내대형먀트수":0,
            "500m이내은행수":0,
            "500m이내병원수":11,
            "5km이내대형병원수":3,
            "500m이내공원수":6,
            "3km이내혐오시설수":0,
            "초등학교학업성취도":90.39,
            "중학교학업성취도":78.0,
            "용적률":55,
            "건폐율":10,
            "Y":35.210155,
            "X":128.693947,
            "rank":22.0,
            "area_info":"17평(56.23), 18평(61.36), 19평(64.82)",
            "last_sales":"2021-09-18,50200.0,19평(64.82)"
        },
        {
            "index":141,
            "아파트명":"대방덕산타운",
            "투자타입":"재건축",
            "전용면적(m2)":"69.46",
            "전용면적(평)":"21평",
            "법정동주소":"경상남도 창원시 성산구 대방동 356",
            "도로명주소":"경상남도 창원시 성산구 대정로 131",
            "세대수":90,
            "입주년차":"--",
            "용적률점수":0,
            "건폐율점수":100,
            "세대당주차수":"--",
            "난방방식":"--",
            "공급면적":50,
            "전용률":60,
            "욕실수":"--",
            "현관타입":"--",
            "주거총점":52.5,
            "지역구공급총점":0.0,
            "역세권":"NA",
            "30분내 이동가능 거점":"NA",
            "1시간내 이동가능 거점":"NA",
            "교통총점":"NA",
            "백화점":100,
            "아울렛몰":0,
            "대형마트":100,
            "은행":20,
            "병원":60,
            "종합병원":100,
            "공원":80,
            "혐오시설":0,
            "인프라총점":75.4,
            "초등학군":85.84,
            "중학군":51.24,
            "학군총점":58.16,
            "인구수":26.59,
            "인구증감":100.0,
            "인구총점":48.613,
            "일자리":12.9,
            "소득수준":67.86,
            "일자리총점":29.388,
            "가치 총점":63.075,
            "매매실거래년":20211225.0,
            "매매실거래가":17700.0,
            "전세실거래년":20220110.0,
            "전세실거래가":16000.0,
            "전세가율":90.4,
            "장기전세가율평균":68.76,
            "전세가율거품지수":-21.64,
            "검색코드":7695,
            "세대수":920.0,
            "준공년월":"1992-07-20",
            "준공년차":31.0,
            "가까운역이름":"NA",
            "가까운역거리":"NA",
            "역세권여부":"NA",
            "30분이내주요거점역":"NA",
            "1시간이내주요거점역":"NA",
            "3km이내백화점수":1,
            "5km이내아울렛몰수":0,
            "1km이내대형먀트수":3,
            "500m이내은행수":2,
            "500m이내병원수":14,
            "5km이내대형병원수":3,
            "500m이내공원수":1,
            "3km이내혐오시설수":0,
            "초등학교학업성취도":85.84,
            "중학교학업성취도":84.6,
            "용적률":239,
            "건폐율":18,
            "Y":35.212732,
            "X":128.706743,
            "rank":23.0,
            "area_info":"21평(69.46), 22평(74.52), 22평(75.36), 30평(101.9), 46평(153.62)",
            "last_sales":"2021-12-25,17700.0,21평(69.46)"
        },
        {
            "index":17,
            "아파트명":"창원가음한화꿈에그린",
            "투자타입":"일반",
            "전용면적(m2)":"79.87",
            "전용면적(평)":"24평",
            "법정동주소":"경상남도 창원시 성산구 가음동 13",
            "도로명주소":"경상남도 창원시 성산구 원이대로878번길 9",
            "세대수":80,
            "입주년차":80,
            "용적률점수":"--",
            "건폐율점수":"--",
            "세대당주차수":60,
            "난방방식":30,
            "공급면적":"--",
            "전용률":"--",
            "욕실수":100,
            "현관타입":100,
            "주거총점":76.0,
            "지역구공급총점":0.0,
            "역세권":"NA",
            "30분내 이동가능 거점":"NA",
            "1시간내 이동가능 거점":"NA",
            "교통총점":"NA",
            "백화점":100,
            "아울렛몰":0,
            "대형마트":0,
            "은행":0,
            "병원":30,
            "종합병원":100,
            "공원":100,
            "혐오시설":0,
            "인프라총점":56.0,
            "초등학군":90.39,
            "중학군":47.44,
            "학군총점":56.03,
            "인구수":26.59,
            "인구증감":100.0,
            "인구총점":48.613,
            "일자리":12.9,
            "소득수준":67.86,
            "일자리총점":29.388,
            "가치 총점":63.0075,
            "매매실거래년":20211124.0,
            "매매실거래가":86000.0,
            "전세실거래년":20211204.0,
            "전세실거래가":21000.0,
            "전세가율":36.52,
            "장기전세가율평균":68.76,
            "전세가율거품지수":32.24,
            "검색코드":109672,
            "세대수":749.0,
            "준공년월":"2017-08-01",
            "준공년차":6.0,
            "가까운역이름":"NA",
            "가까운역거리":"NA",
            "역세권여부":"NA",
            "30분이내주요거점역":"NA",
            "1시간이내주요거점역":"NA",
            "3km이내백화점수":1,
            "5km이내아울렛몰수":0,
            "1km이내대형먀트수":0,
            "500m이내은행수":0,
            "500m이내병원수":7,
            "5km이내대형병원수":3,
            "500m이내공원수":5,
            "3km이내혐오시설수":0,
            "초등학교학업성취도":90.39,
            "중학교학업성취도":78.0,
            "용적률":214,
            "건폐율":13,
            "Y":35.208004,
            "X":128.692636,
            "rank":24.0,
            "area_info":"24평(79.87), 28평(94.8), 33평(112.38), 33평(112.02), 33평(112.38), 39평(131.93), 43평(144.79)",
            "last_sales":"2021-11-24,86000.0,39평(131.93)"
        },
        {
            "index":283,
            "아파트명":"상남꿈에그린",
            "투자타입":"일반",
            "전용면적(m2)":"100.46",
            "전용면적(평)":"30평",
            "법정동주소":"경상남도 창원시 성산구 상남동 65-1",
            "도로명주소":"경상남도 창원시 성산구 토월로27번길 18",
            "세대수":80,
            "입주년차":80,
            "용적률점수":"--",
            "건폐율점수":"--",
            "세대당주차수":60,
            "난방방식":30,
            "공급면적":"--",
            "전용률":"--",
            "욕실수":100,
            "현관타입":50,
            "주거총점":71.0,
            "지역구공급총점":0.0,
            "역세권":"NA",
            "30분내 이동가능 거점":"NA",
            "1시간내 이동가능 거점":"NA",
            "교통총점":"NA",
            "백화점":100,
            "아울렛몰":0,
            "대형마트":0,
            "은행":70,
            "병원":0,
            "종합병원":100,
            "공원":80,
            "혐오시설":0,
            "인프라총점":59.4,
            "초등학군":86.49,
            "중학군":48.94,
            "학군총점":56.45,
            "인구수":26.59,
            "인구증감":100.0,
            "인구총점":48.613,
            "일자리":12.9,
            "소득수준":67.86,
            "일자리총점":29.388,
            "가치 총점":62.7225,
            "매매실거래년":20211129.0,
            "매매실거래가":93300.0,
            "전세실거래년":20211026.0,
            "전세실거래가":39000.0,
            "전세가율":62.9,
            "장기전세가율평균":68.76,
            "전세가율거품지수":5.86,
            "검색코드":105570,
            "세대수":812.0,
            "준공년월":"2014-09-15",
            "준공년차":9.0,
            "가까운역이름":"NA",
            "가까운역거리":"NA",
            "역세권여부":"NA",
            "30분이내주요거점역":"NA",
            "1시간이내주요거점역":"NA",
            "3km이내백화점수":1,
            "5km이내아울렛몰수":0,
            "1km이내대형먀트수":0,
            "500m이내은행수":3,
            "500m이내병원수":0,
            "5km이내대형병원수":4,
            "500m이내공원수":1,
            "3km이내혐오시설수":0,
            "초등학교학업성취도":86.49,
            "중학교학업성취도":80.1,
            "용적률":205,
            "건폐율":16,
            "Y":35.21556,
            "X":128.680351,
            "rank":25.0,
            "area_info":"30평(100.46), 34평(113.32), 34평(114.0), 39평(129.0), 47평(156.92)",
            "last_sales":"2021-11-29,93300.0,47평(156.92)"
        },
        {
            "index":84,
            "아파트명":"성원2차",
            "투자타입":"재건축",
            "전용면적(m2)":"96.48",
            "전용면적(평)":"29평",
            "법정동주소":"경상남도 창원시 성산구 남양동 22",
            "도로명주소":"경상남도 창원시 성산구 대정로 99",
            "세대수":90,
            "입주년차":"--",
            "용적률점수":0,
            "건폐율점수":80,
            "세대당주차수":"--",
            "난방방식":"--",
            "공급면적":70,
            "전용률":80,
            "욕실수":"--",
            "현관타입":"--",
            "주거총점":50.5,
            "지역구공급총점":0.0,
            "역세권":"NA",
            "30분내 이동가능 거점":"NA",
            "1시간내 이동가능 거점":"NA",
            "교통총점":"NA",
            "백화점":100,
            "아울렛몰":0,
            "대형마트":100,
            "은행":20,
            "병원":60,
            "종합병원":100,
            "공원":100,
            "혐오시설":0,
            "인프라총점":76.0,
            "초등학군":85.84,
            "중학군":51.24,
            "학군총점":58.16,
            "인구수":26.59,
            "인구증감":100.0,
            "인구총점":48.613,
            "일자리":12.9,
            "소득수준":67.86,
            "일자리총점":29.388,
            "가치 총점":62.615,
            "매매실거래년":20211127.0,
            "매매실거래가":45000.0,
            "전세실거래년":20211129.0,
            "전세실거래가":26000.0,
            "전세가율":80.0,
            "장기전세가율평균":68.76,
            "전세가율거품지수":-11.24,
            "검색코드":7637,
            "세대수":1404.0,
            "준공년월":"1992-02-01",
            "준공년차":31.0,
            "가까운역이름":"NA",
            "가까운역거리":"NA",
            "역세권여부":"NA",
            "30분이내주요거점역":"NA",
            "1시간이내주요거점역":"NA",
            "3km이내백화점수":1,
            "5km이내아울렛몰수":0,
            "1km이내대형먀트수":3,
            "500m이내은행수":2,
            "500m이내병원수":21,
            "5km이내대형병원수":3,
            "500m이내공원수":3,
            "3km이내혐오시설수":0,
            "초등학교학업성취도":85.84,
            "중학교학업성취도":84.6,
            "용적률":309,
            "건폐율":23,
            "Y":35.2124,
            "X":128.703291,
            "rank":26.0,
            "area_info":"29평(96.48), 30평(102.05), 34평(115.51), 39평(131.56), 41평(136.58), 53평(175.32), 65평(218.05)",
            "last_sales":"2021-11-27,45000.0,65평(218.05)"
        },
        {
            "index":99,
            "아파트명":"피오르빌",
            "투자타입":"일반",
            "전용면적(m2)":"52.93",
            "전용면적(평)":"16평",
            "법정동주소":"경상남도 창원시 성산구 남양동 24",
            "도로명주소":"경상남도 창원시 성산구 대정로 84",
            "세대수":100,
            "입주년차":0,
            "용적률점수":"--",
            "건폐율점수":"--",
            "세대당주차수":0,
            "난방방식":30,
            "공급면적":"--",
            "전용률":"--",
            "욕실수":50,
            "현관타입":10,
            "주거총점":44.0,
            "지역구공급총점":0.0,
            "역세권":"NA",
            "30분내 이동가능 거점":"NA",
            "1시간내 이동가능 거점":"NA",
            "교통총점":"NA",
            "백화점":100,
            "아울렛몰":0,
            "대형마트":100,
            "은행":70,
            "병원":60,
            "종합병원":100,
            "공원":100,
            "혐오시설":0,
            "인프라총점":81.0,
            "초등학군":86.34,
            "중학군":51.24,
            "학군총점":58.26,
            "인구수":26.59,
            "인구증감":100.0,
            "인구총점":48.613,
            "일자리":12.9,
            "소득수준":67.86,
            "일자리총점":29.388,
            "가치 총점":62.365,
            "매매실거래년":20211222.0,
            "매매실거래가":20000.0,
            "전세실거래년":20220111.0,
            "전세실거래가":12000.0,
            "전세가율":77.42,
            "장기전세가율평균":68.76,
            "전세가율거품지수":-8.66,
            "검색코드":15724,
            "세대수":1560.0,
            "준공년월":"1995-07-27",
            "준공년차":28.0,
            "가까운역이름":"NA",
            "가까운역거리":"NA",
            "역세권여부":"NA",
            "30분이내주요거점역":"NA",
            "1시간이내주요거점역":"NA",
            "3km이내백화점수":1,
            "5km이내아울렛몰수":0,
            "1km이내대형먀트수":3,
            "500m이내은행수":3,
            "500m이내병원수":29,
            "5km이내대형병원수":3,
            "500m이내공원수":3,
            "3km이내혐오시설수":0,
            "초등학교학업성취도":86.34,
            "중학교학업성취도":84.6,
            "용적률":236,
            "건폐율":18,
            "Y":35.209695,
            "X":128.701928,
            "rank":27.0,
            "area_info":"16평(52.93), 19평(66.01)",
            "last_sales":"2021-12-22,20000.0,19평(66.01)"
        },
        {
            "index":241,
            "아파트명":"대동2차",
            "투자타입":"재건축",
            "전용면적(m2)":"54.67",
            "전용면적(평)":"16평",
            "법정동주소":"경상남도 창원시 성산구 사파동 142",
            "도로명주소":"경상남도 창원시 성산구 신사로 106",
            "세대수":50,
            "입주년차":"--",
            "용적률점수":100,
            "건폐율점수":0,
            "세대당주차수":"--",
            "난방방식":"--",
            "공급면적":50,
            "전용률":80,
            "욕실수":"--",
            "현관타입":"--",
            "주거총점":61.5,
            "지역구공급총점":0.0,
            "역세권":"NA",
            "30분내 이동가능 거점":"NA",
            "1시간내 이동가능 거점":"NA",
            "교통총점":"NA",
            "백화점":100,
            "아울렛몰":0,
            "대형마트":0,
            "은행":70,
            "병원":80,
            "종합병원":100,
            "공원":100,
            "혐오시설":0,
            "인프라총점":68.0,
            "초등학군":88.63,
            "중학군":45.28,
            "학군총점":53.95,
            "인구수":26.59,
            "인구증감":100.0,
            "인구총점":48.613,
            "일자리":12.9,
            "소득수준":67.86,
            "일자리총점":29.388,
            "가치 총점":62.2125,
            "매매실거래년":20071113.0,
            "매매실거래가":21460.0,
            "전세실거래년":null,
            "전세실거래가":null,
            "전세가율":null,
            "장기전세가율평균":68.76,
            "전세가율거품지수":null,
            "검색코드":7771,
            "세대수":470.0,
            "준공년월":"1989-09-26",
            "준공년차":34.0,
            "가까운역이름":"NA",
            "가까운역거리":"NA",
            "역세권여부":"NA",
            "30분이내주요거점역":"NA",
            "1시간이내주요거점역":"NA",
            "3km이내백화점수":1,
            "5km이내아울렛몰수":0,
            "1km이내대형먀트수":0,
            "500m이내은행수":3,
            "500m이내병원수":30,
            "5km이내대형병원수":4,
            "500m이내공원수":2,
            "3km이내혐오시설수":0,
            "초등학교학업성취도":88.63,
            "중학교학업성취도":75.2,
            "용적률":140,
            "건폐율":0,
            "Y":35.220549,
            "X":128.695519,
            "rank":28.0,
            "area_info":"16평(54.67), 18평(61.49), 24평(82.43), 25평(85.21), 27평(91.12), 29평(96.75)",
            "last_sales":"2007-11-13,21460.0,29평(96.75)"
        },
        {
            "index":35,
            "아파트명":"창원더샵센트럴파크3단지",
            "투자타입":"일반",
            "전용면적(m2)":"93.94",
            "전용면적(평)":"28평",
            "법정동주소":"경상남도 창원시 성산구 가음동 15",
            "도로명주소":"경상남도 창원시 성산구 원이대로863번길 7",
            "세대수":50,
            "입주년차":80,
            "용적률점수":"--",
            "건폐율점수":"--",
            "세대당주차수":60,
            "난방방식":30,
            "공급면적":"--",
            "전용률":"--",
            "욕실수":100,
            "현관타입":100,
            "주거총점":65.5,
            "지역구공급총점":0.0,
            "역세권":"NA",
            "30분내 이동가능 거점":"NA",
            "1시간내 이동가능 거점":"NA",
            "교통총점":"NA",
            "백화점":100,
            "아울렛몰":0,
            "대형마트":0,
            "은행":20,
            "병원":60,
            "종합병원":100,
            "공원":100,
            "혐오시설":0,
            "인프라총점":61.0,
            "초등학군":86.01,
            "중학군":47.44,
            "학군총점":55.154,
            "인구수":26.59,
            "인구증감":100.0,
            "인구총점":48.613,
            "일자리":12.9,
            "소득수준":67.86,
            "일자리총점":29.388,
            "가치 총점":61.1135,
            "매매실거래년":20211214.0,
            "매매실거래가":82000.0,
            "전세실거래년":20211224.0,
            "전세실거래가":46000.0,
            "전세가율":75.41,
            "장기전세가율평균":68.76,
            "전세가율거품지수":-6.65,
            "검색코드":109273,
            "세대수":448.0,
            "준공년월":"2017-04-26",
            "준공년차":6.0,
            "가까운역이름":"NA",
            "가까운역거리":"NA",
            "역세권여부":"NA",
            "30분이내주요거점역":"NA",
            "1시간이내주요거점역":"NA",
            "3km이내백화점수":1,
            "5km이내아울렛몰수":0,
            "1km이내대형먀트수":0,
            "500m이내은행수":2,
            "500m이내병원수":21,
            "5km이내대형병원수":3,
            "500m이내공원수":6,
            "3km이내혐오시설수":0,
            "초등학교학업성취도":86.01,
            "중학교학업성취도":78.0,
            "용적률":215,
            "건폐율":16,
            "Y":35.210581,
            "X":128.697006,
            "rank":29.0,
            "area_info":"28평(93.94), 33평(110.32), 33평(110.51), 33평(110.6), 39평(129.14)",
            "last_sales":"2021-12-14,82000.0,39평(129.14)"
        },
        {
            "index":230,
            "아파트명":"까치1차",
            "투자타입":"재건축",
            "전용면적(m2)":"38.19",
            "전용면적(평)":"11평",
            "법정동주소":"경상남도 창원시 성산구 반지동 27",
            "도로명주소":"경상남도 창원시 성산구 창원천로 254",
            "세대수":50,
            "입주년차":"--",
            "용적률점수":100,
            "건폐율점수":80,
            "세대당주차수":"--",
            "난방방식":"--",
            "공급면적":50,
            "전용률":60,
            "욕실수":"--",
            "현관타입":"--",
            "주거총점":76.5,
            "지역구공급총점":0.0,
            "역세권":"NA",
            "30분내 이동가능 거점":"NA",
            "1시간내 이동가능 거점":"NA",
            "교통총점":"NA",
            "백화점":100,
            "아울렛몰":0,
            "대형마트":0,
            "은행":0,
            "병원":30,
            "종합병원":100,
            "공원":100,
            "혐오시설":0,
            "인프라총점":56.0,
            "초등학군":83.6,
            "중학군":36.72,
            "학군총점":46.096,
            "인구수":26.59,
            "인구증감":100.0,
            "인구총점":48.613,
            "일자리":12.9,
            "소득수준":67.86,
            "일자리총점":29.388,
            "가치 총점":60.699,
            "매매실거래년":20211127.0,
            "매매실거래가":20900.0,
            "전세실거래년":20210630.0,
            "전세실거래가":5000.0,
            "전세가율":25.0,
            "장기전세가율평균":68.76,
            "전세가율거품지수":43.76,
            "검색코드":7751,
            "세대수":500.0,
            "준공년월":"1990-09-13",
            "준공년차":33.0,
            "가까운역이름":"NA",
            "가까운역거리":"NA",
            "역세권여부":"NA",
            "30분이내주요거점역":"NA",
            "1시간이내주요거점역":"NA",
            "3km이내백화점수":1,
            "5km이내아울렛몰수":0,
            "1km이내대형먀트수":0,
            "500m이내은행수":1,
            "500m이내병원수":7,
            "5km이내대형병원수":3,
            "500m이내공원수":5,
            "3km이내혐오시설수":0,
            "초등학교학업성취도":83.6,
            "중학교학업성취도":61.2,
            "용적률":103,
            "건폐율":21,
            "Y":35.244724,
            "X":128.666684,
            "rank":30.0,
            "area_info":"11평(38.19), 12평(39.71)",
            "last_sales":"2021-11-27,20900.0,12평(39.71)"
        },
        {
            "index":94,
            "아파트명":"위드파크",
            "투자타입":"일반",
            "전용면적(m2)":"69.92",
            "전용면적(평)":"21평",
            "법정동주소":"경상남도 창원시 성산구 남양동 23",
            "도로명주소":"경상남도 창원시 성산구 가양로 97",
            "세대수":90,
            "입주년차":0,
            "용적률점수":"--",
            "건폐율점수":"--",
            "세대당주차수":30,
            "난방방식":30,
            "공급면적":"--",
            "전용률":"--",
            "욕실수":50,
            "현관타입":10,
            "주거총점":45.0,
            "지역구공급총점":0.0,
            "역세권":"NA",
            "30분내 이동가능 거점":"NA",
            "1시간내 이동가능 거점":"NA",
            "교통총점":"NA",
            "백화점":100,
            "아울렛몰":0,
            "대형마트":100,
            "은행":20,
            "병원":60,
            "종합병원":100,
            "공원":100,
            "혐오시설":0,
            "인프라총점":76.0,
            "초등학군":85.84,
            "중학군":51.24,
            "학군총점":58.16,
            "인구수":26.59,
            "인구증감":100.0,
            "인구총점":48.613,
            "일자리":12.9,
            "소득수준":67.86,
            "일자리총점":29.388,
            "가치 총점":60.69,
            "매매실거래년":20220113.0,
            "매매실거래가":23000.0,
            "전세실거래년":20211130.0,
            "전세실거래가":16000.0,
            "전세가율":73.06,
            "장기전세가율평균":68.76,
            "전세가율거품지수":-4.3,
            "검색코드":22621,
            "세대수":960.0,
            "준공년월":"1998-05-26",
            "준공년차":25.0,
            "가까운역이름":"NA",
            "가까운역거리":"NA",
            "역세권여부":"NA",
            "30분이내주요거점역":"NA",
            "1시간이내주요거점역":"NA",
            "3km이내백화점수":1,
            "5km이내아울렛몰수":0,
            "1km이내대형먀트수":3,
            "500m이내은행수":2,
            "500m이내병원수":27,
            "5km이내대형병원수":3,
            "500m이내공원수":3,
            "3km이내혐오시설수":0,
            "초등학교학업성취도":85.84,
            "중학교학업성취도":84.6,
            "용적률":189,
            "건폐율":17,
            "Y":35.209741,
            "X":128.704894,
            "rank":31.0,
            "area_info":"21평(69.92), 21평(70.48), 23평(76.5), 23평(78.07), 23평(78.15)",
            "last_sales":"2022-01-13,23000.0,23평(78.07)"
        },
        {
            "index":254,
            "아파트명":"사파동성",
            "투자타입":"재건축",
            "전용면적(m2)":"71.54",
            "전용면적(평)":"21평",
            "법정동주소":"경상남도 창원시 성산구 사파동 93",
            "도로명주소":"경상남도 창원시 성산구 창이대로 737",
            "세대수":100,
            "입주년차":"--",
            "용적률점수":0,
            "건폐율점수":100,
            "세대당주차수":"--",
            "난방방식":"--",
            "공급면적":50,
            "전용률":40,
            "욕실수":"--",
            "현관타입":"--",
            "주거총점":54.5,
            "지역구공급총점":0.0,
            "역세권":"NA",
            "30분내 이동가능 거점":"NA",
            "1시간내 이동가능 거점":"NA",
            "교통총점":"NA",
            "백화점":100,
            "아울렛몰":0,
            "대형마트":100,
            "은행":0,
            "병원":10,
            "종합병원":100,
            "공원":100,
            "혐오시설":0,
            "인프라총점":69.0,
            "초등학군":88.63,
            "중학군":45.28,
            "학군총점":53.95,
            "인구수":26.59,
            "인구증감":100.0,
            "인구총점":48.613,
            "일자리":12.9,
            "소득수준":67.86,
            "일자리총점":29.388,
            "가치 총점":60.1625,
            "매매실거래년":20211230.0,
            "매매실거래가":40000.0,
            "전세실거래년":20220108.0,
            "전세실거래가":11000.0,
            "전세가율":55.56,
            "장기전세가율평균":68.76,
            "전세가율거품지수":13.2,
            "검색코드":7779,
            "세대수":1986.0,
            "준공년월":"1992-11-25",
            "준공년차":31.0,
            "가까운역이름":"NA",
            "가까운역거리":"NA",
            "역세권여부":"NA",
            "30분이내주요거점역":"NA",
            "1시간이내주요거점역":"NA",
            "3km이내백화점수":1,
            "5km이내아울렛몰수":0,
            "1km이내대형먀트수":3,
            "500m이내은행수":0,
            "500m이내병원수":4,
            "5km이내대형병원수":3,
            "500m이내공원수":3,
            "3km이내혐오시설수":0,
            "초등학교학업성취도":88.63,
            "중학교학업성취도":75.2,
            "용적률":289,
            "건폐율":17,
            "Y":35.219491,
            "X":128.703924,
            "rank":32.0,
            "area_info":"21평(71.54), 22평(75.61), 31평(102.98), 46평(154.76)",
            "last_sales":"2021-12-30,40000.0,46평(154.76)"
        },
        {
            "index":51,
            "아파트명":"형진,한아름",
            "투자타입":"재건축",
            "전용면적(m2)":"50.41",
            "전용면적(평)":"15평",
            "법정동주소":"경상남도 창원시 성산구 가음동 22-1",
            "도로명주소":"경상남도 창원시 성산구 원이대로883번길 3-15",
            "세대수":0,
            "입주년차":"--",
            "용적률점수":100,
            "건폐율점수":80,
            "세대당주차수":"--",
            "난방방식":"--",
            "공급면적":50,
            "전용률":80,
            "욕실수":"--",
            "현관타입":"--",
            "주거총점":62.5,
            "지역구공급총점":0.0,
            "역세권":"NA",
            "30분내 이동가능 거점":"NA",
            "1시간내 이동가능 거점":"NA",
            "교통총점":"NA",
            "백화점":100,
            "아울렛몰":0,
            "대형마트":0,
            "은행":0,
            "병원":60,
            "종합병원":100,
            "공원":100,
            "혐오시설":0,
            "인프라총점":59.0,
            "초등학군":90.39,
            "중학군":47.44,
            "학군총점":56.03,
            "인구수":26.59,
            "인구증감":100.0,
            "인구총점":48.613,
            "일자리":12.9,
            "소득수준":67.86,
            "일자리총점":29.388,
            "가치 총점":59.4825,
            "매매실거래년":20210531.0,
            "매매실거래가":20000.0,
            "전세실거래년":20220104.0,
            "전세실거래가":8000.0,
            "전세가율":35.09,
            "장기전세가율평균":68.76,
            "전세가율거품지수":33.67,
            "검색코드":16766,
            "세대수":160.0,
            "준공년월":"1985-04-10",
            "준공년차":38.0,
            "가까운역이름":"NA",
            "가까운역거리":"NA",
            "역세권여부":"NA",
            "30분이내주요거점역":"NA",
            "1시간이내주요거점역":"NA",
            "3km이내백화점수":1,
            "5km이내아울렛몰수":0,
            "1km이내대형먀트수":0,
            "500m이내은행수":1,
            "500m이내병원수":10,
            "5km이내대형병원수":3,
            "500m이내공원수":4,
            "3km이내혐오시설수":0,
            "초등학교학업성취도":90.39,
            "중학교학업성취도":78.0,
            "용적률":143,
            "건폐율":28,
            "Y":35.208661,
            "X":128.695154,
            "rank":33.0,
            "area_info":"15평(50.41), 15평(52.45), 17평(57.15)",
            "last_sales":"2021-05-31,20000.0,15평(52.45)"
        },
        {
            "index":49,
            "아파트명":"한국센트랄",
            "투자타입":"재건축",
            "전용면적(m2)":"48.93",
            "전용면적(평)":"14평",
            "법정동주소":"경상남도 창원시 성산구 가음동 22-4",
            "도로명주소":"경상남도 창원시 성산구 원이대로883번길 11-21",
            "세대수":0,
            "입주년차":"--",
            "용적률점수":100,
            "건폐율점수":80,
            "세대당주차수":"--",
            "난방방식":"--",
            "공급면적":50,
            "전용률":80,
            "욕실수":"--",
            "현관타입":"--",
            "주거총점":62.5,
            "지역구공급총점":0.0,
            "역세권":"NA",
            "30분내 이동가능 거점":"NA",
            "1시간내 이동가능 거점":"NA",
            "교통총점":"NA",
            "백화점":100,
            "아울렛몰":0,
            "대형마트":0,
            "은행":0,
            "병원":60,
            "종합병원":100,
            "공원":100,
            "혐오시설":0,
            "인프라총점":59.0,
            "초등학군":86.63,
            "중학군":47.44,
            "학군총점":55.278,
            "인구수":26.59,
            "인구증감":100.0,
            "인구총점":48.613,
            "일자리":12.9,
            "소득수준":67.86,
            "일자리총점":29.388,
            "가치 총점":59.2945,
            "매매실거래년":20211203.0,
            "매매실거래가":25700.0,
            "전세실거래년":20220110.0,
            "전세실거래가":4200.0,
            "전세가율":16.34,
            "장기전세가율평균":68.76,
            "전세가율거품지수":52.42,
            "검색코드":16765,
            "세대수":130.0,
            "준공년월":"1987-12-01",
            "준공년차":36.0,
            "가까운역이름":"NA",
            "가까운역거리":"NA",
            "역세권여부":"NA",
            "30분이내주요거점역":"NA",
            "1시간이내주요거점역":"NA",
            "3km이내백화점수":1,
            "5km이내아울렛몰수":0,
            "1km이내대형먀트수":0,
            "500m이내은행수":1,
            "500m이내병원수":10,
            "5km이내대형병원수":3,
            "500m이내공원수":4,
            "3km이내혐오시설수":0,
            "초등학교학업성취도":86.63,
            "중학교학업성취도":78.0,
            "용적률":141,
            "건폐율":29,
            "Y":35.208613,
            "X":128.695735,
            "rank":34.0,
            "area_info":"14평(48.93), 14평(48.93)",
            "last_sales":"2021-12-03,25700.0,14평(48.93)"
        },
        {
            "index":247,
            "아파트명":"동서",
            "투자타입":"재건축",
            "전용면적(m2)":"51.51",
            "전용면적(평)":"15평",
            "법정동주소":"경상남도 창원시 성산구 사파동 143",
            "도로명주소":"경상남도 창원시 성산구 신사로 116",
            "세대수":0,
            "입주년차":"--",
            "용적률점수":100,
            "건폐율점수":80,
            "세대당주차수":"--",
            "난방방식":"--",
            "공급면적":50,
            "전용률":80,
            "욕실수":"--",
            "현관타입":"--",
            "주거총점":62.5,
            "지역구공급총점":0.0,
            "역세권":"NA",
            "30분내 이동가능 거점":"NA",
            "1시간내 이동가능 거점":"NA",
            "교통총점":"NA",
            "백화점":100,
            "아울렛몰":0,
            "대형마트":0,
            "은행":0,
            "병원":60,
            "종합병원":100,
            "공원":100,
            "혐오시설":0,
            "인프라총점":59.0,
            "초등학군":88.63,
            "중학군":45.28,
            "학군총점":53.95,
            "인구수":26.59,
            "인구증감":100.0,
            "인구총점":48.613,
            "일자리":12.9,
            "소득수준":67.86,
            "일자리총점":29.388,
            "가치 총점":58.9625,
            "매매실거래년":20220110.0,
            "매매실거래가":29800.0,
            "전세실거래년":20211122.0,
            "전세실거래가":10000.0,
            "전세가율":33.56,
            "장기전세가율평균":68.76,
            "전세가율거품지수":35.2,
            "검색코드":7777,
            "세대수":190.0,
            "준공년월":"1989-12-23",
            "준공년차":34.0,
            "가까운역이름":"NA",
            "가까운역거리":"NA",
            "역세권여부":"NA",
            "30분이내주요거점역":"NA",
            "1시간이내주요거점역":"NA",
            "3km이내백화점수":1,
            "5km이내아울렛몰수":0,
            "1km이내대형먀트수":0,
            "500m이내은행수":1,
            "500m이내병원수":28,
            "5km이내대형병원수":4,
            "500m이내공원수":2,
            "3km이내혐오시설수":0,
            "초등학교학업성취도":88.63,
            "중학교학업성취도":75.2,
            "용적률":128,
            "건폐율":27,
            "Y":35.221548,
            "X":128.695802,
            "rank":35.0,
            "area_info":"15평(51.51), 17평(58.67), 18평(60.2), 19평(64.27)",
            "last_sales":"2022-01-10,29800.0,15평(51.51)"
        },
        {
            "index":71,
            "아파트명":"롯데",
            "투자타입":"재건축",
            "전용면적(m2)":"87.31",
            "전용면적(평)":"26평",
            "법정동주소":"경상남도 창원시 성산구 남양동 4",
            "도로명주소":"경상남도 창원시 성산구 대암로 56",
            "세대수":50,
            "입주년차":"--",
            "용적률점수":0,
            "건폐율점수":100,
            "세대당주차수":"--",
            "난방방식":"--",
            "공급면적":70,
            "전용률":80,
            "욕실수":"--",
            "현관타입":"--",
            "주거총점":42.5,
            "지역구공급총점":0.0,
            "역세권":"NA",
            "30분내 이동가능 거점":"NA",
            "1시간내 이동가능 거점":"NA",
            "교통총점":"NA",
            "백화점":100,
            "아울렛몰":0,
            "대형마트":100,
            "은행":20,
            "병원":60,
            "종합병원":100,
            "공원":100,
            "혐오시설":0,
            "인프라총점":76.0,
            "초등학군":86.01,
            "중학군":45.28,
            "학군총점":53.426,
            "인구수":26.59,
            "인구증감":100.0,
            "인구총점":48.613,
            "일자리":12.9,
            "소득수준":67.86,
            "일자리총점":29.388,
            "가치 총점":58.6315,
            "매매실거래년":20220110.0,
            "매매실거래가":29000.0,
            "전세실거래년":20211103.0,
            "전세실거래가":20000.0,
            "전세가율":75.47,
            "장기전세가율평균":68.76,
            "전세가율거품지수":-6.71,
            "검색코드":7626,
            "세대수":450.0,
            "준공년월":"1990-09-27",
            "준공년차":33.0,
            "가까운역이름":"NA",
            "가까운역거리":"NA",
            "역세권여부":"NA",
            "30분이내주요거점역":"NA",
            "1시간이내주요거점역":"NA",
            "3km이내백화점수":1,
            "5km이내아울렛몰수":0,
            "1km이내대형먀트수":3,
            "500m이내은행수":2,
            "500m이내병원수":16,
            "5km이내대형병원수":3,
            "500m이내공원수":2,
            "3km이내혐오시설수":0,
            "초등학교학업성취도":86.01,
            "중학교학업성취도":75.2,
            "용적률":247,
            "건폐율":18,
            "Y":35.213732,
            "X":128.702084,
            "rank":36.0,
            "area_info":"26평(87.31), 30평(102.17), 45평(149.42)",
            "last_sales":"2022-01-10,29000.0,30평(102.17)"
        },
        {
            "index":74,
            "아파트명":"상남동성(남양동성)",
            "투자타입":"재건축",
            "전용면적(m2)":"93.7",
            "전용면적(평)":"28평",
            "법정동주소":"경상남도 창원시 성산구 남양동 1",
            "도로명주소":"경상남도 창원시 성산구 대암로 64",
            "세대수":50,
            "입주년차":"--",
            "용적률점수":0,
            "건폐율점수":100,
            "세대당주차수":"--",
            "난방방식":"--",
            "공급면적":70,
            "전용률":80,
            "욕실수":"--",
            "현관타입":"--",
            "주거총점":42.5,
            "지역구공급총점":0.0,
            "역세권":"NA",
            "30분내 이동가능 거점":"NA",
            "1시간내 이동가능 거점":"NA",
            "교통총점":"NA",
            "백화점":100,
            "아울렛몰":0,
            "대형마트":100,
            "은행":20,
            "병원":60,
            "종합병원":100,
            "공원":100,
            "혐오시설":0,
            "인프라총점":76.0,
            "초등학군":85.84,
            "중학군":45.28,
            "학군총점":53.392,
            "인구수":26.59,
            "인구증감":100.0,
            "인구총점":48.613,
            "일자리":12.9,
            "소득수준":67.86,
            "일자리총점":29.388,
            "가치 총점":58.623,
            "매매실거래년":20211206.0,
            "매매실거래가":27300.0,
            "전세실거래년":20211203.0,
            "전세실거래가":24000.0,
            "전세가율":87.91,
            "장기전세가율평균":68.76,
            "전세가율거품지수":-19.15,
            "검색코드":7624,
            "세대수":540.0,
            "준공년월":"1990-09-20",
            "준공년차":33.0,
            "가까운역이름":"NA",
            "가까운역거리":"NA",
            "역세권여부":"NA",
            "30분이내주요거점역":"NA",
            "1시간이내주요거점역":"NA",
            "3km이내백화점수":1,
            "5km이내아울렛몰수":0,
            "1km이내대형먀트수":3,
            "500m이내은행수":2,
            "500m이내병원수":22,
            "5km이내대형병원수":3,
            "500m이내공원수":2,
            "3km이내혐오시설수":0,
            "초등학교학업성취도":85.84,
            "중학교학업성취도":75.2,
            "용적률":248,
            "건폐율":18,
            "Y":35.214111,
            "X":128.70369,
            "rank":37.0,
            "area_info":"28평(93.7), 30평(101.62), 46평(155.27)",
            "last_sales":"2021-12-06,27300.0,28평(93.7)"
        },
        {
            "index":160,
            "아파트명":"포레나대원",
            "투자타입":"일반",
            "전용면적(m2)":"82.33",
            "전용면적(평)":"24평",
            "법정동주소":"경상남도 창원시 성산구 대원동 40",
            "도로명주소":"경상남도 창원시 성산구 창원천로 34",
            "세대수":100,
            "입주년차":80,
            "용적률점수":"--",
            "건폐율점수":"--",
            "세대당주차수":60,
            "난방방식":30,
            "공급면적":"--",
            "전용률":"--",
            "욕실수":100,
            "현관타입":100,
            "주거총점":83.0,
            "지역구공급총점":0.0,
            "역세권":"NA",
            "30분내 이동가능 거점":"NA",
            "1시간내 이동가능 거점":"NA",
            "교통총점":"NA",
            "백화점":0,
            "아울렛몰":0,
            "대형마트":100,
            "은행":0,
            "병원":10,
            "종합병원":100,
            "공원":100,
            "혐오시설":0,
            "인프라총점":39.0,
            "초등학군":87.15,
            "중학군":44.96,
            "학군총점":53.398,
            "인구수":26.59,
            "인구증감":100.0,
            "인구총점":48.613,
            "일자리":12.9,
            "소득수준":67.86,
            "일자리총점":29.388,
            "가치 총점":57.9995,
            "매매실거래년":20211227.0,
            "매매실거래가":71500.0,
            "전세실거래년":20211222.0,
            "전세실거래가":26250.0,
            "전세가율":42.0,
            "장기전세가율평균":68.76,
            "전세가율거품지수":26.76,
            "검색코드":112657,
            "세대수":1530.0,
            "준공년월":"2018-12-26",
            "준공년차":5.0,
            "가까운역이름":"NA",
            "가까운역거리":"NA",
            "역세권여부":"NA",
            "30분이내주요거점역":"NA",
            "1시간이내주요거점역":"NA",
            "3km이내백화점수":0,
            "5km이내아울렛몰수":0,
            "1km이내대형먀트수":2,
            "500m이내은행수":0,
            "500m이내병원수":3,
            "5km이내대형병원수":3,
            "500m이내공원수":3,
            "3km이내혐오시설수":0,
            "초등학교학업성취도":87.15,
            "중학교학업성취도":73.4,
            "용적률":215,
            "건폐율":14,
            "Y":35.234366,
            "X":128.648801,
            "rank":38.0,
            "area_info":"24평(82.33), 25평(82.77), 28평(94.91), 28평(95.22), 35평(116.61), 35평(116.54), 35평(116.75), 35평(116.73), 35평(117.44), 35평(117.18), 44평(147.06)",
            "last_sales":"2021-12-27,71500.0,35평(116.54)"
        },
        {
            "index":133,
            "아파트명":"대방대동",
            "투자타입":"재건축",
            "전용면적(m2)":"68.71",
            "전용면적(평)":"20평",
            "법정동주소":"경상남도 창원시 성산구 대방동 358",
            "도로명주소":"경상남도 창원시 성산구 대정로 142",
            "세대수":100,
            "입주년차":"--",
            "용적률점수":0,
            "건폐율점수":0,
            "세대당주차수":"--",
            "난방방식":"--",
            "공급면적":50,
            "전용률":60,
            "욕실수":"--",
            "현관타입":"--",
            "주거총점":35.5,
            "지역구공급총점":0.0,
            "역세권":"NA",
            "30분내 이동가능 거점":"NA",
            "1시간내 이동가능 거점":"NA",
            "교통총점":"NA",
            "백화점":100,
            "아울렛몰":0,
            "대형마트":100,
            "은행":20,
            "병원":60,
            "종합병원":100,
            "공원":80,
            "혐오시설":0,
            "인프라총점":75.4,
            "초등학군":87.89,
            "중학군":51.24,
            "학군총점":58.57,
            "인구수":26.59,
            "인구증감":100.0,
            "인구총점":48.613,
            "일자리":12.9,
            "소득수준":67.86,
            "일자리총점":29.388,
            "가치 총점":57.2275,
            "매매실거래년":20220108.0,
            "매매실거래가":18000.0,
            "전세실거래년":20220113.0,
            "전세실거래가":13000.0,
            "전세가율":72.22,
            "장기전세가율평균":68.76,
            "전세가율거품지수":-3.46,
            "검색코드":7677,
            "세대수":1835.0,
            "준공년월":"1992-09-28",
            "준공년차":31.0,
            "가까운역이름":"NA",
            "가까운역거리":"NA",
            "역세권여부":"NA",
            "30분이내주요거점역":"NA",
            "1시간이내주요거점역":"NA",
            "3km이내백화점수":1,
            "5km이내아울렛몰수":0,
            "1km이내대형먀트수":3,
            "500m이내은행수":2,
            "500m이내병원수":23,
            "5km이내대형병원수":3,
            "500m이내공원수":1,
            "3km이내혐오시설수":0,
            "초등학교학업성취도":87.89,
            "중학교학업성취도":84.6,
            "용적률":252,
            "건폐율":0,
            "Y":35.211032,
            "X":128.709199,
            "rank":39.0,
            "area_info":"20평(68.71), 23평(76.7), 30평(100.9), 30평(100.88), 44평(146.43)",
            "last_sales":"2022-01-08,18000.0,20평(68.71)"
        },
        {
            "index":68,
            "아파트명":"한양",
            "투자타입":"재건축",
            "전용면적(m2)":"59.51",
            "전용면적(평)":"18평",
            "법정동주소":"경상남도 창원시 성산구 남산동 601-4",
            "도로명주소":"경상남도 창원시 성산구 정동로162번길 49",
            "세대수":30,
            "입주년차":"--",
            "용적률점수":80,
            "건폐율점수":100,
            "세대당주차수":"--",
            "난방방식":"--",
            "공급면적":50,
            "전용률":60,
            "욕실수":"--",
            "현관타입":"--",
            "주거총점":66.5,
            "지역구공급총점":0.0,
            "역세권":"NA",
            "30분내 이동가능 거점":"NA",
            "1시간내 이동가능 거점":"NA",
            "교통총점":"NA",
            "백화점":100,
            "아울렛몰":0,
            "대형마트":0,
            "은행":0,
            "병원":0,
            "종합병원":100,
            "공원":0,
            "혐오시설":-50,
            "인프라총점":49.0,
            "초등학군":86.63,
            "중학군":47.44,
            "학군총점":55.278,
            "인구수":26.59,
            "인구증감":100.0,
            "인구총점":48.613,
            "일자리":12.9,
            "소득수준":67.86,
            "일자리총점":29.388,
            "가치 총점":56.6945,
            "매매실거래년":20210911.0,
            "매매실거래가":11700.0,
            "전세실거래년":20210901.0,
            "전세실거래가":5000.0,
            "전세가율":90.91,
            "장기전세가율평균":68.76,
            "전세가율거품지수":-22.15,
            "검색코드":15723,
            "세대수":332.0,
            "준공년월":"1986-05-02",
            "준공년차":37.0,
            "가까운역이름":"NA",
            "가까운역거리":"NA",
            "역세권여부":"NA",
            "30분이내주요거점역":"NA",
            "1시간이내주요거점역":"NA",
            "3km이내백화점수":1,
            "5km이내아울렛몰수":0,
            "1km이내대형먀트수":0,
            "500m이내은행수":1,
            "500m이내병원수":1,
            "5km이내대형병원수":3,
            "500m이내공원수":0,
            "3km이내혐오시설수":1,
            "초등학교학업성취도":86.63,
            "중학교학업성취도":78.0,
            "용적률":174,
            "건폐율":18,
            "Y":35.201452,
            "X":128.69786,
            "rank":40.0,
            "area_info":"18평(59.51), 26평(87.46), 35평(116.39)",
            "last_sales":"2021-09-11,11700.0,35평(116.39)"
        },
        {
            "index":380,
            "아파트명":"월드메르디앙이스턴애비뉴",
            "투자타입":"일반",
            "전용면적(m2)":"77.55",
            "전용면적(평)":"23평",
            "법정동주소":"경상남도 창원시 성산구 외동 853-16",
            "도로명주소":"경상남도 창원시 성산구 창원대로780번길 34",
            "세대수":50,
            "입주년차":60,
            "용적률점수":"--",
            "건폐율점수":"--",
            "세대당주차수":30,
            "난방방식":30,
            "공급면적":"--",
            "전용률":"--",
            "욕실수":100,
            "현관타입":100,
            "주거총점":57.0,
            "지역구공급총점":0.0,
            "역세권":"NA",
            "30분내 이동가능 거점":"NA",
            "1시간내 이동가능 거점":"NA",
            "교통총점":"NA",
            "백화점":100,
            "아울렛몰":0,
            "대형마트":0,
            "은행":20,
            "병원":0,
            "종합병원":100,
            "공원":80,
            "혐오시설":0,
            "인프라총점":54.4,
            "초등학군":86.49,
            "중학군":48.94,
            "학군총점":56.45,
            "인구수":26.59,
            "인구증감":100.0,
            "인구총점":48.613,
            "일자리":12.9,
            "소득수준":67.86,
            "일자리총점":29.388,
            "가치 총점":55.8225,
            "매매실거래년":20211201.0,
            "매매실거래가":28200.0,
            "전세실거래년":20211218.0,
            "전세실거래가":15750.0,
            "전세가율":73.6,
            "장기전세가율평균":68.76,
            "전세가율거품지수":-4.84,
            "검색코드":101485,
            "세대수":439.0,
            "준공년월":"2009-01-16",
            "준공년차":14.0,
            "가까운역이름":"NA",
            "가까운역거리":"NA",
            "역세권여부":"NA",
            "30분이내주요거점역":"NA",
            "1시간이내주요거점역":"NA",
            "3km이내백화점수":1,
            "5km이내아울렛몰수":0,
            "1km이내대형먀트수":0,
            "500m이내은행수":2,
            "500m이내병원수":0,
            "5km이내대형병원수":4,
            "500m이내공원수":1,
            "3km이내혐오시설수":0,
            "초등학교학업성취도":86.49,
            "중학교학업성취도":80.1,
            "용적률":242,
            "건폐율":21,
            "Y":35.212813,
            "X":128.676748,
            "rank":41.0,
            "area_info":"23평(77.55), 32평(107.65), 32평(108.74), 43평(143.84)",
            "last_sales":"2021-12-01,28200.0,32평(107.65)"
        },
        {
            "index":152,
            "아파트명":"성원남산3차(301~308동)",
            "투자타입":"재건축",
            "전용면적(m2)":"68.81",
            "전용면적(평)":"20평",
            "법정동주소":"경상남도 창원시 성산구 대방동 355",
            "도로명주소":"경상남도 창원시 성산구 대암로 82",
            "세대수":90,
            "입주년차":"--",
            "용적률점수":0,
            "건폐율점수":0,
            "세대당주차수":"--",
            "난방방식":"--",
            "공급면적":50,
            "전용률":60,
            "욕실수":"--",
            "현관타입":"--",
            "주거총점":32.5,
            "지역구공급총점":0.0,
            "역세권":"NA",
            "30분내 이동가능 거점":"NA",
            "1시간내 이동가능 거점":"NA",
            "교통총점":"NA",
            "백화점":100,
            "아울렛몰":0,
            "대형마트":100,
            "은행":0,
            "병원":60,
            "종합병원":100,
            "공원":100,
            "혐오시설":0,
            "인프라총점":74.0,
            "초등학군":85.84,
            "중학군":51.24,
            "학군총점":58.16,
            "인구수":26.59,
            "인구증감":100.0,
            "인구총점":48.613,
            "일자리":12.9,
            "소득수준":67.86,
            "일자리총점":29.388,
            "가치 총점":55.515,
            "매매실거래년":"18000101",
            "매매실거래가":null,
            "전세실거래년":null,
            "전세실거래가":null,
            "전세가율":null,
            "장기전세가율평균":68.76,
            "전세가율거품지수":null,
            "검색코드":106374,
            "세대수":1397.0,
            "준공년월":"1992-11-30",
            "준공년차":31.0,
            "가까운역이름":"NA",
            "가까운역거리":"NA",
            "역세권여부":"NA",
            "30분이내주요거점역":"NA",
            "1시간이내주요거점역":"NA",
            "3km이내백화점수":1,
            "5km이내아울렛몰수":0,
            "1km이내대형먀트수":3,
            "500m이내은행수":1,
            "500m이내병원수":11,
            "5km이내대형병원수":3,
            "500m이내공원수":2,
            "3km이내혐오시설수":0,
            "초등학교학업성취도":85.84,
            "중학교학업성취도":84.6,
            "용적률":0,
            "건폐율":0,
            "Y":35.215205,
            "X":128.706083,
            "rank":42.0,
            "area_info":"20평(68.81), 24평(80.32), 32평(105.88)",
            "last_sales":"1800-01-01,nan,20평(68.81)"
        },
        {
            "index":155,
            "아파트명":"성원남산3차(309~311동)",
            "투자타입":"재건축",
            "전용면적(m2)":"62.42",
            "전용면적(평)":"18평",
            "법정동주소":"경상남도 창원시 성산구 대방동 355",
            "도로명주소":"경상남도 창원시 성산구 대암로 126",
            "세대수":90,
            "입주년차":"--",
            "용적률점수":0,
            "건폐율점수":0,
            "세대당주차수":"--",
            "난방방식":"--",
            "공급면적":50,
            "전용률":60,
            "욕실수":"--",
            "현관타입":"--",
            "주거총점":32.5,
            "지역구공급총점":0.0,
            "역세권":"NA",
            "30분내 이동가능 거점":"NA",
            "1시간내 이동가능 거점":"NA",
            "교통총점":"NA",
            "백화점":100,
            "아울렛몰":0,
            "대형마트":100,
            "은행":0,
            "병원":60,
            "종합병원":100,
            "공원":100,
            "혐오시설":0,
            "인프라총점":74.0,
            "초등학군":85.84,
            "중학군":51.24,
            "학군총점":58.16,
            "인구수":26.59,
            "인구증감":100.0,
            "인구총점":48.613,
            "일자리":12.9,
            "소득수준":67.86,
            "일자리총점":29.388,
            "가치 총점":55.515,
            "매매실거래년":20220110.0,
            "매매실거래가":12800.0,
            "전세실거래년":20220117.0,
            "전세실거래가":11500.0,
            "전세가율":89.84,
            "장기전세가율평균":68.76,
            "전세가율거품지수":-21.08,
            "검색코드":7688,
            "세대수":1017.0,
            "준공년월":"1992-11-30",
            "준공년차":31.0,
            "가까운역이름":"NA",
            "가까운역거리":"NA",
            "역세권여부":"NA",
            "30분이내주요거점역":"NA",
            "1시간이내주요거점역":"NA",
            "3km이내백화점수":1,
            "5km이내아울렛몰수":0,
            "1km이내대형먀트수":3,
            "500m이내은행수":1,
            "500m이내병원수":11,
            "5km이내대형병원수":3,
            "500m이내공원수":2,
            "3km이내혐오시설수":0,
            "초등학교학업성취도":85.84,
            "중학교학업성취도":84.6,
            "용적률":0,
            "건폐율":0,
            "Y":35.215214,
            "X":128.706083,
            "rank":42.0,
            "area_info":"18평(62.42)",
            "last_sales":"2022-01-10,12800.0,18평(62.42)"
        },
        {
            "index":293,
            "아파트명":"성원(토월그랜드타운)",
            "투자타입":"일반",
            "전용면적(m2)":"71.98",
            "전용면적(평)":"21평",
            "법정동주소":"경상남도 창원시 성산구 상남동 45-1",
            "도로명주소":"경상남도 창원시 성산구 원이대로 774",
            "세대수":100,
            "입주년차":0,
            "용적률점수":"--",
            "건폐율점수":"--",
            "세대당주차수":0,
            "난방방식":30,
            "공급면적":"--",
            "전용률":"--",
            "욕실수":50,
            "현관타입":10,
            "주거총점":44.0,
            "지역구공급총점":0.0,
            "역세권":"NA",
            "30분내 이동가능 거점":"NA",
            "1시간내 이동가능 거점":"NA",
            "교통총점":"NA",
            "백화점":100,
            "아울렛몰":0,
            "대형마트":0,
            "은행":20,
            "병원":60,
            "종합병원":100,
            "공원":100,
            "혐오시설":0,
            "인프라총점":61.0,
            "초등학군":91.17,
            "중학군":54.38,
            "학군총점":61.738,
            "인구수":26.59,
            "인구증감":100.0,
            "인구총점":48.613,
            "일자리":12.9,
            "소득수준":67.86,
            "일자리총점":29.388,
            "가치 총점":55.2345,
            "매매실거래년":20220105.0,
            "매매실거래가":30000.0,
            "전세실거래년":20220115.0,
            "전세실거래가":12000.0,
            "전세가율":54.55,
            "장기전세가율평균":68.76,
            "전세가율거품지수":14.21,
            "검색코드":7810,
            "세대수":6252.0,
            "준공년월":"1994-06-03",
            "준공년차":29.0,
            "가까운역이름":"NA",
            "가까운역거리":"NA",
            "역세권여부":"NA",
            "30분이내주요거점역":"NA",
            "1시간이내주요거점역":"NA",
            "3km이내백화점수":1,
            "5km이내아울렛몰수":0,
            "1km이내대형먀트수":0,
            "500m이내은행수":2,
            "500m이내병원수":27,
            "5km이내대형병원수":4,
            "500m이내공원수":3,
            "3km이내혐오시설수":0,
            "초등학교학업성취도":91.17,
            "중학교학업성취도":88.7,
            "용적률":364,
            "건폐율":21,
            "Y":35.21696,
            "X":128.692489,
            "rank":43.0,
            "area_info":"21평(71.98), 26평(86.39), 32평(107.16), 32평(107.17), 40평(132.76), 49평(164.9), 59평(198.22)",
            "last_sales":"2022-01-05,30000.0,26평(86.39)"
        },
        {
            "index":105,
            "아파트명":"목련",
            "투자타입":"재건축",
            "전용면적(m2)":"52.89",
            "전용면적(평)":"15평",
            "법정동주소":"경상남도 창원시 성산구 내동 454-1",
            "도로명주소":"경상남도 창원시 성산구 삼동로128번길 65",
            "세대수":0,
            "입주년차":"--",
            "용적률점수":100,
            "건폐율점수":60,
            "세대당주차수":"--",
            "난방방식":"--",
            "공급면적":50,
            "전용률":60,
            "욕실수":"--",
            "현관타입":"--",
            "주거총점":57.5,
            "지역구공급총점":0.0,
            "역세권":"NA",
            "30분내 이동가능 거점":"NA",
            "1시간내 이동가능 거점":"NA",
            "교통총점":"NA",
            "백화점":100,
            "아울렛몰":0,
            "대형마트":0,
            "은행":0,
            "병원":0,
            "종합병원":100,
            "공원":0,
            "혐오시설":0,
            "인프라총점":50.0,
            "초등학군":81.67,
            "중학군":49.64,
            "학군총점":56.046,
            "인구수":26.59,
            "인구증감":100.0,
            "인구총점":48.613,
            "일자리":12.9,
            "소득수준":67.86,
            "일자리총점":29.388,
            "가치 총점":54.1365,
            "매매실거래년":20211229.0,
            "매매실거래가":12500.0,
            "전세실거래년":20201201.0,
            "전세실거래가":2800.0,
            "전세가율":22.4,
            "장기전세가율평균":68.76,
            "전세가율거품지수":46.36,
            "검색코드":15727,
            "세대수":239.0,
            "준공년월":"1979-09-13",
            "준공년차":44.0,
            "가까운역이름":"NA",
            "가까운역거리":"NA",
            "역세권여부":"NA",
            "30분이내주요거점역":"NA",
            "1시간이내주요거점역":"NA",
            "3km이내백화점수":1,
            "5km이내아울렛몰수":0,
            "1km이내대형먀트수":0,
            "500m이내은행수":0,
            "500m이내병원수":0,
            "5km이내대형병원수":4,
            "500m이내공원수":0,
            "3km이내혐오시설수":0,
            "초등학교학업성취도":81.67,
            "중학교학업성취도":82.4,
            "용적률":113,
            "건폐율":31,
            "Y":35.221696,
            "X":128.662849,
            "rank":44.0,
            "area_info":"15평(52.89), 22평(76.03), 25평(82.65), 31평(102.48), 32평(105.79)",
            "last_sales":"2021-12-29,12500.0,15평(52.89)"
        },
        {
            "index":101,
            "아파트명":"한림엘리시온",
            "투자타입":"일반",
            "전용면적(m2)":"109.1",
            "전용면적(평)":"33평",
            "법정동주소":"경상남도 창원시 성산구 남양동 16",
            "도로명주소":"경상남도 창원시 성산구 대암로 8",
            "세대수":0,
            "입주년차":20,
            "용적률점수":"--",
            "건폐율점수":"--",
            "세대당주차수":30,
            "난방방식":30,
            "공급면적":"--",
            "전용률":"--",
            "욕실수":100,
            "현관타입":100,
            "주거총점":31.5,
            "지역구공급총점":0.0,
            "역세권":"NA",
            "30분내 이동가능 거점":"NA",
            "1시간내 이동가능 거점":"NA",
            "교통총점":"NA",
            "백화점":100,
            "아울렛몰":0,
            "대형마트":100,
            "은행":0,
            "병원":60,
            "종합병원":100,
            "공원":100,
            "혐오시설":0,
            "인프라총점":74.0,
            "초등학군":86.01,
            "중학군":45.28,
            "학군총점":53.426,
            "인구수":26.59,
            "인구증감":100.0,
            "인구총점":48.613,
            "일자리":12.9,
            "소득수준":67.86,
            "일자리총점":29.388,
            "가치 총점":53.9815,
            "매매실거래년":20211220.0,
            "매매실거래가":40500.0,
            "전세실거래년":20211116.0,
            "전세실거래가":25000.0,
            "전세가율":61.73,
            "장기전세가율평균":68.76,
            "전세가율거품지수":7.03,
            "검색코드":15726,
            "세대수":210.0,
            "준공년월":"2002-05-17",
            "준공년차":21.0,
            "가까운역이름":"NA",
            "가까운역거리":"NA",
            "역세권여부":"NA",
            "30분이내주요거점역":"NA",
            "1시간이내주요거점역":"NA",
            "3km이내백화점수":1,
            "5km이내아울렛몰수":0,
            "1km이내대형먀트수":3,
            "500m이내은행수":1,
            "500m이내병원수":13,
            "5km이내대형병원수":3,
            "500m이내공원수":3,
            "3km이내혐오시설수":0,
            "초등학교학업성취도":86.01,
            "중학교학업성취도":75.2,
            "용적률":218,
            "건폐율":15,
            "Y":35.213576,
            "X":128.697864,
            "rank":45.0,
            "area_info":"33평(109.1)",
            "last_sales":"2021-12-20,40500.0,33평(109.1)"
        },
        {
            "index":122,
            "아파트명":"창원월드메르디앙웨스턴애비뉴",
            "투자타입":"일반",
            "전용면적(m2)":"77.55",
            "전용면적(평)":"23평",
            "법정동주소":"경상남도 창원시 성산구 내동 452-14",
            "도로명주소":"경상남도 창원시 성산구 삼동로128번길 24",
            "세대수":50,
            "입주년차":60,
            "용적률점수":"--",
            "건폐율점수":"--",
            "세대당주차수":30,
            "난방방식":30,
            "공급면적":"--",
            "전용률":"--",
            "욕실수":100,
            "현관타입":100,
            "주거총점":57.0,
            "지역구공급총점":0.0,
            "역세권":"NA",
            "30분내 이동가능 거점":"NA",
            "1시간내 이동가능 거점":"NA",
            "교통총점":"NA",
            "백화점":100,
            "아울렛몰":0,
            "대형마트":0,
            "은행":0,
            "병원":0,
            "종합병원":100,
            "공원":0,
            "혐오시설":0,
            "인프라총점":50.0,
            "초등학군":81.67,
            "중학군":49.64,
            "학군총점":56.046,
            "인구수":26.59,
            "인구증감":100.0,
            "인구총점":48.613,
            "일자리":12.9,
            "소득수준":67.86,
            "일자리총점":29.388,
            "가치 총점":53.9615,
            "매매실거래년":20211224.0,
            "매매실거래가":20500.0,
            "전세실거래년":20211222.0,
            "전세실거래가":16800.0,
            "전세가율":81.95,
            "장기전세가율평균":68.76,
            "전세가율거품지수":-13.19,
            "검색코드":10888,
            "세대수":504.0,
            "준공년월":"2009-02-27",
            "준공년차":14.0,
            "가까운역이름":"NA",
            "가까운역거리":"NA",
            "역세권여부":"NA",
            "30분이내주요거점역":"NA",
            "1시간이내주요거점역":"NA",
            "3km이내백화점수":1,
            "5km이내아울렛몰수":0,
            "1km이내대형먀트수":0,
            "500m이내은행수":0,
            "500m이내병원수":0,
            "5km이내대형병원수":3,
            "500m이내공원수":0,
            "3km이내혐오시설수":0,
            "초등학교학업성취도":81.67,
            "중학교학업성취도":82.4,
            "용적률":244,
            "건폐율":21,
            "Y":35.223689,
            "X":128.657845,
            "rank":46.0,
            "area_info":"23평(77.55), 32평(107.65), 32평(108.74), 43평(143.91)",
            "last_sales":"2021-12-24,20500.0,23평(77.55)"
        },
        {
            "index":238,
            "아파트명":"대동1차",
            "투자타입":"재건축",
            "전용면적(m2)":"55.31",
            "전용면적(평)":"16평",
            "법정동주소":"경상남도 창원시 성산구 사파동 142",
            "도로명주소":"경상남도 창원시 성산구 신사로 106",
            "세대수":50,
            "입주년차":"--",
            "용적률점수":0,
            "건폐율점수":80,
            "세대당주차수":"--",
            "난방방식":"--",
            "공급면적":50,
            "전용률":80,
            "욕실수":"--",
            "현관타입":"--",
            "주거총점":37.5,
            "지역구공급총점":0.0,
            "역세권":"NA",
            "30분내 이동가능 거점":"NA",
            "1시간내 이동가능 거점":"NA",
            "교통총점":"NA",
            "백화점":100,
            "아울렛몰":0,
            "대형마트":0,
            "은행":70,
            "병원":80,
            "종합병원":100,
            "공원":100,
            "혐오시설":0,
            "인프라총점":68.0,
            "초등학군":88.63,
            "중학군":45.28,
            "학군총점":53.95,
            "인구수":26.59,
            "인구증감":100.0,
            "인구총점":48.613,
            "일자리":12.9,
            "소득수준":67.86,
            "일자리총점":29.388,
            "가치 총점":53.8125,
            "매매실거래년":20211215.0,
            "매매실거래가":34750.0,
            "전세실거래년":20210703.0,
            "전세실거래가":8500.0,
            "전세가율":31.48,
            "장기전세가율평균":68.76,
            "전세가율거품지수":37.28,
            "검색코드":7768,
            "세대수":400.0,
            "준공년월":"1988-06-30",
            "준공년차":35.0,
            "가까운역이름":"NA",
            "가까운역거리":"NA",
            "역세권여부":"NA",
            "30분이내주요거점역":"NA",
            "1시간이내주요거점역":"NA",
            "3km이내백화점수":1,
            "5km이내아울렛몰수":0,
            "1km이내대형먀트수":0,
            "500m이내은행수":3,
            "500m이내병원수":30,
            "5km이내대형병원수":4,
            "500m이내공원수":2,
            "3km이내혐오시설수":0,
            "초등학교학업성취도":88.63,
            "중학교학업성취도":75.2,
            "용적률":0,
            "건폐율":29,
            "Y":35.220567,
            "X":128.69553,
            "rank":47.0,
            "area_info":"16평(55.31), 18평(60.7), 19평(63.43)",
            "last_sales":"2021-12-15,34750.0,19평(63.43)"
        },
        {
            "index":386,
            "아파트명":"롯데맨션1단지",
            "투자타입":"재건축",
            "전용면적(m2)":"74.18",
            "전용면적(평)":"22평",
            "법정동주소":"경상남도 창원시 성산구 용호동 63",
            "도로명주소":"경상남도 창원시 성산구 용지로 229",
            "세대수":50,
            "입주년차":"--",
            "용적률점수":0,
            "건폐율점수":0,
            "세대당주차수":"--",
            "난방방식":"--",
            "공급면적":50,
            "전용률":100,
            "욕실수":"--",
            "현관타입":"--",
            "주거총점":22.5,
            "지역구공급총점":0.0,
            "역세권":"NA",
            "30분내 이동가능 거점":"NA",
            "1시간내 이동가능 거점":"NA",
            "교통총점":"NA",
            "백화점":100,
            "아울렛몰":0,
            "대형마트":100,
            "은행":70,
            "병원":0,
            "종합병원":100,
            "공원":100,
            "혐오시설":0,
            "인프라총점":75.0,
            "초등학군":88.47,
            "중학군":52.58,
            "학군총점":59.758,
            "인구수":26.59,
            "인구증감":100.0,
            "인구총점":48.613,
            "일자리":12.9,
            "소득수준":67.86,
            "일자리총점":29.388,
            "가치 총점":52.8145,
            "매매실거래년":20210903.0,
            "매매실거래가":79800.0,
            "전세실거래년":20211217.0,
            "전세실거래가":23000.0,
            "전세가율":36.57,
            "장기전세가율평균":68.76,
            "전세가율거품지수":32.19,
            "검색코드":14858,
            "세대수":600.0,
            "준공년월":"1984-11-21",
            "준공년차":39.0,
            "가까운역이름":"NA",
            "가까운역거리":"NA",
            "역세권여부":"NA",
            "30분이내주요거점역":"NA",
            "1시간이내주요거점역":"NA",
            "3km이내백화점수":1,
            "5km이내아울렛몰수":0,
            "1km이내대형먀트수":2,
            "500m이내은행수":4,
            "500m이내병원수":1,
            "5km이내대형병원수":4,
            "500m이내공원수":2,
            "3km이내혐오시설수":0,
            "초등학교학업성취도":88.47,
            "중학교학업성취도":84.5,
            "용적률":0,
            "건폐율":0,
            "Y":35.234796,
            "X":128.683533,
            "rank":48.0,
            "area_info":"22평(74.18), 26평(86.67), 26평(86.42), 32평(105.99), 36평(120.1), 36평(120.12), 42평(139.43), 45평(148.86)",
            "last_sales":"2021-09-03,79800.0,26평(86.42)"
        },
        {
            "index":375,
            "아파트명":"경남",
            "투자타입":"재건축",
            "전용면적(m2)":"64.62",
            "전용면적(평)":"19평",
            "법정동주소":"경상남도 창원시 성산구 외동 853-20",
            "도로명주소":"경상남도 창원시 성산구 창원대로780번길 48",
            "세대수":0,
            "입주년차":"--",
            "용적률점수":80,
            "건폐율점수":60,
            "세대당주차수":"--",
            "난방방식":"--",
            "공급면적":50,
            "전용률":80,
            "욕실수":"--",
            "현관타입":"--",
            "주거총점":50.5,
            "지역구공급총점":0.0,
            "역세권":"NA",
            "30분내 이동가능 거점":"NA",
            "1시간내 이동가능 거점":"NA",
            "교통총점":"NA",
            "백화점":100,
            "아울렛몰":0,
            "대형마트":0,
            "은행":0,
            "병원":0,
            "종합병원":100,
            "공원":80,
            "혐오시설":0,
            "인프라총점":52.4,
            "초등학군":86.49,
            "중학군":48.94,
            "학군총점":56.45,
            "인구수":26.59,
            "인구증감":100.0,
            "인구총점":48.613,
            "일자리":12.9,
            "소득수준":67.86,
            "일자리총점":29.388,
            "가치 총점":52.7475,
            "매매실거래년":20211014.0,
            "매매실거래가":9200.0,
            "전세실거래년":20151209.0,
            "전세실거래가":7000.0,
            "전세가율":83.33,
            "장기전세가율평균":68.76,
            "전세가율거품지수":-14.57,
            "검색코드":16834,
            "세대수":110.0,
            "준공년월":"1983-11-30",
            "준공년차":40.0,
            "가까운역이름":"NA",
            "가까운역거리":"NA",
            "역세권여부":"NA",
            "30분이내주요거점역":"NA",
            "1시간이내주요거점역":"NA",
            "3km이내백화점수":1,
            "5km이내아울렛몰수":0,
            "1km이내대형먀트수":0,
            "500m이내은행수":1,
            "500m이내병원수":0,
            "5km이내대형병원수":4,
            "500m이내공원수":1,
            "3km이내혐오시설수":0,
            "초등학교학업성취도":86.49,
            "중학교학업성취도":80.1,
            "용적률":161,
            "건폐율":32,
            "Y":35.211964,
            "X":128.678696,
            "rank":49.0,
            "area_info":"19평(64.62), 21평(70.5)",
            "last_sales":"2021-10-14,9200.0,21평(70.5)"
        },
        {
            "index":46,
            "아파트명":"창원자이",
            "투자타입":"일반",
            "전용면적(m2)":"157.99",
            "전용면적(평)":"47평",
            "법정동주소":"경상남도 창원시 성산구 가음동 21-36",
            "도로명주소":"경상남도 창원시 성산구 원이대로883번길 23",
            "세대수":0,
            "입주년차":40,
            "용적률점수":"--",
            "건폐율점수":"--",
            "세대당주차수":80,
            "난방방식":30,
            "공급면적":"--",
            "전용률":"--",
            "욕실수":100,
            "현관타입":100,
            "주거총점":43.0,
            "지역구공급총점":0.0,
            "역세권":"NA",
            "30분내 이동가능 거점":"NA",
            "1시간내 이동가능 거점":"NA",
            "교통총점":"NA",
            "백화점":100,
            "아울렛몰":0,
            "대형마트":0,
            "은행":0,
            "병원":60,
            "종합병원":100,
            "공원":100,
            "혐오시설":0,
            "인프라총점":59.0,
            "초등학군":86.63,
            "중학군":47.44,
            "학군총점":55.278,
            "인구수":26.59,
            "인구증감":100.0,
            "인구총점":48.613,
            "일자리":12.9,
            "소득수준":67.86,
            "일자리총점":29.388,
            "가치 총점":52.4695,
            "매매실거래년":20211118.0,
            "매매실거래가":69500.0,
            "전세실거래년":20170220.0,
            "전세실거래가":36000.0,
            "전세가율":58.06,
            "장기전세가율평균":68.76,
            "전세가율거품지수":10.7,
            "검색코드":27287,
            "세대수":136.0,
            "준공년월":"2008-10-24",
            "준공년차":15.0,
            "가까운역이름":"NA",
            "가까운역거리":"NA",
            "역세권여부":"NA",
            "30분이내주요거점역":"NA",
            "1시간이내주요거점역":"NA",
            "3km이내백화점수":1,
            "5km이내아울렛몰수":0,
            "1km이내대형먀트수":0,
            "500m이내은행수":1,
            "500m이내병원수":10,
            "5km이내대형병원수":3,
            "500m이내공원수":4,
            "3km이내혐오시설수":0,
            "초등학교학업성취도":86.63,
            "중학교학업성취도":78.0,
            "용적률":177,
            "건폐율":16,
            "Y":35.207056,
            "X":128.696875,
            "rank":50.0,
            "area_info":"47평(157.99), 48평(159.47), 56평(185.65)",
            "last_sales":"2021-11-18,69500.0,56평(185.65)"
        },
        {
            "index":157,
            "아파트명":"대원대동황토방1차",
            "투자타입":"일반",
            "전용면적(m2)":"104.1",
            "전용면적(평)":"31평",
            "법정동주소":"경상남도 창원시 성산구 대원동 80-1",
            "도로명주소":"경상남도 창원시 성산구 창원대로 548",
            "세대수":50,
            "입주년차":20,
            "용적률점수":"--",
            "건폐율점수":"--",
            "세대당주차수":30,
            "난방방식":30,
            "공급면적":"--",
            "전용률":"--",
            "욕실수":100,
            "현관타입":100,
            "주거총점":49.0,
            "지역구공급총점":0.0,
            "역세권":"NA",
            "30분내 이동가능 거점":"NA",
            "1시간내 이동가능 거점":"NA",
            "교통총점":"NA",
            "백화점":100,
            "아울렛몰":0,
            "대형마트":0,
            "은행":0,
            "병원":0,
            "종합병원":100,
            "공원":80,
            "혐오시설":0,
            "인프라총점":52.4,
            "초등학군":81.67,
            "중학군":49.64,
            "학군총점":56.046,
            "인구수":26.59,
            "인구증감":100.0,
            "인구총점":48.613,
            "일자리":12.9,
            "소득수준":67.86,
            "일자리총점":29.388,
            "가치 총점":52.1215,
            "매매실거래년":20211225.0,
            "매매실거래가":23900.0,
            "전세실거래년":20211222.0,
            "전세실거래가":15900.0,
            "전세가율":66.53,
            "장기전세가율평균":68.76,
            "전세가율거품지수":2.23,
            "검색코드":7701,
            "세대수":486.0,
            "준공년월":"1999-04-27",
            "준공년차":24.0,
            "가까운역이름":"NA",
            "가까운역거리":"NA",
            "역세권여부":"NA",
            "30분이내주요거점역":"NA",
            "1시간이내주요거점역":"NA",
            "3km이내백화점수":1,
            "5km이내아울렛몰수":0,
            "1km이내대형먀트수":0,
            "500m이내은행수":0,
            "500m이내병원수":0,
            "5km이내대형병원수":3,
            "500m이내공원수":1,
            "3km이내혐오시설수":0,
            "초등학교학업성취도":81.67,
            "중학교학업성취도":82.4,
            "용적률":230,
            "건폐율":23,
            "Y":35.226017,
            "X":128.654074,
            "rank":51.0,
            "area_info":"31평(104.1), 43평(143.35)",
            "last_sales":"2021-12-25,23900.0,31평(104.1)"
        },
        {
            "index":13,
            "아파트명":"창원가음정한림풀에버",
            "투자타입":"일반",
            "전용면적(m2)":"90.09",
            "전용면적(평)":"27평",
            "법정동주소":"경상남도 창원시 성산구 가음동 8",
            "도로명주소":"경상남도 창원시 성산구 가음정로23번길 10-21",
            "세대수":0,
            "입주년차":80,
            "용적률점수":"--",
            "건폐율점수":"--",
            "세대당주차수":30,
            "난방방식":30,
            "공급면적":"--",
            "전용률":"--",
            "욕실수":100,
            "현관타입":100,
            "주거총점":43.5,
            "지역구공급총점":0.0,
            "역세권":"NA",
            "30분내 이동가능 거점":"NA",
            "1시간내 이동가능 거점":"NA",
            "교통총점":"NA",
            "백화점":100,
            "아울렛몰":0,
            "대형마트":0,
            "은행":0,
            "병원":0,
            "종합병원":100,
            "공원":100,
            "혐오시설":0,
            "인프라총점":53.0,
            "초등학군":90.39,
            "중학군":54.38,
            "학군총점":61.582,
            "인구수":26.59,
            "인구증감":100.0,
            "인구총점":48.613,
            "일자리":12.9,
            "소득수준":67.86,
            "일자리총점":29.388,
            "가치 총점":51.8205,
            "매매실거래년":20211030.0,
            "매매실거래가":49500.0,
            "전세실거래년":20211227.0,
            "전세실거래가":36000.0,
            "전세가율":72.73,
            "장기전세가율평균":68.76,
            "전세가율거품지수":-3.97,
            "검색코드":112175,
            "세대수":266.0,
            "준공년월":"2014-07-17",
            "준공년차":9.0,
            "가까운역이름":"NA",
            "가까운역거리":"NA",
            "역세권여부":"NA",
            "30분이내주요거점역":"NA",
            "1시간이내주요거점역":"NA",
            "3km이내백화점수":1,
            "5km이내아울렛몰수":0,
            "1km이내대형먀트수":0,
            "500m이내은행수":0,
            "500m이내병원수":1,
            "5km이내대형병원수":4,
            "500m이내공원수":6,
            "3km이내혐오시설수":0,
            "초등학교학업성취도":90.39,
            "중학교학업성취도":88.7,
            "용적률":149,
            "건폐율":12,
            "Y":35.210741,
            "X":128.689317,
            "rank":52.0,
            "area_info":"27평(90.09), 27평(90.45), 34평(112.44), 34평(112.81)",
            "last_sales":"2021-10-30,49500.0,27평(90.09)"
        },
        {
            "index":126,
            "아파트명":"대동디지털황토",
            "투자타입":"일반",
            "전용면적(m2)":"85.13",
            "전용면적(평)":"25평",
            "법정동주소":"경상남도 창원시 성산구 대방동 371",
            "도로명주소":"경상남도 창원시 성산구 창이대로881번길 8",
            "세대수":80,
            "입주년차":20,
            "용적률점수":"--",
            "건폐율점수":"--",
            "세대당주차수":30,
            "난방방식":30,
            "공급면적":"--",
            "전용률":"--",
            "욕실수":50,
            "현관타입":100,
            "주거총점":54.5,
            "지역구공급총점":0.0,
            "역세권":"NA",
            "30분내 이동가능 거점":"NA",
            "1시간내 이동가능 거점":"NA",
            "교통총점":"NA",
            "백화점":0,
            "아울렛몰":0,
            "대형마트":100,
            "은행":0,
            "병원":60,
            "종합병원":100,
            "공원":100,
            "혐오시설":0,
            "인프라총점":44.0,
            "초등학군":89.49,
            "중학군":51.2,
            "학군총점":58.858,
            "인구수":26.59,
            "인구증감":100.0,
            "인구총점":48.613,
            "일자리":12.9,
            "소득수준":67.86,
            "일자리총점":29.388,
            "가치 총점":51.3895,
            "매매실거래년":20211217.0,
            "매매실거래가":44500.0,
            "전세실거래년":20211123.0,
            "전세실거래가":28000.0,
            "전세가율":80.92,
            "장기전세가율평균":68.76,
            "전세가율거품지수":-12.16,
            "검색코드":7674,
            "세대수":704.0,
            "준공년월":"2001-09-11",
            "준공년차":22.0,
            "가까운역이름":"NA",
            "가까운역거리":"NA",
            "역세권여부":"NA",
            "30분이내주요거점역":"NA",
            "1시간이내주요거점역":"NA",
            "3km이내백화점수":0,
            "5km이내아울렛몰수":0,
            "1km이내대형먀트수":3,
            "500m이내은행수":1,
            "500m이내병원수":22,
            "5km이내대형병원수":3,
            "500m이내공원수":5,
            "3km이내혐오시설수":0,
            "초등학교학업성취도":89.49,
            "중학교학업성취도":82.8,
            "용적률":261,
            "건폐율":14,
            "Y":35.206663,
            "X":128.70859,
            "rank":53.0,
            "area_info":"25평(85.13), 34평(114.45), 44평(148.19)",
            "last_sales":"2021-12-17,44500.0,34평(114.45)"
        },
        {
            "index":288,
            "아파트명":"상남대호타워",
            "투자타입":"일반",
            "전용면적(m2)":"83.06",
            "전용면적(평)":"25평",
            "법정동주소":"경상남도 창원시 성산구 상남동 64-3",
            "도로명주소":"경상남도 창원시 성산구 상남로24번길 13",
            "세대수":0,
            "입주년차":0,
            "용적률점수":"--",
            "건폐율점수":"--",
            "세대당주차수":0,
            "난방방식":30,
            "공급면적":"--",
            "전용률":"--",
            "욕실수":50,
            "현관타입":50,
            "주거총점":13.0,
            "지역구공급총점":0.0,
            "역세권":"NA",
            "30분내 이동가능 거점":"NA",
            "1시간내 이동가능 거점":"NA",
            "교통총점":"NA",
            "백화점":100,
            "아울렛몰":0,
            "대형마트":80,
            "은행":100,
            "병원":60,
            "종합병원":100,
            "공원":80,
            "혐오시설":0,
            "인프라총점":80.4,
            "초등학군":86.49,
            "중학군":48.94,
            "학군총점":56.45,
            "인구수":26.59,
            "인구증감":100.0,
            "인구총점":48.613,
            "일자리":12.9,
            "소득수준":67.86,
            "일자리총점":29.388,
            "가치 총점":50.8225,
            "매매실거래년":20211201.0,
            "매매실거래가":16900.0,
            "전세실거래년":20211115.0,
            "전세실거래가":13000.0,
            "전세가율":76.92,
            "장기전세가율평균":68.76,
            "전세가율거품지수":-8.16,
            "검색코드":7795,
            "세대수":159.0,
            "준공년월":"1993-09-03",
            "준공년차":30.0,
            "가까운역이름":"NA",
            "가까운역거리":"NA",
            "역세권여부":"NA",
            "30분이내주요거점역":"NA",
            "1시간이내주요거점역":"NA",
            "3km이내백화점수":1,
            "5km이내아울렛몰수":0,
            "1km이내대형먀트수":1,
            "500m이내은행수":9,
            "500m이내병원수":10,
            "5km이내대형병원수":4,
            "500m이내공원수":1,
            "3km이내혐오시설수":0,
            "초등학교학업성취도":86.49,
            "중학교학업성취도":80.1,
            "용적률":383,
            "건폐율":29,
            "Y":35.2171,
            "X":128.67768,
            "rank":54.0,
            "area_info":"25평(83.06), 33평(110.84), 49평(164.77), 50평(166.49), 54평(180.03)",
            "last_sales":"2021-12-01,16900.0,25평(83.06)"
        },
        {
            "index":415,
            "아파트명":"일동",
            "투자타입":"재건축",
            "전용면적(m2)":"57.71",
            "전용면적(평)":"17평",
            "법정동주소":"경상남도 창원시 성산구 용호동 66",
            "도로명주소":"경상남도 창원시 성산구 외동반림로 216",
            "세대수":80,
            "입주년차":"--",
            "용적률점수":0,
            "건폐율점수":0,
            "세대당주차수":"--",
            "난방방식":"--",
            "공급면적":50,
            "전용률":80,
            "욕실수":"--",
            "현관타입":"--",
            "주거총점":30.5,
            "지역구공급총점":0.0,
            "역세권":"NA",
            "30분내 이동가능 거점":"NA",
            "1시간내 이동가능 거점":"NA",
            "교통총점":"NA",
            "백화점":100,
            "아울렛몰":0,
            "대형마트":80,
            "은행":0,
            "병원":10,
            "종합병원":100,
            "공원":0,
            "혐오시설":0,
            "인프라총점":63.0,
            "초등학군":88.47,
            "중학군":52.58,
            "학군총점":59.758,
            "인구수":26.59,
            "인구증감":100.0,
            "인구총점":48.613,
            "일자리":12.9,
            "소득수준":67.86,
            "일자리총점":29.388,
            "가치 총점":50.8145,
            "매매실거래년":20211026.0,
            "매매실거래가":45800.0,
            "전세실거래년":20211023.0,
            "전세실거래가":15000.0,
            "전세가율":35.71,
            "장기전세가율평균":68.76,
            "전세가율거품지수":33.05,
            "검색코드":11007,
            "세대수":810.0,
            "준공년월":"1986-10-17",
            "준공년차":37.0,
            "가까운역이름":"NA",
            "가까운역거리":"NA",
            "역세권여부":"NA",
            "30분이내주요거점역":"NA",
            "1시간이내주요거점역":"NA",
            "3km이내백화점수":1,
            "5km이내아울렛몰수":0,
            "1km이내대형먀트수":1,
            "500m이내은행수":1,
            "500m이내병원수":2,
            "5km이내대형병원수":4,
            "500m이내공원수":0,
            "3km이내혐오시설수":0,
            "초등학교학업성취도":88.47,
            "중학교학업성취도":84.5,
            "용적률":0,
            "건폐율":0,
            "Y":35.236842,
            "X":128.678694,
            "rank":55.0,
            "area_info":"17평(57.71), 20평(66.34)",
            "last_sales":"2021-10-26,45800.0,20평(66.34)"
        },
        {
            "index":110,
            "아파트명":"삼미종합특수강",
            "투자타입":"재건축",
            "전용면적(m2)":"69.42",
            "전용면적(평)":"20평",
            "법정동주소":"경상남도 창원시 성산구 내동 454-11",
            "도로명주소":"경상남도 창원시 성산구 연덕로 183",
            "세대수":0,
            "입주년차":"--",
            "용적률점수":100,
            "건폐율점수":0,
            "세대당주차수":"--",
            "난방방식":"--",
            "공급면적":50,
            "전용률":60,
            "욕실수":"--",
            "현관타입":"--",
            "주거총점":45.5,
            "지역구공급총점":0.0,
            "역세권":"NA",
            "30분내 이동가능 거점":"NA",
            "1시간내 이동가능 거점":"NA",
            "교통총점":"NA",
            "백화점":100,
            "아울렛몰":0,
            "대형마트":0,
            "은행":0,
            "병원":10,
            "종합병원":100,
            "공원":0,
            "혐오시설":0,
            "인프라총점":51.0,
            "초등학군":81.67,
            "중학군":49.64,
            "학군총점":56.046,
            "인구수":26.59,
            "인구증감":100.0,
            "인구총점":48.613,
            "일자리":12.9,
            "소득수준":67.86,
            "일자리총점":29.388,
            "가치 총점":50.3365,
            "매매실거래년":20211218.0,
            "매매실거래가":10500.0,
            "전세실거래년":20210507.0,
            "전세실거래가":5000.0,
            "전세가율":47.62,
            "장기전세가율평균":68.76,
            "전세가율거품지수":21.14,
            "검색코드":16773,
            "세대수":100.0,
            "준공년월":"1976-12-23",
            "준공년차":47.0,
            "가까운역이름":"NA",
            "가까운역거리":"NA",
            "역세권여부":"NA",
            "30분이내주요거점역":"NA",
            "1시간이내주요거점역":"NA",
            "3km이내백화점수":1,
            "5km이내아울렛몰수":0,
            "1km이내대형먀트수":0,
            "500m이내은행수":0,
            "500m이내병원수":2,
            "5km이내대형병원수":4,
            "500m이내공원수":0,
            "3km이내혐오시설수":0,
            "초등학교학업성취도":81.67,
            "중학교학업성취도":82.4,
            "용적률":138,
            "건폐율":40,
            "Y":35.219355,
            "X":128.665741,
            "rank":56.0,
            "area_info":"20평(69.42), 22평(72.73)",
            "last_sales":"2021-12-18,10500.0,20평(69.42)"
        },
        {
            "index":306,
            "아파트명":"유니온빌리지",
            "투자타입":"일반",
            "전용면적(m2)":"107.9",
            "전용면적(평)":"32평",
            "법정동주소":"경상남도 창원시 성산구 성주동 153",
            "도로명주소":"경상남도 창원시 성산구 삼정자로 79",
            "세대수":90,
            "입주년차":40,
            "용적률점수":"--",
            "건폐율점수":"--",
            "세대당주차수":60,
            "난방방식":30,
            "공급면적":"--",
            "전용률":"--",
            "욕실수":100,
            "현관타입":100,
            "주거총점":71.5,
            "지역구공급총점":0.0,
            "역세권":"NA",
            "30분내 이동가능 거점":"NA",
            "1시간내 이동가능 거점":"NA",
            "교통총점":"NA",
            "백화점":0,
            "아울렛몰":0,
            "대형마트":0,
            "은행":0,
            "병원":0,
            "종합병원":100,
            "공원":100,
            "혐오시설":0,
            "인프라총점":23.0,
            "초등학군":91.23,
            "중학군":55.44,
            "학군총점":62.598,
            "인구수":26.59,
            "인구증감":100.0,
            "인구총점":48.613,
            "일자리":12.9,
            "소득수준":67.86,
            "일자리총점":29.388,
            "가치 총점":49.8745,
            "매매실거래년":20211225.0,
            "매매실거래가":79000.0,
            "전세실거래년":20220109.0,
            "전세실거래가":42000.0,
            "전세가율":88.79,
            "장기전세가율평균":68.76,
            "전세가율거품지수":-20.03,
            "검색코드":17375,
            "세대수":1360.0,
            "준공년월":"2005-10-27",
            "준공년차":18.0,
            "가까운역이름":"NA",
            "가까운역거리":"NA",
            "역세권여부":"NA",
            "30분이내주요거점역":"NA",
            "1시간이내주요거점역":"NA",
            "3km이내백화점수":0,
            "5km이내아울렛몰수":0,
            "1km이내대형먀트수":0,
            "500m이내은행수":0,
            "500m이내병원수":1,
            "5km이내대형병원수":3,
            "500m이내공원수":3,
            "3km이내혐오시설수":0,
            "초등학교학업성취도":91.23,
            "중학교학업성취도":88.4,
            "용적률":217,
            "건폐율":14,
            "Y":35.199873,
            "X":128.715241,
            "rank":57.0,
            "area_info":"32평(107.9), 40평(133.43), 49평(163.72), 55평(184.4), 66평(221.13)",
            "last_sales":"2021-12-25,79000.0,66평(221.13)"
        },
        {
            "index":138,
            "아파트명":"대방대동황토방",
            "투자타입":"일반",
            "전용면적(m2)":"84.29",
            "전용면적(평)":"25평",
            "법정동주소":"경상남도 창원시 성산구 대방동 367",
            "도로명주소":"경상남도 창원시 성산구 창이대로881번길 19",
            "세대수":80,
            "입주년차":20,
            "용적률점수":"--",
            "건폐율점수":"--",
            "세대당주차수":0,
            "난방방식":30,
            "공급면적":"--",
            "전용률":"--",
            "욕실수":50,
            "현관타입":100,
            "주거총점":50.0,
            "지역구공급총점":0.0,
            "역세권":"NA",
            "30분내 이동가능 거점":"NA",
            "1시간내 이동가능 거점":"NA",
            "교통총점":"NA",
            "백화점":0,
            "아울렛몰":0,
            "대형마트":100,
            "은행":0,
            "병원":60,
            "종합병원":100,
            "공원":100,
            "혐오시설":0,
            "인프라총점":44.0,
            "초등학군":87.89,
            "중학군":51.24,
            "학군총점":58.57,
            "인구수":26.59,
            "인구증감":100.0,
            "인구총점":48.613,
            "일자리":12.9,
            "소득수준":67.86,
            "일자리총점":29.388,
            "가치 총점":49.7425,
            "매매실거래년":20220113.0,
            "매매실거래가":40500.0,
            "전세실거래년":20211221.0,
            "전세실거래가":28000.0,
            "전세가율":93.8,
            "장기전세가율평균":68.76,
            "전세가율거품지수":-25.04,
            "검색코드":100888,
            "세대수":708.0,
            "준공년월":"2001-05-24",
            "준공년차":22.0,
            "가까운역이름":"NA",
            "가까운역거리":"NA",
            "역세권여부":"NA",
            "30분이내주요거점역":"NA",
            "1시간이내주요거점역":"NA",
            "3km이내백화점수":0,
            "5km이내아울렛몰수":0,
            "1km이내대형먀트수":3,
            "500m이내은행수":1,
            "500m이내병원수":21,
            "5km이내대형병원수":3,
            "500m이내공원수":2,
            "3km이내혐오시설수":0,
            "초등학교학업성취도":87.89,
            "중학교학업성취도":84.6,
            "용적률":261,
            "건폐율":20,
            "Y":35.208219,
            "X":128.70923,
            "rank":58.0,
            "area_info":"25평(84.29), 34평(112.84), 44평(148.35)",
            "last_sales":"2022-01-13,40500.0,34평(112.84)"
        },
        {
            "index":156,
            "아파트명":"대원대동2차",
            "투자타입":"일반",
            "전용면적(m2)":"172.92",
            "전용면적(평)":"52평",
            "법정동주소":"경상남도 창원시 성산구 대원동 80",
            "도로명주소":"경상남도 창원시 성산구 창원대로 538",
            "세대수":0,
            "입주년차":20,
            "용적률점수":"--",
            "건폐율점수":"--",
            "세대당주차수":80,
            "난방방식":30,
            "공급면적":"--",
            "전용률":"--",
            "욕실수":100,
            "현관타입":100,
            "주거총점":39.0,
            "지역구공급총점":0.0,
            "역세권":"NA",
            "30분내 이동가능 거점":"NA",
            "1시간내 이동가능 거점":"NA",
            "교통총점":"NA",
            "백화점":100,
            "아울렛몰":0,
            "대형마트":0,
            "은행":0,
            "병원":0,
            "종합병원":100,
            "공원":80,
            "혐오시설":0,
            "인프라총점":52.4,
            "초등학군":81.67,
            "중학군":49.64,
            "학군총점":56.046,
            "인구수":26.59,
            "인구증감":100.0,
            "인구총점":48.613,
            "일자리":12.9,
            "소득수준":67.86,
            "일자리총점":29.388,
            "가치 총점":48.6215,
            "매매실거래년":20211124.0,
            "매매실거래가":33300.0,
            "전세실거래년":20211124.0,
            "전세실거래가":27000.0,
            "전세가율":81.08,
            "장기전세가율평균":68.76,
            "전세가율거품지수":-12.32,
            "검색코드":15742,
            "세대수":148.0,
            "준공년월":"1999-09-15",
            "준공년차":24.0,
            "가까운역이름":"NA",
            "가까운역거리":"NA",
            "역세권여부":"NA",
            "30분이내주요거점역":"NA",
            "1시간이내주요거점역":"NA",
            "3km이내백화점수":1,
            "5km이내아울렛몰수":0,
            "1km이내대형먀트수":0,
            "500m이내은행수":0,
            "500m이내병원수":0,
            "5km이내대형병원수":3,
            "500m이내공원수":1,
            "3km이내혐오시설수":0,
            "초등학교학업성취도":81.67,
            "중학교학업성취도":82.4,
            "용적률":205,
            "건폐율":22,
            "Y":35.226545,
            "X":128.653133,
            "rank":59.0,
            "area_info":"52평(172.92)",
            "last_sales":"2021-11-24,33300.0,52평(172.92)"
        },
        {
            "index":258,
            "아파트명":"삼익1차",
            "투자타입":"재건축",
            "전용면적(m2)":"48.7",
            "전용면적(평)":"14평",
            "법정동주소":"경상남도 창원시 성산구 사파동 147",
            "도로명주소":"경상남도 창원시 성산구 원이대로773번길 13",
            "세대수":50,
            "입주년차":"--",
            "용적률점수":0,
            "건폐율점수":0,
            "세대당주차수":"--",
            "난방방식":"--",
            "공급면적":50,
            "전용률":80,
            "욕실수":"--",
            "현관타입":"--",
            "주거총점":21.5,
            "지역구공급총점":0.0,
            "역세권":"NA",
            "30분내 이동가능 거점":"NA",
            "1시간내 이동가능 거점":"NA",
            "교통총점":"NA",
            "백화점":100,
            "아울렛몰":0,
            "대형마트":0,
            "은행":70,
            "병원":80,
            "종합병원":100,
            "공원":100,
            "혐오시설":0,
            "인프라총점":68.0,
            "초등학군":88.63,
            "중학군":45.28,
            "학군총점":53.95,
            "인구수":26.59,
            "인구증감":100.0,
            "인구총점":48.613,
            "일자리":12.9,
            "소득수준":67.86,
            "일자리총점":29.388,
            "가치 총점":48.2125,
            "매매실거래년":20211119.0,
            "매매실거래가":50400.0,
            "전세실거래년":20220111.0,
            "전세실거래가":10000.0,
            "전세가율":32.26,
            "장기전세가율평균":68.76,
            "전세가율거품지수":36.5,
            "검색코드":7783,
            "세대수":570.0,
            "준공년월":"1988-09-03",
            "준공년차":35.0,
            "가까운역이름":"NA",
            "가까운역거리":"NA",
            "역세권여부":"NA",
            "30분이내주요거점역":"NA",
            "1시간이내주요거점역":"NA",
            "3km이내백화점수":1,
            "5km이내아울렛몰수":0,
            "1km이내대형먀트수":0,
            "500m이내은행수":3,
            "500m이내병원수":32,
            "5km이내대형병원수":4,
            "500m이내공원수":2,
            "3km이내혐오시설수":0,
            "초등학교학업성취도":88.63,
            "중학교학업성취도":75.2,
            "용적률":0,
            "건폐율":0,
            "Y":35.219166,
            "X":128.694617,
            "rank":60.0,
            "area_info":"14평(48.7), 18평(59.84), 21평(70.9), 21평(70.81)",
            "last_sales":"2021-11-19,50400.0,21평(70.9)"
        },
        {
            "index":311,
            "아파트명":"프리빌리지",
            "투자타입":"일반",
            "전용면적(m2)":"110.15",
            "전용면적(평)":"33평",
            "법정동주소":"경상남도 창원시 성산구 성주동 101",
            "도로명주소":"경상남도 창원시 성산구 대암로 253",
            "세대수":90,
            "입주년차":20,
            "용적률점수":"--",
            "건폐율점수":"--",
            "세대당주차수":30,
            "난방방식":30,
            "공급면적":"--",
            "전용률":"--",
            "욕실수":100,
            "현관타입":100,
            "주거총점":63.0,
            "지역구공급총점":0.0,
            "역세권":"NA",
            "30분내 이동가능 거점":"NA",
            "1시간내 이동가능 거점":"NA",
            "교통총점":"NA",
            "백화점":0,
            "아울렛몰":0,
            "대형마트":0,
            "은행":0,
            "병원":30,
            "종합병원":100,
            "공원":100,
            "혐오시설":0,
            "인프라총점":26.0,
            "초등학군":89.49,
            "중학군":55.44,
            "학군총점":62.25,
            "인구수":26.59,
            "인구증감":100.0,
            "인구총점":48.613,
            "일자리":12.9,
            "소득수준":67.86,
            "일자리총점":29.388,
            "가치 총점":48.0125,
            "매매실거래년":20211226.0,
            "매매실거래가":53500.0,
            "전세실거래년":20211226.0,
            "전세실거래가":48000.0,
            "전세가율":89.72,
            "장기전세가율평균":68.76,
            "전세가율거품지수":-20.96,
            "검색코드":101107,
            "세대수":1062.0,
            "준공년월":"2003-10-30",
            "준공년차":20.0,
            "가까운역이름":"NA",
            "가까운역거리":"NA",
            "역세권여부":"NA",
            "30분이내주요거점역":"NA",
            "1시간이내주요거점역":"NA",
            "3km이내백화점수":0,
            "5km이내아울렛몰수":0,
            "1km이내대형먀트수":0,
            "500m이내은행수":0,
            "500m이내병원수":7,
            "5km이내대형병원수":3,
            "500m이내공원수":4,
            "3km이내혐오시설수":0,
            "초등학교학업성취도":89.49,
            "중학교학업성취도":88.4,
            "용적률":210,
            "건폐율":13,
            "Y":35.20338,
            "X":128.710517,
            "rank":61.0,
            "area_info":"33평(110.15), 38평(128.75), 45평(150.53), 50평(165.8), 59평(195.31)",
            "last_sales":"2021-12-26,53500.0,33평(110.15)"
        },
        {
            "index":54,
            "아파트명":"소라",
            "투자타입":"재건축",
            "전용면적(m2)":"83.34",
            "전용면적(평)":"25평",
            "법정동주소":"경상남도 창원시 성산구 가음정동 391-10",
            "도로명주소":"경상남도 창원시 성산구 성산패총로178번길 51",
            "세대수":30,
            "입주년차":"--",
            "용적률점수":0,
            "건폐율점수":80,
            "세대당주차수":"--",
            "난방방식":"--",
            "공급면적":70,
            "전용률":60,
            "욕실수":"--",
            "현관타입":"--",
            "주거총점":31.5,
            "지역구공급총점":0.0,
            "역세권":"NA",
            "30분내 이동가능 거점":"NA",
            "1시간내 이동가능 거점":"NA",
            "교통총점":"NA",
            "백화점":100,
            "아울렛몰":0,
            "대형마트":0,
            "은행":0,
            "병원":10,
            "종합병원":100,
            "공원":100,
            "혐오시설":0,
            "인프라총점":54.0,
            "초등학군":90.39,
            "중학군":53.82,
            "학군총점":61.134,
            "인구수":26.59,
            "인구증감":100.0,
            "인구총점":48.613,
            "일자리":12.9,
            "소득수준":67.86,
            "일자리총점":29.388,
            "가치 총점":47.9085,
            "매매실거래년":20220103.0,
            "매매실거래가":18000.0,
            "전세실거래년":20220117.0,
            "전세실거래가":12500.0,
            "전세가율":90.58,
            "장기전세가율평균":68.76,
            "전세가율거품지수":-21.82,
            "검색코드":7600,
            "세대수":348.0,
            "준공년월":"1990-01-18",
            "준공년차":33.0,
            "가까운역이름":"NA",
            "가까운역거리":"NA",
            "역세권여부":"NA",
            "30분이내주요거점역":"NA",
            "1시간이내주요거점역":"NA",
            "3km이내백화점수":1,
            "5km이내아울렛몰수":0,
            "1km이내대형먀트수":0,
            "500m이내은행수":0,
            "500m이내병원수":2,
            "5km이내대형병원수":3,
            "500m이내공원수":2,
            "3km이내혐오시설수":0,
            "초등학교학업성취도":90.39,
            "중학교학업성취도":86.5,
            "용적률":227,
            "건폐율":21,
            "Y":35.207534,
            "X":128.687357,
            "rank":62.0,
            "area_info":"25평(83.34), 30평(102.1)",
            "last_sales":"2022-01-03,18000.0,30평(102.1)"
        },
        {
            "index":232,
            "아파트명":"까치2차",
            "투자타입":"재건축",
            "전용면적(m2)":"59.36",
            "전용면적(평)":"17평",
            "법정동주소":"경상남도 창원시 성산구 반지동 24",
            "도로명주소":"경상남도 창원시 성산구 창원천로 256",
            "세대수":50,
            "입주년차":"--",
            "용적률점수":0,
            "건폐율점수":80,
            "세대당주차수":"--",
            "난방방식":"--",
            "공급면적":50,
            "전용률":100,
            "욕실수":"--",
            "현관타입":"--",
            "주거총점":38.5,
            "지역구공급총점":0.0,
            "역세권":"NA",
            "30분내 이동가능 거점":"NA",
            "1시간내 이동가능 거점":"NA",
            "교통총점":"NA",
            "백화점":100,
            "아울렛몰":0,
            "대형마트":0,
            "은행":0,
            "병원":30,
            "종합병원":100,
            "공원":100,
            "혐오시설":0,
            "인프라총점":56.0,
            "초등학군":83.6,
            "중학군":36.72,
            "학군총점":46.096,
            "인구수":26.59,
            "인구증감":100.0,
            "인구총점":48.613,
            "일자리":12.9,
            "소득수준":67.86,
            "일자리총점":29.388,
            "가치 총점":47.399,
            "매매실거래년":20220103.0,
            "매매실거래가":15500.0,
            "전세실거래년":20211130.0,
            "전세실거래가":15000.0,
            "전세가율":96.77,
            "장기전세가율평균":68.76,
            "전세가율거품지수":-28.01,
            "검색코드":7752,
            "세대수":416.0,
            "준공년월":"1991-06-03",
            "준공년차":32.0,
            "가까운역이름":"NA",
            "가까운역거리":"NA",
            "역세권여부":"NA",
            "30분이내주요거점역":"NA",
            "1시간이내주요거점역":"NA",
            "3km이내백화점수":1,
            "5km이내아울렛몰수":0,
            "1km이내대형먀트수":0,
            "500m이내은행수":1,
            "500m이내병원수":7,
            "5km이내대형병원수":3,
            "500m이내공원수":3,
            "3km이내혐오시설수":0,
            "초등학교학업성취도":83.6,
            "중학교학업성취도":61.2,
            "용적률":269,
            "건폐율":22,
            "Y":35.245314,
            "X":128.667568,
            "rank":63.0,
            "area_info":"17평(59.36)",
            "last_sales":"2022-01-03,15500.0,17평(59.36)"
        },
        {
            "index":233,
            "아파트명":"반송대동",
            "투자타입":"재건축",
            "전용면적(m2)":"83.39",
            "전용면적(평)":"25평",
            "법정동주소":"경상남도 창원시 성산구 반지동 23",
            "도로명주소":"경상남도 창원시 성산구 창원천로 292",
            "세대수":90,
            "입주년차":"--",
            "용적률점수":0,
            "건폐율점수":0,
            "세대당주차수":"--",
            "난방방식":"--",
            "공급면적":70,
            "전용률":80,
            "욕실수":"--",
            "현관타입":"--",
            "주거총점":34.5,
            "지역구공급총점":0.0,
            "역세권":"NA",
            "30분내 이동가능 거점":"NA",
            "1시간내 이동가능 거점":"NA",
            "교통총점":"NA",
            "백화점":100,
            "아울렛몰":0,
            "대형마트":0,
            "은행":0,
            "병원":30,
            "종합병원":100,
            "공원":100,
            "혐오시설":0,
            "인프라총점":56.0,
            "초등학군":83.6,
            "중학군":41.1,
            "학군총점":49.6,
            "인구수":26.59,
            "인구증감":100.0,
            "인구총점":48.613,
            "일자리":12.9,
            "소득수준":67.86,
            "일자리총점":29.388,
            "가치 총점":46.875,
            "매매실거래년":20211231.0,
            "매매실거래가":26000.0,
            "전세실거래년":20211117.0,
            "전세실거래가":18000.0,
            "전세가율":69.23,
            "장기전세가율평균":68.76,
            "전세가율거품지수":-0.47,
            "검색코드":7754,
            "세대수":1292.0,
            "준공년월":"1991-07-29",
            "준공년차":32.0,
            "가까운역이름":"NA",
            "가까운역거리":"NA",
            "역세권여부":"NA",
            "30분이내주요거점역":"NA",
            "1시간이내주요거점역":"NA",
            "3km이내백화점수":1,
            "5km이내아울렛몰수":0,
            "1km이내대형먀트수":0,
            "500m이내은행수":1,
            "500m이내병원수":7,
            "5km이내대형병원수":3,
            "500m이내공원수":2,
            "3km이내혐오시설수":0,
            "초등학교학업성취도":83.6,
            "중학교학업성취도":67.5,
            "용적률":0,
            "건폐율":0,
            "Y":35.244707,
            "X":128.669837,
            "rank":64.0,
            "area_info":"25평(83.39), 30평(100.92), 30평(101.04), 43평(143.35), 44평(147.1)",
            "last_sales":"2021-12-31,26000.0,25평(83.39)"
        },
        {
            "index":316,
            "아파트명":"프리빌리지2차",
            "투자타입":"일반",
            "전용면적(m2)":"111.28",
            "전용면적(평)":"33평",
            "법정동주소":"경상남도 창원시 성산구 성주동 168",
            "도로명주소":"경상남도 창원시 성산구 창원대로1209번길 22",
            "세대수":50,
            "입주년차":60,
            "용적률점수":"--",
            "건폐율점수":"--",
            "세대당주차수":60,
            "난방방식":30,
            "공급면적":"--",
            "전용률":"--",
            "욕실수":100,
            "현관타입":100,
            "주거총점":61.5,
            "지역구공급총점":0.0,
            "역세권":"NA",
            "30분내 이동가능 거점":"NA",
            "1시간내 이동가능 거점":"NA",
            "교통총점":"NA",
            "백화점":0,
            "아울렛몰":0,
            "대형마트":0,
            "은행":0,
            "병원":0,
            "종합병원":100,
            "공원":100,
            "혐오시설":0,
            "인프라총점":23.0,
            "초등학군":91.23,
            "중학군":55.44,
            "학군총점":62.598,
            "인구수":26.59,
            "인구증감":100.0,
            "인구총점":48.613,
            "일자리":12.9,
            "소득수준":67.86,
            "일자리총점":29.388,
            "가치 총점":46.3745,
            "매매실거래년":20211207.0,
            "매매실거래가":63000.0,
            "전세실거래년":20211225.0,
            "전세실거래가":28350.0,
            "전세가율":54.84,
            "장기전세가율평균":68.76,
            "전세가율거품지수":13.92,
            "검색코드":106792,
            "세대수":672.0,
            "준공년월":"2010-12-17",
            "준공년차":13.0,
            "가까운역이름":"NA",
            "가까운역거리":"NA",
            "역세권여부":"NA",
            "30분이내주요거점역":"NA",
            "1시간이내주요거점역":"NA",
            "3km이내백화점수":0,
            "5km이내아울렛몰수":0,
            "1km이내대형먀트수":0,
            "500m이내은행수":0,
            "500m이내병원수":0,
            "5km이내대형병원수":4,
            "500m이내공원수":6,
            "3km이내혐오시설수":0,
            "초등학교학업성취도":91.23,
            "중학교학업성취도":88.4,
            "용적률":220,
            "건폐율":17,
            "Y":35.195218,
            "X":128.717331,
            "rank":65.0,
            "area_info":"33평(111.28), 33평(111.11), 40평(132.52), 46평(152.07), 59평(196.16)",
            "last_sales":"2021-12-07,63000.0,46평(152.07)"
        },
        {
            "index":349,
            "아파트명":"양곡",
            "투자타입":"재건축",
            "전용면적(m2)":"100.94",
            "전용면적(평)":"30평",
            "법정동주소":"경상남도 창원시 성산구 신촌동 34-1",
            "도로명주소":"경상남도 창원시 성산구 신촌로 62",
            "세대수":0,
            "입주년차":"--",
            "용적률점수":100,
            "건폐율점수":80,
            "세대당주차수":"--",
            "난방방식":"--",
            "공급면적":90,
            "전용률":100,
            "욕실수":"--",
            "현관타입":"--",
            "주거총점":65.5,
            "지역구공급총점":0.0,
            "역세권":"NA",
            "30분내 이동가능 거점":"NA",
            "1시간내 이동가능 거점":"NA",
            "교통총점":"NA",
            "백화점":0,
            "아울렛몰":0,
            "대형마트":0,
            "은행":0,
            "병원":10,
            "종합병원":100,
            "공원":100,
            "혐오시설":0,
            "인프라총점":24.0,
            "초등학군":87.29,
            "중학군":47.02,
            "학군총점":55.074,
            "인구수":26.59,
            "인구증감":100.0,
            "인구총점":48.613,
            "일자리":12.9,
            "소득수준":67.86,
            "일자리총점":29.388,
            "가치 총점":46.2935,
            "매매실거래년":20211225.0,
            "매매실거래가":17700.0,
            "전세실거래년":20191115.0,
            "전세실거래가":8000.0,
            "전세가율":45.2,
            "장기전세가율평균":68.76,
            "전세가율거품지수":23.56,
            "검색코드":15799,
            "세대수":130.0,
            "준공년월":"1978-11-11",
            "준공년차":45.0,
            "가까운역이름":"NA",
            "가까운역거리":"NA",
            "역세권여부":"NA",
            "30분이내주요거점역":"NA",
            "1시간이내주요거점역":"NA",
            "3km이내백화점수":0,
            "5km이내아울렛몰수":0,
            "1km이내대형먀트수":0,
            "500m이내은행수":1,
            "500m이내병원수":4,
            "5km이내대형병원수":2,
            "500m이내공원수":4,
            "3km이내혐오시설수":0,
            "초등학교학업성취도":87.29,
            "중학교학업성취도":77.7,
            "용적률":113,
            "건폐율":24,
            "Y":35.203945,
            "X":128.627791,
            "rank":66.0,
            "area_info":"30평(100.94), 36평(121.73), 36평(121.78)",
            "last_sales":"2021-12-25,17700.0,30평(100.94)"
        },
        {
            "index":63,
            "아파트명":"대우2차",
            "투자타입":"재건축",
            "전용면적(m2)":"65.07",
            "전용면적(평)":"19평",
            "법정동주소":"경상남도 창원시 성산구 남산동 601-1",
            "도로명주소":"경상남도 창원시 성산구 정동로162번길 31",
            "세대수":50,
            "입주년차":"--",
            "용적률점수":0,
            "건폐율점수":80,
            "세대당주차수":"--",
            "난방방식":"--",
            "공급면적":50,
            "전용률":60,
            "욕실수":"--",
            "현관타입":"--",
            "주거총점":36.5,
            "지역구공급총점":0.0,
            "역세권":"NA",
            "30분내 이동가능 거점":"NA",
            "1시간내 이동가능 거점":"NA",
            "교통총점":"NA",
            "백화점":100,
            "아울렛몰":0,
            "대형마트":0,
            "은행":0,
            "병원":0,
            "종합병원":100,
            "공원":0,
            "혐오시설":-50,
            "인프라총점":49.0,
            "초등학군":86.63,
            "중학군":47.44,
            "학군총점":55.278,
            "인구수":26.59,
            "인구증감":100.0,
            "인구총점":48.613,
            "일자리":12.9,
            "소득수준":67.86,
            "일자리총점":29.388,
            "가치 총점":46.1945,
            "매매실거래년":20220106.0,
            "매매실거래가":9500.0,
            "전세실거래년":20211213.0,
            "전세실거래가":7700.0,
            "전세가율":81.05,
            "장기전세가율평균":68.76,
            "전세가율거품지수":-12.29,
            "검색코드":7610,
            "세대수":408.0,
            "준공년월":"1991-09-12",
            "준공년차":32.0,
            "가까운역이름":"NA",
            "가까운역거리":"NA",
            "역세권여부":"NA",
            "30분이내주요거점역":"NA",
            "1시간이내주요거점역":"NA",
            "3km이내백화점수":1,
            "5km이내아울렛몰수":0,
            "1km이내대형먀트수":0,
            "500m이내은행수":0,
            "500m이내병원수":1,
            "5km이내대형병원수":3,
            "500m이내공원수":0,
            "3km이내혐오시설수":1,
            "초등학교학업성취도":86.63,
            "중학교학업성취도":78.0,
            "용적률":269,
            "건폐율":27,
            "Y":35.204002,
            "X":128.693434,
            "rank":67.0,
            "area_info":"19평(65.07), 25평(83.86), 25평(84.62), 29평(96.82), 29평(98.16)",
            "last_sales":"2022-01-06,9500.0,19평(65.07)"
        },
        {
            "index":335,
            "아파트명":"동성2차(21-5)",
            "투자타입":"재건축",
            "전용면적(m2)":"98.45",
            "전용면적(평)":"29평",
            "법정동주소":"경상남도 창원시 성산구 신촌동 21-5",
            "도로명주소":"경상남도 창원시 성산구 신촌로 43",
            "세대수":0,
            "입주년차":"--",
            "용적률점수":100,
            "건폐율점수":80,
            "세대당주차수":"--",
            "난방방식":"--",
            "공급면적":70,
            "전용률":80,
            "욕실수":"--",
            "현관타입":"--",
            "주거총점":63.5,
            "지역구공급총점":0.0,
            "역세권":"NA",
            "30분내 이동가능 거점":"NA",
            "1시간내 이동가능 거점":"NA",
            "교통총점":"NA",
            "백화점":0,
            "아울렛몰":0,
            "대형마트":0,
            "은행":0,
            "병원":10,
            "종합병원":100,
            "공원":80,
            "혐오시설":0,
            "인프라총점":23.4,
            "초등학군":87.29,
            "중학군":47.02,
            "학군총점":55.074,
            "인구수":26.59,
            "인구증감":100.0,
            "인구총점":48.613,
            "일자리":12.9,
            "소득수준":67.86,
            "일자리총점":29.388,
            "가치 총점":45.3535,
            "매매실거래년":20211103.0,
            "매매실거래가":20000.0,
            "전세실거래년":20191123.0,
            "전세실거래가":11000.0,
            "전세가율":69.18,
            "장기전세가율평균":68.76,
            "전세가율거품지수":-0.42,
            "검색코드":15796,
            "세대수":130.0,
            "준공년월":"1989-03-13",
            "준공년차":34.0,
            "가까운역이름":"NA",
            "가까운역거리":"NA",
            "역세권여부":"NA",
            "30분이내주요거점역":"NA",
            "1시간이내주요거점역":"NA",
            "3km이내백화점수":0,
            "5km이내아울렛몰수":0,
            "1km이내대형먀트수":0,
            "500m이내은행수":0,
            "500m이내병원수":3,
            "5km이내대형병원수":2,
            "500m이내공원수":1,
            "3km이내혐오시설수":0,
            "초등학교학업성취도":87.29,
            "중학교학업성취도":77.7,
            "용적률":145,
            "건폐율":29,
            "Y":35.206063,
            "X":128.627984,
            "rank":68.0,
            "area_info":"29평(98.45), 43평(143.45), 54평(179.92)",
            "last_sales":"2021-11-03,20000.0,43평(143.45)"
        },
        {
            "index":131,
            "아파트명":"대방그린빌",
            "투자타입":"일반",
            "전용면적(m2)":"54.49",
            "전용면적(평)":"16평",
            "법정동주소":"경상남도 창원시 성산구 대방동 376",
            "도로명주소":"경상남도 창원시 성산구 창이대로901번길 30",
            "세대수":80,
            "입주년차":0,
            "용적률점수":"--",
            "건폐율점수":"--",
            "세대당주차수":0,
            "난방방식":30,
            "공급면적":"--",
            "전용률":"--",
            "욕실수":50,
            "현관타입":10,
            "주거총점":37.0,
            "지역구공급총점":0.0,
            "역세권":"NA",
            "30분내 이동가능 거점":"NA",
            "1시간내 이동가능 거점":"NA",
            "교통총점":"NA",
            "백화점":0,
            "아울렛몰":0,
            "대형마트":100,
            "은행":0,
            "병원":60,
            "종합병원":100,
            "공원":100,
            "혐오시설":0,
            "인프라총점":44.0,
            "초등학군":89.49,
            "중학군":51.2,
            "학군총점":58.858,
            "인구수":26.59,
            "인구증감":100.0,
            "인구총점":48.613,
            "일자리":12.9,
            "소득수준":67.86,
            "일자리총점":29.388,
            "가치 총점":45.2645,
            "매매실거래년":20220112.0,
            "매매실거래가":15800.0,
            "전세실거래년":20211207.0,
            "전세실거래가":12800.0,
            "전세가율":93.43,
            "장기전세가율평균":68.76,
            "전세가율거품지수":-24.67,
            "검색코드":7683,
            "세대수":834.0,
            "준공년월":"1996-06-08",
            "준공년차":27.0,
            "가까운역이름":"NA",
            "가까운역거리":"NA",
            "역세권여부":"NA",
            "30분이내주요거점역":"NA",
            "1시간이내주요거점역":"NA",
            "3km이내백화점수":0,
            "5km이내아울렛몰수":0,
            "1km이내대형먀트수":3,
            "500m이내은행수":1,
            "500m이내병원수":20,
            "5km이내대형병원수":3,
            "500m이내공원수":4,
            "3km이내혐오시설수":0,
            "초등학교학업성취도":89.49,
            "중학교학업성취도":82.8,
            "용적률":24,
            "건폐율":20,
            "Y":35.205326,
            "X":128.710709,
            "rank":69.0,
            "area_info":"16평(54.49), 20평(68.41)",
            "last_sales":"2022-01-12,15800.0,20평(68.41)"
        },
        {
            "index":354,
            "아파트명":"영흥철강(주)사원",
            "투자타입":"재건축",
            "전용면적(m2)":"48.0",
            "전용면적(평)":"14평",
            "법정동주소":"경상남도 창원시 성산구 신촌동 23-1",
            "도로명주소":"경상남도 창원시 성산구 신촌로 107",
            "세대수":0,
            "입주년차":"--",
            "용적률점수":100,
            "건폐율점수":80,
            "세대당주차수":"--",
            "난방방식":"--",
            "공급면적":50,
            "전용률":80,
            "욕실수":"--",
            "현관타입":"--",
            "주거총점":62.5,
            "지역구공급총점":0.0,
            "역세권":"NA",
            "30분내 이동가능 거점":"NA",
            "1시간내 이동가능 거점":"NA",
            "교통총점":"NA",
            "백화점":0,
            "아울렛몰":0,
            "대형마트":0,
            "은행":0,
            "병원":10,
            "종합병원":100,
            "공원":100,
            "혐오시설":0,
            "인프라총점":24.0,
            "초등학군":87.29,
            "중학군":47.02,
            "학군총점":55.074,
            "인구수":26.59,
            "인구증감":100.0,
            "인구총점":48.613,
            "일자리":12.9,
            "소득수준":67.86,
            "일자리총점":29.388,
            "가치 총점":45.2435,
            "매매실거래년":20211223.0,
            "매매실거래가":6900.0,
            "전세실거래년":20220104.0,
            "전세실거래가":6000.0,
            "전세가율":86.96,
            "장기전세가율평균":68.76,
            "전세가율거품지수":-18.2,
            "검색코드":16831,
            "세대수":100.0,
            "준공년월":"1981-07-21",
            "준공년차":42.0,
            "가까운역이름":"NA",
            "가까운역거리":"NA",
            "역세권여부":"NA",
            "30분이내주요거점역":"NA",
            "1시간이내주요거점역":"NA",
            "3km이내백화점수":0,
            "5km이내아울렛몰수":0,
            "1km이내대형먀트수":0,
            "500m이내은행수":1,
            "500m이내병원수":2,
            "5km이내대형병원수":2,
            "500m이내공원수":4,
            "3km이내혐오시설수":0,
            "초등학교학업성취도":87.29,
            "중학교학업성취도":77.7,
            "용적률":101,
            "건폐율":20,
            "Y":35.200069,
            "X":128.629486,
            "rank":70.0,
            "area_info":"14평(48.0)",
            "last_sales":"2021-12-23,6900.0,14평(48.0)"
        },
        {
            "index":334,
            "아파트명":"동성1차",
            "투자타입":"재건축",
            "전용면적(m2)":"69.65",
            "전용면적(평)":"21평",
            "법정동주소":"경상남도 창원시 성산구 신촌동 22-4",
            "도로명주소":"경상남도 창원시 성산구 신촌로 95",
            "세대수":0,
            "입주년차":"--",
            "용적률점수":100,
            "건폐율점수":80,
            "세대당주차수":"--",
            "난방방식":"--",
            "공급면적":50,
            "전용률":80,
            "욕실수":"--",
            "현관타입":"--",
            "주거총점":62.5,
            "지역구공급총점":0.0,
            "역세권":"NA",
            "30분내 이동가능 거점":"NA",
            "1시간내 이동가능 거점":"NA",
            "교통총점":"NA",
            "백화점":0,
            "아울렛몰":0,
            "대형마트":0,
            "은행":0,
            "병원":10,
            "종합병원":100,
            "공원":100,
            "혐오시설":0,
            "인프라총점":24.0,
            "초등학군":87.29,
            "중학군":47.02,
            "학군총점":55.074,
            "인구수":26.59,
            "인구증감":100.0,
            "인구총점":48.613,
            "일자리":12.9,
            "소득수준":67.86,
            "일자리총점":29.388,
            "가치 총점":45.2435,
            "매매실거래년":20211123.0,
            "매매실거래가":9700.0,
            "전세실거래년":20211025.0,
            "전세실거래가":8000.0,
            "전세가율":82.47,
            "장기전세가율평균":68.76,
            "전세가율거품지수":-13.71,
            "검색코드":7853,
            "세대수":240.0,
            "준공년월":"1986-10-20",
            "준공년차":37.0,
            "가까운역이름":"NA",
            "가까운역거리":"NA",
            "역세권여부":"NA",
            "30분이내주요거점역":"NA",
            "1시간이내주요거점역":"NA",
            "3km이내백화점수":0,
            "5km이내아울렛몰수":0,
            "1km이내대형먀트수":0,
            "500m이내은행수":1,
            "500m이내병원수":2,
            "5km이내대형병원수":2,
            "500m이내공원수":4,
            "3km이내혐오시설수":0,
            "초등학교학업성취도":87.29,
            "중학교학업성취도":77.7,
            "용적률":123,
            "건폐율":24,
            "Y":35.201342,
            "X":128.629254,
            "rank":70.0,
            "area_info":"21평(69.65)",
            "last_sales":"2021-11-23,9700.0,21평(69.65)"
        },
        {
            "index":359,
            "아파트명":"효성가든",
            "투자타입":"재건축",
            "전용면적(m2)":"54.29",
            "전용면적(평)":"16평",
            "법정동주소":"경상남도 창원시 성산구 신촌동 26-1",
            "도로명주소":"경상남도 창원시 성산구 신촌로134번길 5",
            "세대수":0,
            "입주년차":"--",
            "용적률점수":100,
            "건폐율점수":80,
            "세대당주차수":"--",
            "난방방식":"--",
            "공급면적":50,
            "전용률":60,
            "욕실수":"--",
            "현관타입":"--",
            "주거총점":61.5,
            "지역구공급총점":0.0,
            "역세권":"NA",
            "30분내 이동가능 거점":"NA",
            "1시간내 이동가능 거점":"NA",
            "교통총점":"NA",
            "백화점":0,
            "아울렛몰":0,
            "대형마트":0,
            "은행":0,
            "병원":10,
            "종합병원":100,
            "공원":100,
            "혐오시설":0,
            "인프라총점":24.0,
            "초등학군":87.29,
            "중학군":47.02,
            "학군총점":55.074,
            "인구수":26.59,
            "인구증감":100.0,
            "인구총점":48.613,
            "일자리":12.9,
            "소득수준":67.86,
            "일자리총점":29.388,
            "가치 총점":44.8935,
            "매매실거래년":20210623.0,
            "매매실거래가":7800.0,
            "전세실거래년":20210610.0,
            "전세실거래가":4500.0,
            "전세가율":75.63,
            "장기전세가율평균":68.76,
            "전세가율거품지수":-6.87,
            "검색코드":16832,
            "세대수":110.0,
            "준공년월":"1984-08-28",
            "준공년차":39.0,
            "가까운역이름":"NA",
            "가까운역거리":"NA",
            "역세권여부":"NA",
            "30분이내주요거점역":"NA",
            "1시간이내주요거점역":"NA",
            "3km이내백화점수":0,
            "5km이내아울렛몰수":0,
            "1km이내대형먀트수":0,
            "500m이내은행수":1,
            "500m이내병원수":2,
            "5km이내대형병원수":2,
            "500m이내공원수":3,
            "3km이내혐오시설수":0,
            "초등학교학업성취도":87.29,
            "중학교학업성취도":77.7,
            "용적률":142,
            "건폐율":29,
            "Y":35.197198,
            "X":128.628739,
            "rank":71.0,
            "area_info":"16평(54.29), 21평(72.27), 27평(90.75)",
            "last_sales":"2021-06-23,7800.0,27평(90.75)"
        },
        {
            "index":342,
            "아파트명":"상림",
            "투자타입":"재건축",
            "전용면적(m2)":"60.29",
            "전용면적(평)":"18평",
            "법정동주소":"경상남도 창원시 성산구 신촌동 21-3",
            "도로명주소":"경상남도 창원시 성산구 신촌로 77",
            "세대수":0,
            "입주년차":"--",
            "용적률점수":100,
            "건폐율점수":80,
            "세대당주차수":"--",
            "난방방식":"--",
            "공급면적":50,
            "전용률":60,
            "욕실수":"--",
            "현관타입":"--",
            "주거총점":61.5,
            "지역구공급총점":0.0,
            "역세권":"NA",
            "30분내 이동가능 거점":"NA",
            "1시간내 이동가능 거점":"NA",
            "교통총점":"NA",
            "백화점":0,
            "아울렛몰":0,
            "대형마트":0,
            "은행":0,
            "병원":10,
            "종합병원":100,
            "공원":100,
            "혐오시설":0,
            "인프라총점":24.0,
            "초등학군":87.29,
            "중학군":47.02,
            "학군총점":55.074,
            "인구수":26.59,
            "인구증감":100.0,
            "인구총점":48.613,
            "일자리":12.9,
            "소득수준":67.86,
            "일자리총점":29.388,
            "가치 총점":44.8935,
            "매매실거래년":20211106.0,
            "매매실거래가":9000.0,
            "전세실거래년":20211005.0,
            "전세실거래가":7000.0,
            "전세가율":82.35,
            "장기전세가율평균":68.76,
            "전세가율거품지수":-13.59,
            "검색코드":15798,
            "세대수":120.0,
            "준공년월":"1984-02-14",
            "준공년차":39.0,
            "가까운역이름":"NA",
            "가까운역거리":"NA",
            "역세권여부":"NA",
            "30분이내주요거점역":"NA",
            "1시간이내주요거점역":"NA",
            "3km이내백화점수":0,
            "5km이내아울렛몰수":0,
            "1km이내대형먀트수":0,
            "500m이내은행수":1,
            "500m이내병원수":2,
            "5km이내대형병원수":2,
            "500m이내공원수":4,
            "3km이내혐오시설수":0,
            "초등학교학업성취도":87.29,
            "중학교학업성취도":77.7,
            "용적률":130,
            "건폐율":26,
            "Y":35.203038,
            "X":128.628861,
            "rank":71.0,
            "area_info":"18평(60.29), 21평(70.68), 21평(72.56)",
            "last_sales":"2021-11-06,9000.0,21평(70.68)"
        },
        {
            "index":321,
            "아파트명":"한림푸르지오",
            "투자타입":"일반",
            "전용면적(m2)":"110.38",
            "전용면적(평)":"33평",
            "법정동주소":"경상남도 창원시 성산구 성주동 102",
            "도로명주소":"경상남도 창원시 성산구 외리로34번길 13",
            "세대수":50,
            "입주년차":20,
            "용적률점수":"--",
            "건폐율점수":"--",
            "세대당주차수":60,
            "난방방식":30,
            "공급면적":"--",
            "전용률":"--",
            "욕실수":100,
            "현관타입":100,
            "주거총점":53.5,
            "지역구공급총점":0.0,
            "역세권":"NA",
            "30분내 이동가능 거점":"NA",
            "1시간내 이동가능 거점":"NA",
            "교통총점":"NA",
            "백화점":0,
            "아울렛몰":0,
            "대형마트":0,
            "은행":0,
            "병원":30,
            "종합병원":100,
            "공원":100,
            "혐오시설":0,
            "인프라총점":26.0,
            "초등학군":91.23,
            "중학군":55.44,
            "학군총점":62.598,
            "인구수":26.59,
            "인구증감":100.0,
            "인구총점":48.613,
            "일자리":12.9,
            "소득수준":67.86,
            "일자리총점":29.388,
            "가치 총점":44.7745,
            "매매실거래년":20211127.0,
            "매매실거래가":52500.0,
            "전세실거래년":20211206.0,
            "전세실거래가":50000.0,
            "전세가율":95.24,
            "장기전세가율평균":68.76,
            "전세가율거품지수":-26.48,
            "검색코드":17376,
            "세대수":520.0,
            "준공년월":"2003-12-22",
            "준공년차":20.0,
            "가까운역이름":"NA",
            "가까운역거리":"NA",
            "역세권여부":"NA",
            "30분이내주요거점역":"NA",
            "1시간이내주요거점역":"NA",
            "3km이내백화점수":0,
            "5km이내아울렛몰수":0,
            "1km이내대형먀트수":0,
            "500m이내은행수":0,
            "500m이내병원수":7,
            "5km이내대형병원수":3,
            "500m이내공원수":4,
            "3km이내혐오시설수":0,
            "초등학교학업성취도":91.23,
            "중학교학업성취도":88.4,
            "용적률":219,
            "건폐율":13,
            "Y":35.201916,
            "X":128.709559,
            "rank":72.0,
            "area_info":"33평(110.38), 38평(126.01), 51평(169.74), 65평(216.54)",
            "last_sales":"2021-11-27,52500.0,33평(110.38)"
        },
        {
            "index":149,
            "아파트명":"대방동성",
            "투자타입":"일반",
            "전용면적(m2)":"76.28",
            "전용면적(평)":"23평",
            "법정동주소":"경상남도 창원시 성산구 대방동 374",
            "도로명주소":"경상남도 창원시 성산구 창이대로901번길 4",
            "세대수":50,
            "입주년차":0,
            "용적률점수":"--",
            "건폐율점수":"--",
            "세대당주차수":0,
            "난방방식":30,
            "공급면적":"--",
            "전용률":"--",
            "욕실수":50,
            "현관타입":100,
            "주거총점":35.5,
            "지역구공급총점":0.0,
            "역세권":"NA",
            "30분내 이동가능 거점":"NA",
            "1시간내 이동가능 거점":"NA",
            "교통총점":"NA",
            "백화점":0,
            "아울렛몰":0,
            "대형마트":100,
            "은행":0,
            "병원":60,
            "종합병원":100,
            "공원":100,
            "혐오시설":0,
            "인프라총점":44.0,
            "초등학군":89.49,
            "중학군":51.2,
            "학군총점":58.858,
            "인구수":26.59,
            "인구증감":100.0,
            "인구총점":48.613,
            "일자리":12.9,
            "소득수준":67.86,
            "일자리총점":29.388,
            "가치 총점":44.7395,
            "매매실거래년":20211221.0,
            "매매실거래가":23500.0,
            "전세실거래년":20211227.0,
            "전세실거래가":17500.0,
            "전세가율":74.47,
            "장기전세가율평균":68.76,
            "전세가율거품지수":-5.71,
            "검색코드":7693,
            "세대수":556.0,
            "준공년월":"1996-05-18",
            "준공년차":27.0,
            "가까운역이름":"NA",
            "가까운역거리":"NA",
            "역세권여부":"NA",
            "30분이내주요거점역":"NA",
            "1시간이내주요거점역":"NA",
            "3km이내백화점수":0,
            "5km이내아울렛몰수":0,
            "1km이내대형먀트수":3,
            "500m이내은행수":1,
            "500m이내병원수":22,
            "5km이내대형병원수":3,
            "500m이내공원수":4,
            "3km이내혐오시설수":0,
            "초등학교학업성취도":89.49,
            "중학교학업성취도":82.8,
            "용적률":245,
            "건폐율":16,
            "Y":35.204198,
            "X":128.707778,
            "rank":73.0,
            "area_info":"23평(76.28), 32평(108.03), 39평(129.49)",
            "last_sales":"2021-12-21,23500.0,23평(76.28)"
        },
        {
            "index":146,
            "아파트명":"대방덕산타운2차",
            "투자타입":"일반",
            "전용면적(m2)":"78.71",
            "전용면적(평)":"23평",
            "법정동주소":"경상남도 창원시 성산구 대방동 375",
            "도로명주소":"경상남도 창원시 성산구 대암로 272",
            "세대수":50,
            "입주년차":0,
            "용적률점수":"--",
            "건폐율점수":"--",
            "세대당주차수":0,
            "난방방식":30,
            "공급면적":"--",
            "전용률":"--",
            "욕실수":50,
            "현관타입":100,
            "주거총점":35.5,
            "지역구공급총점":0.0,
            "역세권":"NA",
            "30분내 이동가능 거점":"NA",
            "1시간내 이동가능 거점":"NA",
            "교통총점":"NA",
            "백화점":0,
            "아울렛몰":0,
            "대형마트":100,
            "은행":0,
            "병원":60,
            "종합병원":100,
            "공원":100,
            "혐오시설":0,
            "인프라총점":44.0,
            "초등학군":89.49,
            "중학군":51.2,
            "학군총점":58.858,
            "인구수":26.59,
            "인구증감":100.0,
            "인구총점":48.613,
            "일자리":12.9,
            "소득수준":67.86,
            "일자리총점":29.388,
            "가치 총점":44.7395,
            "매매실거래년":20211217.0,
            "매매실거래가":35000.0,
            "전세실거래년":20211210.0,
            "전세실거래가":18000.0,
            "전세가율":73.47,
            "장기전세가율평균":68.76,
            "전세가율거품지수":-4.71,
            "검색코드":7685,
            "세대수":586.0,
            "준공년월":"1996-02-09",
            "준공년차":27.0,
            "가까운역이름":"NA",
            "가까운역거리":"NA",
            "역세권여부":"NA",
            "30분이내주요거점역":"NA",
            "1시간이내주요거점역":"NA",
            "3km이내백화점수":0,
            "5km이내아울렛몰수":0,
            "1km이내대형먀트수":3,
            "500m이내은행수":1,
            "500m이내병원수":20,
            "5km이내대형병원수":3,
            "500m이내공원수":5,
            "3km이내혐오시설수":0,
            "초등학교학업성취도":89.49,
            "중학교학업성취도":82.8,
            "용적률":247,
            "건폐율":19,
            "Y":35.204632,
            "X":128.709089,
            "rank":73.0,
            "area_info":"23평(78.71), 27평(91.28), 31평(105.6)",
            "last_sales":"2021-12-17,35000.0,31평(105.6)"
        },
        {
            "index":56,
            "아파트명":"남산효성해링턴플레이스",
            "투자타입":"일반",
            "전용면적(m2)":"79.6",
            "전용면적(평)":"24평",
            "법정동주소":"경상남도 창원시 성산구 남산동 601-26",
            "도로명주소":"경상남도 창원시 성산구 정동로162번길 78",
            "세대수":50,
            "입주년차":80,
            "용적률점수":"--",
            "건폐율점수":"--",
            "세대당주차수":30,
            "난방방식":30,
            "공급면적":"--",
            "전용률":"--",
            "욕실수":100,
            "현관타입":100,
            "주거총점":61.0,
            "지역구공급총점":0.0,
            "역세권":"NA",
            "30분내 이동가능 거점":"NA",
            "1시간내 이동가능 거점":"NA",
            "교통총점":"NA",
            "백화점":0,
            "아울렛몰":0,
            "대형마트":0,
            "은행":20,
            "병원":0,
            "종합병원":100,
            "공원":80,
            "혐오시설":-50,
            "인프라총점":23.4,
            "초등학군":86.63,
            "중학군":47.44,
            "학군총점":55.278,
            "인구수":26.59,
            "인구증감":100.0,
            "인구총점":48.613,
            "일자리":12.9,
            "소득수준":67.86,
            "일자리총점":29.388,
            "가치 총점":44.5295,
            "매매실거래년":20211214.0,
            "매매실거래가":32000.0,
            "전세실거래년":20211202.0,
            "전세실거래가":13000.0,
            "전세가율":52.21,
            "장기전세가율평균":68.76,
            "전세가율거품지수":16.55,
            "검색코드":115783,
            "세대수":460.0,
            "준공년월":"2018-06-28",
            "준공년차":5.0,
            "가까운역이름":"NA",
            "가까운역거리":"NA",
            "역세권여부":"NA",
            "30분이내주요거점역":"NA",
            "1시간이내주요거점역":"NA",
            "3km이내백화점수":0,
            "5km이내아울렛몰수":0,
            "1km이내대형먀트수":0,
            "500m이내은행수":2,
            "500m이내병원수":1,
            "5km이내대형병원수":4,
            "500m이내공원수":1,
            "3km이내혐오시설수":1,
            "초등학교학업성취도":86.63,
            "중학교학업성취도":78.0,
            "용적률":247,
            "건폐율":28,
            "Y":35.199579,
            "X":128.699914,
            "rank":74.0,
            "area_info":"24평(79.6), 24평(81.64), 30평(101.46), 32평(108.02), 33평(110.08)",
            "last_sales":"2021-12-14,32000.0,33평(110.08)"
        },
        {
            "index":384,
            "아파트명":"한일유앤아이오르젠",
            "투자타입":"일반",
            "전용면적(m2)":"78.07",
            "전용면적(평)":"23평",
            "법정동주소":"경상남도 창원시 성산구 외동 853-36",
            "도로명주소":"경상남도 창원시 성산구 창원대로780번길 93",
            "세대수":0,
            "입주년차":20,
            "용적률점수":"--",
            "건폐율점수":"--",
            "세대당주차수":0,
            "난방방식":30,
            "공급면적":"--",
            "전용률":"--",
            "욕실수":100,
            "현관타입":100,
            "주거총점":27.0,
            "지역구공급총점":0.0,
            "역세권":"NA",
            "30분내 이동가능 거점":"NA",
            "1시간내 이동가능 거점":"NA",
            "교통총점":"NA",
            "백화점":100,
            "아울렛몰":0,
            "대형마트":0,
            "은행":0,
            "병원":0,
            "종합병원":100,
            "공원":80,
            "혐오시설":0,
            "인프라총점":52.4,
            "초등학군":86.49,
            "중학군":48.94,
            "학군총점":56.45,
            "인구수":26.59,
            "인구증감":100.0,
            "인구총점":48.613,
            "일자리":12.9,
            "소득수준":67.86,
            "일자리총점":29.388,
            "가치 총점":44.5225,
            "매매실거래년":20211102.0,
            "매매실거래가":16500.0,
            "전세실거래년":20210311.0,
            "전세실거래가":2000.0,
            "전세가율":12.12,
            "장기전세가율평균":68.76,
            "전세가율거품지수":56.64,
            "검색코드":100926,
            "세대수":120.0,
            "준공년월":"2003-11-21",
            "준공년차":20.0,
            "가까운역이름":"NA",
            "가까운역거리":"NA",
            "역세권여부":"NA",
            "30분이내주요거점역":"NA",
            "1시간이내주요거점역":"NA",
            "3km이내백화점수":1,
            "5km이내아울렛몰수":0,
            "1km이내대형먀트수":0,
            "500m이내은행수":0,
            "500m이내병원수":0,
            "5km이내대형병원수":4,
            "500m이내공원수":1,
            "3km이내혐오시설수":0,
            "초등학교학업성취도":86.49,
            "중학교학업성취도":80.1,
            "용적률":299,
            "건폐율":28,
            "Y":35.210211,
            "X":128.682668,
            "rank":75.0,
            "area_info":"23평(78.07), 30평(101.0)",
            "last_sales":"2021-11-02,16500.0,23평(78.07)"
        },
        {
            "index":159,
            "아파트명":"대원파크빌",
            "투자타입":"일반",
            "전용면적(m2)":"64.97",
            "전용면적(평)":"19평",
            "법정동주소":"경상남도 창원시 성산구 대원동 81",
            "도로명주소":"경상남도 창원시 성산구 삼동로 121",
            "세대수":50,
            "입주년차":0,
            "용적률점수":"--",
            "건폐율점수":"--",
            "세대당주차수":0,
            "난방방식":30,
            "공급면적":"--",
            "전용률":"--",
            "욕실수":50,
            "현관타입":10,
            "주거총점":26.5,
            "지역구공급총점":0.0,
            "역세권":"NA",
            "30분내 이동가능 거점":"NA",
            "1시간내 이동가능 거점":"NA",
            "교통총점":"NA",
            "백화점":100,
            "아울렛몰":0,
            "대형마트":0,
            "은행":0,
            "병원":0,
            "종합병원":100,
            "공원":80,
            "혐오시설":0,
            "인프라총점":52.4,
            "초등학군":81.67,
            "중학군":49.64,
            "학군총점":56.046,
            "인구수":26.59,
            "인구증감":100.0,
            "인구총점":48.613,
            "일자리":12.9,
            "소득수준":67.86,
            "일자리총점":29.388,
            "가치 총점":44.2465,
            "매매실거래년":20211208.0,
            "매매실거래가":11900.0,
            "전세실거래년":20220107.0,
            "전세실거래가":9000.0,
            "전세가율":75.63,
            "장기전세가율평균":68.76,
            "전세가율거품지수":-6.87,
            "검색코드":15745,
            "세대수":603.0,
            "준공년월":"1997-12-27",
            "준공년차":26.0,
            "가까운역이름":"NA",
            "가까운역거리":"NA",
            "역세권여부":"NA",
            "30분이내주요거점역":"NA",
            "1시간이내주요거점역":"NA",
            "3km이내백화점수":1,
            "5km이내아울렛몰수":0,
            "1km이내대형먀트수":0,
            "500m이내은행수":0,
            "500m이내병원수":0,
            "5km이내대형병원수":3,
            "500m이내공원수":1,
            "3km이내혐오시설수":0,
            "초등학교학업성취도":81.67,
            "중학교학업성취도":82.4,
            "용적률":347,
            "건폐율":25,
            "Y":35.225154,
            "X":128.655308,
            "rank":76.0,
            "area_info":"19평(64.97)",
            "last_sales":"2021-12-08,11900.0,19평(64.97)"
        },
        {
            "index":368,
            "아파트명":"안민청솔마을대동",
            "투자타입":"일반",
            "전용면적(m2)":"79.59",
            "전용면적(평)":"24평",
            "법정동주소":"경상남도 창원시 성산구 안민동 197",
            "도로명주소":"경상남도 창원시 성산구 안민로101번길 29",
            "세대수":90,
            "입주년차":20,
            "용적률점수":"--",
            "건폐율점수":"--",
            "세대당주차수":30,
            "난방방식":30,
            "공급면적":"--",
            "전용률":"--",
            "욕실수":50,
            "현관타입":100,
            "주거총점":58.0,
            "지역구공급총점":0.0,
            "역세권":"NA",
            "30분내 이동가능 거점":"NA",
            "1시간내 이동가능 거점":"NA",
            "교통총점":"NA",
            "백화점":0,
            "아울렛몰":0,
            "대형마트":0,
            "은행":0,
            "병원":10,
            "종합병원":100,
            "공원":80,
            "혐오시설":0,
            "인프라총점":23.4,
            "초등학군":87.44,
            "중학군":48.16,
            "학군총점":56.016,
            "인구수":26.59,
            "인구증감":100.0,
            "인구총점":48.613,
            "일자리":12.9,
            "소득수준":67.86,
            "일자리총점":29.388,
            "가치 총점":43.664,
            "매매실거래년":20211214.0,
            "매매실거래가":21900.0,
            "전세실거래년":20220113.0,
            "전세실거래가":13800.0,
            "전세가율":90.79,
            "장기전세가율평균":68.76,
            "전세가율거품지수":-22.03,
            "검색코드":7858,
            "세대수":920.0,
            "준공년월":"1999-06-23",
            "준공년차":24.0,
            "가까운역이름":"NA",
            "가까운역거리":"NA",
            "역세권여부":"NA",
            "30분이내주요거점역":"NA",
            "1시간이내주요거점역":"NA",
            "3km이내백화점수":0,
            "5km이내아울렛몰수":0,
            "1km이내대형먀트수":0,
            "500m이내은행수":0,
            "500m이내병원수":4,
            "5km이내대형병원수":4,
            "500m이내공원수":1,
            "3km이내혐오시설수":0,
            "초등학교학업성취도":87.44,
            "중학교학업성취도":77.6,
            "용적률":263,
            "건폐율":35,
            "Y":35.188993,
            "X":128.688771,
            "rank":77.0,
            "area_info":"24평(79.59), 32평(107.38), 44평(147.85), 54평(181.05)",
            "last_sales":"2021-12-14,21900.0,32평(107.38)"
        },
        {
            "index":338,
            "아파트명":"동성2차(21-6)",
            "투자타입":"재건축",
            "전용면적(m2)":"66.58",
            "전용면적(평)":"20평",
            "법정동주소":"경상남도 창원시 성산구 신촌동 21-6",
            "도로명주소":"경상남도 창원시 성산구 신촌로 63",
            "세대수":30,
            "입주년차":"--",
            "용적률점수":100,
            "건폐율점수":0,
            "세대당주차수":"--",
            "난방방식":"--",
            "공급면적":50,
            "전용률":100,
            "욕실수":"--",
            "현관타입":"--",
            "주거총점":56.5,
            "지역구공급총점":0.0,
            "역세권":"NA",
            "30분내 이동가능 거점":"NA",
            "1시간내 이동가능 거점":"NA",
            "교통총점":"NA",
            "백화점":0,
            "아울렛몰":0,
            "대형마트":0,
            "은행":0,
            "병원":10,
            "종합병원":100,
            "공원":100,
            "혐오시설":0,
            "인프라총점":24.0,
            "초등학군":87.29,
            "중학군":47.02,
            "학군총점":55.074,
            "인구수":26.59,
            "인구증감":100.0,
            "인구총점":48.613,
            "일자리":12.9,
            "소득수준":67.86,
            "일자리총점":29.388,
            "가치 총점":43.1435,
            "매매실거래년":20211217.0,
            "매매실거래가":12000.0,
            "전세실거래년":20211030.0,
            "전세실거래가":7000.0,
            "전세가율":58.33,
            "장기전세가율평균":68.76,
            "전세가율거품지수":10.43,
            "검색코드":7854,
            "세대수":300.0,
            "준공년월":"1987-08-06",
            "준공년차":36.0,
            "가까운역이름":"NA",
            "가까운역거리":"NA",
            "역세권여부":"NA",
            "30분이내주요거점역":"NA",
            "1시간이내주요거점역":"NA",
            "3km이내백화점수":0,
            "5km이내아울렛몰수":0,
            "1km이내대형먀트수":0,
            "500m이내은행수":0,
            "500m이내병원수":4,
            "5km이내대형병원수":2,
            "500m이내공원수":4,
            "3km이내혐오시설수":0,
            "초등학교학업성취도":87.29,
            "중학교학업성취도":77.7,
            "용적률":131,
            "건폐율":61,
            "Y":35.204273,
            "X":128.628947,
            "rank":78.0,
            "area_info":"20평(66.58), 20평(66.34)",
            "last_sales":"2021-12-17,12000.0,20평(66.58)"
        },
        {
            "index":103,
            "아파트명":"동성샛별타운",
            "투자타입":"재건축",
            "전용면적(m2)":"89.35",
            "전용면적(평)":"27평",
            "법정동주소":"경상남도 창원시 성산구 내동 456-20",
            "도로명주소":"경상남도 창원시 성산구 연덕로184번길 1",
            "세대수":0,
            "입주년차":"--",
            "용적률점수":0,
            "건폐율점수":80,
            "세대당주차수":"--",
            "난방방식":"--",
            "공급면적":70,
            "전용률":80,
            "욕실수":"--",
            "현관타입":"--",
            "주거총점":23.5,
            "지역구공급총점":0.0,
            "역세권":"NA",
            "30분내 이동가능 거점":"NA",
            "1시간내 이동가능 거점":"NA",
            "교통총점":"NA",
            "백화점":100,
            "아울렛몰":0,
            "대형마트":0,
            "은행":0,
            "병원":10,
            "종합병원":100,
            "공원":0,
            "혐오시설":0,
            "인프라총점":51.0,
            "초등학군":81.67,
            "중학군":49.64,
            "학군총점":56.046,
            "인구수":26.59,
            "인구증감":100.0,
            "인구총점":48.613,
            "일자리":12.9,
            "소득수준":67.86,
            "일자리총점":29.388,
            "가치 총점":42.6365,
            "매매실거래년":20211210.0,
            "매매실거래가":15300.0,
            "전세실거래년":20110320.0,
            "전세실거래가":7500.0,
            "전세가율":49.02,
            "장기전세가율평균":68.76,
            "전세가율거품지수":19.74,
            "검색코드":7652,
            "세대수":120.0,
            "준공년월":"1991-11-29",
            "준공년차":32.0,
            "가까운역이름":"NA",
            "가까운역거리":"NA",
            "역세권여부":"NA",
            "30분이내주요거점역":"NA",
            "1시간이내주요거점역":"NA",
            "3km이내백화점수":1,
            "5km이내아울렛몰수":0,
            "1km이내대형먀트수":0,
            "500m이내은행수":0,
            "500m이내병원수":3,
            "5km이내대형병원수":4,
            "500m이내공원수":0,
            "3km이내혐오시설수":0,
            "초등학교학업성취도":81.67,
            "중학교학업성취도":82.4,
            "용적률":244,
            "건폐율":28,
            "Y":35.21911,
            "X":128.66697,
            "rank":79.0,
            "area_info":"27평(89.35), 31평(102.94)",
            "last_sales":"2021-12-10,15300.0,27평(89.35)"
        },
        {
            "index":120,
            "아파트명":"일성그라미",
            "투자타입":"재건축",
            "전용면적(m2)":"87.51",
            "전용면적(평)":"26평",
            "법정동주소":"경상남도 창원시 성산구 내동 456-21",
            "도로명주소":"경상남도 창원시 성산구 연덕로184번길 19",
            "세대수":0,
            "입주년차":"--",
            "용적률점수":0,
            "건폐율점수":80,
            "세대당주차수":"--",
            "난방방식":"--",
            "공급면적":70,
            "전용률":80,
            "욕실수":"--",
            "현관타입":"--",
            "주거총점":23.5,
            "지역구공급총점":0.0,
            "역세권":"NA",
            "30분내 이동가능 거점":"NA",
            "1시간내 이동가능 거점":"NA",
            "교통총점":"NA",
            "백화점":100,
            "아울렛몰":0,
            "대형마트":0,
            "은행":0,
            "병원":10,
            "종합병원":100,
            "공원":0,
            "혐오시설":0,
            "인프라총점":51.0,
            "초등학군":81.67,
            "중학군":49.64,
            "학군총점":56.046,
            "인구수":26.59,
            "인구증감":100.0,
            "인구총점":48.613,
            "일자리":12.9,
            "소득수준":67.86,
            "일자리총점":29.388,
            "가치 총점":42.6365,
            "매매실거래년":20211204.0,
            "매매실거래가":17000.0,
            "전세실거래년":20211213.0,
            "전세실거래가":15000.0,
            "전세가율":88.24,
            "장기전세가율평균":68.76,
            "전세가율거품지수":-19.48,
            "검색코드":15735,
            "세대수":240.0,
            "준공년월":"1990-03-16",
            "준공년차":33.0,
            "가까운역이름":"NA",
            "가까운역거리":"NA",
            "역세권여부":"NA",
            "30분이내주요거점역":"NA",
            "1시간이내주요거점역":"NA",
            "3km이내백화점수":1,
            "5km이내아울렛몰수":0,
            "1km이내대형먀트수":0,
            "500m이내은행수":0,
            "500m이내병원수":3,
            "5km이내대형병원수":4,
            "500m이내공원수":0,
            "3km이내혐오시설수":0,
            "초등학교학업성취도":81.67,
            "중학교학업성취도":82.4,
            "용적률":231,
            "건폐율":24,
            "Y":35.21845,
            "X":128.668084,
            "rank":79.0,
            "area_info":"26평(87.51), 29평(96.58)",
            "last_sales":"2021-12-04,17000.0,26평(87.51)"
        },
        {
            "index":300,
            "아파트명":"성주효성해링턴코트",
            "투자타입":"일반",
            "전용면적(m2)":"109.14",
            "전용면적(평)":"33평",
            "법정동주소":"경상남도 창원시 성산구 성주동 157",
            "도로명주소":"경상남도 창원시 성산구 삼정자로 78",
            "세대수":30,
            "입주년차":60,
            "용적률점수":"--",
            "건폐율점수":"--",
            "세대당주차수":30,
            "난방방식":30,
            "공급면적":"--",
            "전용률":"--",
            "욕실수":100,
            "현관타입":100,
            "주거총점":50.0,
            "지역구공급총점":0.0,
            "역세권":"NA",
            "30분내 이동가능 거점":"NA",
            "1시간내 이동가능 거점":"NA",
            "교통총점":"NA",
            "백화점":0,
            "아울렛몰":0,
            "대형마트":0,
            "은행":0,
            "병원":0,
            "종합병원":100,
            "공원":100,
            "혐오시설":0,
            "인프라총점":23.0,
            "초등학군":91.23,
            "중학군":55.44,
            "학군총점":62.598,
            "인구수":26.59,
            "인구증감":100.0,
            "인구총점":48.613,
            "일자리":12.9,
            "소득수준":67.86,
            "일자리총점":29.388,
            "가치 총점":42.3495,
            "매매실거래년":"18000101",
            "매매실거래가":null,
            "전세실거래년":null,
            "전세실거래가":null,
            "전세가율":null,
            "장기전세가율평균":68.76,
            "전세가율거품지수":null,
            "검색코드":105107,
            "세대수":365.0,
            "준공년월":"2013-12-05",
            "준공년차":10.0,
            "가까운역이름":"NA",
            "가까운역거리":"NA",
            "역세권여부":"NA",
            "30분이내주요거점역":"NA",
            "1시간이내주요거점역":"NA",
            "3km이내백화점수":0,
            "5km이내아울렛몰수":0,
            "1km이내대형먀트수":0,
            "500m이내은행수":0,
            "500m이내병원수":1,
            "5km이내대형병원수":4,
            "500m이내공원수":6,
            "3km이내혐오시설수":0,
            "초등학교학업성취도":91.23,
            "중학교학업성취도":88.4,
            "용적률":99,
            "건폐율":36,
            "Y":35.196694,
            "X":128.714653,
            "rank":80.0,
            "area_info":"33평(109.14), 33평(109.14), 33평(109.58), 33평(109.64), 39평(129.36), 45평(151.48)",
            "last_sales":"1800-01-01,nan,33평(109.14)"
        },
        {
            "index":377,
            "아파트명":"대동",
            "투자타입":"일반",
            "전용면적(m2)":"76.97",
            "전용면적(평)":"23평",
            "법정동주소":"경상남도 창원시 성산구 외동 853-35",
            "도로명주소":"경상남도 창원시 성산구 창원대로780번길 47",
            "세대수":0,
            "입주년차":0,
            "용적률점수":"--",
            "건폐율점수":"--",
            "세대당주차수":0,
            "난방방식":30,
            "공급면적":"--",
            "전용률":"--",
            "욕실수":50,
            "현관타입":100,
            "주거총점":18.0,
            "지역구공급총점":0.0,
            "역세권":"NA",
            "30분내 이동가능 거점":"NA",
            "1시간내 이동가능 거점":"NA",
            "교통총점":"NA",
            "백화점":100,
            "아울렛몰":0,
            "대형마트":0,
            "은행":0,
            "병원":0,
            "종합병원":100,
            "공원":80,
            "혐오시설":0,
            "인프라총점":52.4,
            "초등학군":86.49,
            "중학군":48.94,
            "학군총점":56.45,
            "인구수":26.59,
            "인구증감":100.0,
            "인구총점":48.613,
            "일자리":12.9,
            "소득수준":67.86,
            "일자리총점":29.388,
            "가치 총점":41.3725,
            "매매실거래년":20210906.0,
            "매매실거래가":17000.0,
            "전세실거래년":20120615.0,
            "전세실거래가":10500.0,
            "전세가율":80.77,
            "장기전세가율평균":68.76,
            "전세가율거품지수":-12.01,
            "검색코드":15804,
            "세대수":120.0,
            "준공년월":"1997-11-29",
            "준공년차":26.0,
            "가까운역이름":"NA",
            "가까운역거리":"NA",
            "역세권여부":"NA",
            "30분이내주요거점역":"NA",
            "1시간이내주요거점역":"NA",
            "3km이내백화점수":1,
            "5km이내아울렛몰수":0,
            "1km이내대형먀트수":0,
            "500m이내은행수":1,
            "500m이내병원수":0,
            "5km이내대형병원수":4,
            "500m이내공원수":1,
            "3km이내혐오시설수":0,
            "초등학교학업성취도":86.49,
            "중학교학업성취도":80.1,
            "용적률":313,
            "건폐율":36,
            "Y":35.21224,
            "X":128.67906,
            "rank":81.0,
            "area_info":"23평(76.97), 31평(104.14)",
            "last_sales":"2021-09-06,17000.0,31평(104.14)"
        },
        {
            "index":10,
            "아파트명":"월드",
            "투자타입":"재건축",
            "전용면적(m2)":"54.29",
            "전용면적(평)":"16평",
            "법정동주소":"경상남도 창원시 성산구 가음동 20-7",
            "도로명주소":"경상남도 창원시 성산구 대정로40번길 12",
            "세대수":0,
            "입주년차":"--",
            "용적률점수":0,
            "건폐율점수":0,
            "세대당주차수":"--",
            "난방방식":"--",
            "공급면적":50,
            "전용률":80,
            "욕실수":"--",
            "현관타입":"--",
            "주거총점":6.5,
            "지역구공급총점":0.0,
            "역세권":"NA",
            "30분내 이동가능 거점":"NA",
            "1시간내 이동가능 거점":"NA",
            "교통총점":"NA",
            "백화점":100,
            "아울렛몰":0,
            "대형마트":0,
            "은행":20,
            "병원":60,
            "종합병원":100,
            "공원":100,
            "혐오시설":0,
            "인프라총점":61.0,
            "초등학군":86.63,
            "중학군":47.44,
            "학군총점":55.278,
            "인구수":26.59,
            "인구증감":100.0,
            "인구총점":48.613,
            "일자리":12.9,
            "소득수준":67.86,
            "일자리총점":29.388,
            "가치 총점":40.4945,
            "매매실거래년":20211119.0,
            "매매실거래가":25000.0,
            "전세실거래년":20210417.0,
            "전세실거래가":7000.0,
            "전세가율":28.0,
            "장기전세가율평균":68.76,
            "전세가율거품지수":40.76,
            "검색코드":115053,
            "세대수":100.0,
            "준공년월":"1987-12-10",
            "준공년차":36.0,
            "가까운역이름":"NA",
            "가까운역거리":"NA",
            "역세권여부":"NA",
            "30분이내주요거점역":"NA",
            "1시간이내주요거점역":"NA",
            "3km이내백화점수":1,
            "5km이내아울렛몰수":0,
            "1km이내대형먀트수":0,
            "500m이내은행수":2,
            "500m이내병원수":15,
            "5km이내대형병원수":3,
            "500m이내공원수":4,
            "3km이내혐오시설수":0,
            "초등학교학업성취도":86.63,
            "중학교학업성취도":78.0,
            "용적률":0,
            "건폐율":0,
            "Y":35.206856,
            "X":128.699575,
            "rank":82.0,
            "area_info":"16평(54.29)",
            "last_sales":"2021-11-19,25000.0,16평(54.29)"
        },
        {
            "index":367,
            "아파트명":"안민동위드필하임",
            "투자타입":"일반",
            "전용면적(m2)":"80.24",
            "전용면적(평)":"24평",
            "법정동주소":"경상남도 창원시 성산구 안민동 196",
            "도로명주소":"경상남도 창원시 성산구 안민로 49-6",
            "세대수":0,
            "입주년차":100,
            "용적률점수":"--",
            "건폐율점수":"--",
            "세대당주차수":30,
            "난방방식":30,
            "공급면적":"--",
            "전용률":"--",
            "욕실수":100,
            "현관타입":100,
            "주거총점":47.5,
            "지역구공급총점":0.0,
            "역세권":"NA",
            "30분내 이동가능 거점":"NA",
            "1시간내 이동가능 거점":"NA",
            "교통총점":"NA",
            "백화점":0,
            "아울렛몰":0,
            "대형마트":0,
            "은행":0,
            "병원":10,
            "종합병원":100,
            "공원":80,
            "혐오시설":0,
            "인프라총점":23.4,
            "초등학군":87.44,
            "중학군":48.16,
            "학군총점":56.016,
            "인구수":26.59,
            "인구증감":100.0,
            "인구총점":48.613,
            "일자리":12.9,
            "소득수준":67.86,
            "일자리총점":29.388,
            "가치 총점":39.989,
            "매매실거래년":20211122.0,
            "매매실거래가":24000.0,
            "전세실거래년":20211027.0,
            "전세실거래가":23000.0,
            "전세가율":95.83,
            "장기전세가율평균":68.76,
            "전세가율거품지수":-27.07,
            "검색코드":115826,
            "세대수":172.0,
            "준공년월":"2019-02-22",
            "준공년차":4.0,
            "가까운역이름":"NA",
            "가까운역거리":"NA",
            "역세권여부":"NA",
            "30분이내주요거점역":"NA",
            "1시간이내주요거점역":"NA",
            "3km이내백화점수":0,
            "5km이내아울렛몰수":0,
            "1km이내대형먀트수":0,
            "500m이내은행수":0,
            "500m이내병원수":3,
            "5km이내대형병원수":4,
            "500m이내공원수":1,
            "3km이내혐오시설수":0,
            "초등학교학업성취도":87.44,
            "중학교학업성취도":77.6,
            "용적률":198,
            "건폐율":18,
            "Y":35.190142,
            "X":128.686626,
            "rank":83.0,
            "area_info":"24평(80.24)",
            "last_sales":"2021-11-22,24000.0,24평(80.24)"
        },
        {
            "index":112,
            "아파트명":"상가",
            "투자타입":"재건축",
            "전용면적(m2)":"41.32",
            "전용면적(평)":"12평",
            "법정동주소":"경상남도 창원시 성산구 내동 456-17",
            "도로명주소":"경상남도 창원시 성산구",
            "세대수":0,
            "입주년차":"--",
            "용적률점수":0,
            "건폐율점수":0,
            "세대당주차수":"--",
            "난방방식":"--",
            "공급면적":50,
            "전용률":100,
            "욕실수":"--",
            "현관타입":"--",
            "주거총점":7.5,
            "지역구공급총점":0.0,
            "역세권":"NA",
            "30분내 이동가능 거점":"NA",
            "1시간내 이동가능 거점":"NA",
            "교통총점":"NA",
            "백화점":100,
            "아울렛몰":0,
            "대형마트":0,
            "은행":70,
            "병원":10,
            "종합병원":100,
            "공원":0,
            "혐오시설":0,
            "인프라총점":58.0,
            "초등학군":86.49,
            "중학군":48.94,
            "학군총점":56.45,
            "인구수":26.59,
            "인구증감":100.0,
            "인구총점":48.613,
            "일자리":12.9,
            "소득수준":67.86,
            "일자리총점":29.388,
            "가치 총점":39.9375,
            "매매실거래년":"18000101",
            "매매실거래가":null,
            "전세실거래년":null,
            "전세실거래가":null,
            "전세가율":null,
            "장기전세가율평균":68.76,
            "전세가율거품지수":null,
            "검색코드":15729,
            "세대수":136.0,
            "준공년월":"1976-03-10",
            "준공년차":47.0,
            "가까운역이름":"NA",
            "가까운역거리":"NA",
            "역세권여부":"NA",
            "30분이내주요거점역":"NA",
            "1시간이내주요거점역":"NA",
            "3km이내백화점수":1,
            "5km이내아울렛몰수":0,
            "1km이내대형먀트수":0,
            "500m이내은행수":3,
            "500m이내병원수":3,
            "5km이내대형병원수":4,
            "500m이내공원수":0,
            "3km이내혐오시설수":0,
            "초등학교학업성취도":86.49,
            "중학교학업성취도":80.1,
            "용적률":0,
            "건폐율":0,
            "Y":35.2172,
            "X":128.67026,
            "rank":84.0,
            "area_info":"12평(41.32), 12평(41.31), 12평(42.31), 12평(42.32), 14평(46.94), 14평(48.93), 14평(48.92), 18평(60.5)",
            "last_sales":"1800-01-01,nan,12평(41.32)"
        },
        {
            "index":6,
            "아파트명":"상록",
            "투자타입":"재건축",
            "전용면적(m2)":"40.8",
            "전용면적(평)":"12평",
            "법정동주소":"경상남도 창원시 성산구 가음동 24-3",
            "도로명주소":"경상남도 창원시 성산구 대정로 9",
            "세대수":0,
            "입주년차":"--",
            "용적률점수":0,
            "건폐율점수":0,
            "세대당주차수":"--",
            "난방방식":"--",
            "공급면적":50,
            "전용률":80,
            "욕실수":"--",
            "현관타입":"--",
            "주거총점":6.5,
            "지역구공급총점":0.0,
            "역세권":"NA",
            "30분내 이동가능 거점":"NA",
            "1시간내 이동가능 거점":"NA",
            "교통총점":"NA",
            "백화점":100,
            "아울렛몰":0,
            "대형마트":0,
            "은행":20,
            "병원":60,
            "종합병원":100,
            "공원":80,
            "혐오시설":-50,
            "인프라총점":59.4,
            "초등학군":86.63,
            "중학군":47.44,
            "학군총점":55.278,
            "인구수":26.59,
            "인구증감":100.0,
            "인구총점":48.613,
            "일자리":12.9,
            "소득수준":67.86,
            "일자리총점":29.388,
            "가치 총점":39.8545,
            "매매실거래년":20211030.0,
            "매매실거래가":31000.0,
            "전세실거래년":20210810.0,
            "전세실거래가":3500.0,
            "전세가율":11.29,
            "장기전세가율평균":68.76,
            "전세가율거품지수":57.47,
            "검색코드":7598,
            "세대수":130.0,
            "준공년월":"1981-03-10",
            "준공년차":42.0,
            "가까운역이름":"NA",
            "가까운역거리":"NA",
            "역세권여부":"NA",
            "30분이내주요거점역":"NA",
            "1시간이내주요거점역":"NA",
            "3km이내백화점수":1,
            "5km이내아울렛몰수":0,
            "1km이내대형먀트수":0,
            "500m이내은행수":2,
            "500m이내병원수":10,
            "5km이내대형병원수":3,
            "500m이내공원수":1,
            "3km이내혐오시설수":1,
            "초등학교학업성취도":86.63,
            "중학교학업성취도":78.0,
            "용적률":0,
            "건폐율":0,
            "Y":35.205813,
            "X":128.696744,
            "rank":85.0,
            "area_info":"12평(40.8)",
            "last_sales":"2021-10-30,31000.0,12평(40.8)"
        },
        {
            "index":7,
            "아파트명":"세방",
            "투자타입":"재건축",
            "전용면적(m2)":"47.52",
            "전용면적(평)":"14평",
            "법정동주소":"경상남도 창원시 성산구 가음동 24-7",
            "도로명주소":"경상남도 창원시 성산구 가음정로 107-22",
            "세대수":0,
            "입주년차":"--",
            "용적률점수":0,
            "건폐율점수":0,
            "세대당주차수":"--",
            "난방방식":"--",
            "공급면적":50,
            "전용률":80,
            "욕실수":"--",
            "현관타입":"--",
            "주거총점":6.5,
            "지역구공급총점":0.0,
            "역세권":"NA",
            "30분내 이동가능 거점":"NA",
            "1시간내 이동가능 거점":"NA",
            "교통총점":"NA",
            "백화점":100,
            "아울렛몰":0,
            "대형마트":0,
            "은행":0,
            "병원":60,
            "종합병원":100,
            "공원":100,
            "혐오시설":0,
            "인프라총점":59.0,
            "초등학군":86.63,
            "중학군":47.44,
            "학군총점":55.278,
            "인구수":26.59,
            "인구증감":100.0,
            "인구총점":48.613,
            "일자리":12.9,
            "소득수준":67.86,
            "일자리총점":29.388,
            "가치 총점":39.6945,
            "매매실거래년":20211221.0,
            "매매실거래가":30900.0,
            "전세실거래년":20210625.0,
            "전세실거래가":8000.0,
            "전세가율":25.89,
            "장기전세가율평균":68.76,
            "전세가율거품지수":42.87,
            "검색코드":119465,
            "세대수":190.0,
            "준공년월":"1989-05-20",
            "준공년차":34.0,
            "가까운역이름":"NA",
            "가까운역거리":"NA",
            "역세권여부":"NA",
            "30분이내주요거점역":"NA",
            "1시간이내주요거점역":"NA",
            "3km이내백화점수":1,
            "5km이내아울렛몰수":0,
            "1km이내대형먀트수":0,
            "500m이내은행수":1,
            "500m이내병원수":10,
            "5km이내대형병원수":3,
            "500m이내공원수":4,
            "3km이내혐오시설수":0,
            "초등학교학업성취도":86.63,
            "중학교학업성취도":78.0,
            "용적률":0,
            "건폐율":0,
            "Y":35.206346,
            "X":128.695414,
            "rank":86.0,
            "area_info":"14평(47.52), 15평(52.58), 15평(52.31)",
            "last_sales":"2021-12-21,30900.0,14평(47.52)"
        },
        {
            "index":3,
            "아파트명":"삼선",
            "투자타입":"재건축",
            "전용면적(m2)":"49.27",
            "전용면적(평)":"14평",
            "법정동주소":"경상남도 창원시 성산구 가음동 22-7",
            "도로명주소":"경상남도 창원시 성산구 원이대로883번길 11-3",
            "세대수":0,
            "입주년차":"--",
            "용적률점수":0,
            "건폐율점수":0,
            "세대당주차수":"--",
            "난방방식":"--",
            "공급면적":50,
            "전용률":80,
            "욕실수":"--",
            "현관타입":"--",
            "주거총점":6.5,
            "지역구공급총점":0.0,
            "역세권":"NA",
            "30분내 이동가능 거점":"NA",
            "1시간내 이동가능 거점":"NA",
            "교통총점":"NA",
            "백화점":100,
            "아울렛몰":0,
            "대형마트":0,
            "은행":0,
            "병원":60,
            "종합병원":100,
            "공원":100,
            "혐오시설":0,
            "인프라총점":59.0,
            "초등학군":86.63,
            "중학군":47.44,
            "학군총점":55.278,
            "인구수":26.59,
            "인구증감":100.0,
            "인구총점":48.613,
            "일자리":12.9,
            "소득수준":67.86,
            "일자리총점":29.388,
            "가치 총점":39.6945,
            "매매실거래년":20211119.0,
            "매매실거래가":21500.0,
            "전세실거래년":20211129.0,
            "전세실거래가":6000.0,
            "전세가율":27.91,
            "장기전세가율평균":68.76,
            "전세가율거품지수":40.85,
            "검색코드":100881,
            "세대수":130.0,
            "준공년월":"1988-04-16",
            "준공년차":35.0,
            "가까운역이름":"NA",
            "가까운역거리":"NA",
            "역세권여부":"NA",
            "30분이내주요거점역":"NA",
            "1시간이내주요거점역":"NA",
            "3km이내백화점수":1,
            "5km이내아울렛몰수":0,
            "1km이내대형먀트수":0,
            "500m이내은행수":1,
            "500m이내병원수":10,
            "5km이내대형병원수":3,
            "500m이내공원수":4,
            "3km이내혐오시설수":0,
            "초등학교학업성취도":86.63,
            "중학교학업성취도":78.0,
            "용적률":0,
            "건폐율":0,
            "Y":35.207885,
            "X":128.695378,
            "rank":86.0,
            "area_info":"14평(49.27), 14평(49.17), 16평(54.11)",
            "last_sales":"2021-11-19,21500.0,14평(49.27)"
        },
        {
            "index":379,
            "아파트명":"두산",
            "투자타입":"일반",
            "전용면적(m2)":"61.97",
            "전용면적(평)":"18평",
            "법정동주소":"경상남도 창원시 성산구 외동 853-33",
            "도로명주소":"경상남도 창원시 성산구 창원대로780번길 23",
            "세대수":0,
            "입주년차":0,
            "용적률점수":"--",
            "건폐율점수":"--",
            "세대당주차수":0,
            "난방방식":30,
            "공급면적":"--",
            "전용률":"--",
            "욕실수":50,
            "현관타입":10,
            "주거총점":9.0,
            "지역구공급총점":0.0,
            "역세권":"NA",
            "30분내 이동가능 거점":"NA",
            "1시간내 이동가능 거점":"NA",
            "교통총점":"NA",
            "백화점":100,
            "아울렛몰":0,
            "대형마트":0,
            "은행":20,
            "병원":0,
            "종합병원":100,
            "공원":80,
            "혐오시설":0,
            "인프라총점":54.4,
            "초등학군":86.49,
            "중학군":48.94,
            "학군총점":56.45,
            "인구수":26.59,
            "인구증감":100.0,
            "인구총점":48.613,
            "일자리":12.9,
            "소득수준":67.86,
            "일자리총점":29.388,
            "가치 총점":39.0225,
            "매매실거래년":20211226.0,
            "매매실거래가":8000.0,
            "전세실거래년":20210626.0,
            "전세실거래가":7000.0,
            "전세가율":87.5,
            "장기전세가율평균":68.76,
            "전세가율거품지수":-18.74,
            "검색코드":106411,
            "세대수":132.0,
            "준공년월":"1993-11-03",
            "준공년차":30.0,
            "가까운역이름":"NA",
            "가까운역거리":"NA",
            "역세권여부":"NA",
            "30분이내주요거점역":"NA",
            "1시간이내주요거점역":"NA",
            "3km이내백화점수":1,
            "5km이내아울렛몰수":0,
            "1km이내대형먀트수":0,
            "500m이내은행수":2,
            "500m이내병원수":0,
            "5km이내대형병원수":4,
            "500m이내공원수":1,
            "3km이내혐오시설수":0,
            "초등학교학업성취도":86.49,
            "중학교학업성취도":80.1,
            "용적률":220,
            "건폐율":20,
            "Y":35.213452,
            "X":128.676929,
            "rank":87.0,
            "area_info":"18평(61.97)",
            "last_sales":"2021-12-26,8000.0,18평(61.97)"
        },
        {
            "index":372,
            "아파트명":"한솔마을대동",
            "투자타입":"일반",
            "전용면적(m2)":"75.28",
            "전용면적(평)":"22평",
            "법정동주소":"경상남도 창원시 성산구 안민동 108",
            "도로명주소":"경상남도 창원시 성산구 안민로 161",
            "세대수":50,
            "입주년차":20,
            "용적률점수":"--",
            "건폐율점수":"--",
            "세대당주차수":30,
            "난방방식":30,
            "공급면적":"--",
            "전용률":"--",
            "욕실수":50,
            "현관타입":100,
            "주거총점":44.0,
            "지역구공급총점":0.0,
            "역세권":"NA",
            "30분내 이동가능 거점":"NA",
            "1시간내 이동가능 거점":"NA",
            "교통총점":"NA",
            "백화점":0,
            "아울렛몰":0,
            "대형마트":0,
            "은행":0,
            "병원":10,
            "종합병원":100,
            "공원":80,
            "혐오시설":0,
            "인프라총점":23.4,
            "초등학군":87.44,
            "중학군":48.16,
            "학군총점":56.016,
            "인구수":26.59,
            "인구증감":100.0,
            "인구총점":48.613,
            "일자리":12.9,
            "소득수준":67.86,
            "일자리총점":29.388,
            "가치 총점":38.764,
            "매매실거래년":20211218.0,
            "매매실거래가":24800.0,
            "전세실거래년":20211215.0,
            "전세실거래가":10000.0,
            "전세가율":63.29,
            "장기전세가율평균":68.76,
            "전세가율거품지수":5.47,
            "검색코드":7862,
            "세대수":640.0,
            "준공년월":"1999-05-04",
            "준공년차":24.0,
            "가까운역이름":"NA",
            "가까운역거리":"NA",
            "역세권여부":"NA",
            "30분이내주요거점역":"NA",
            "1시간이내주요거점역":"NA",
            "3km이내백화점수":0,
            "5km이내아울렛몰수":0,
            "1km이내대형먀트수":0,
            "500m이내은행수":0,
            "500m이내병원수":4,
            "5km이내대형병원수":4,
            "500m이내공원수":1,
            "3km이내혐오시설수":0,
            "초등학교학업성취도":87.44,
            "중학교학업성취도":77.6,
            "용적률":208,
            "건폐율":15,
            "Y":35.185503,
            "X":128.692167,
            "rank":88.0,
            "area_info":"22평(75.28), 23평(76.3), 32평(108.12)",
            "last_sales":"2021-12-18,24800.0,32평(108.12)"
        },
        {
            "index":171,
            "아파트명":"현대",
            "투자타입":"재건축",
            "전용면적(m2)":"50.35",
            "전용면적(평)":"15평",
            "법정동주소":"경상남도 창원시 성산구 대원동 39",
            "도로명주소":"경상남도 창원시 성산구 대원로93번길 24",
            "세대수":50,
            "입주년차":"--",
            "용적률점수":0,
            "건폐율점수":0,
            "세대당주차수":"--",
            "난방방식":"--",
            "공급면적":50,
            "전용률":100,
            "욕실수":"--",
            "현관타입":"--",
            "주거총점":22.5,
            "지역구공급총점":0.0,
            "역세권":"NA",
            "30분내 이동가능 거점":"NA",
            "1시간내 이동가능 거점":"NA",
            "교통총점":"NA",
            "백화점":0,
            "아울렛몰":0,
            "대형마트":100,
            "은행":0,
            "병원":10,
            "종합병원":100,
            "공원":100,
            "혐오시설":0,
            "인프라총점":39.0,
            "초등학군":87.15,
            "중학군":44.96,
            "학군총점":53.398,
            "인구수":26.59,
            "인구증감":100.0,
            "인구총점":48.613,
            "일자리":12.9,
            "소득수준":67.86,
            "일자리총점":29.388,
            "가치 총점":36.8245,
            "매매실거래년":20200224.0,
            "매매실거래가":22100.0,
            "전세실거래년":20180109.0,
            "전세실거래가":4500.0,
            "전세가율":28.12,
            "장기전세가율평균":68.76,
            "전세가율거품지수":40.64,
            "검색코드":15748,
            "세대수":630.0,
            "준공년월":"1979-10-02",
            "준공년차":44.0,
            "가까운역이름":"NA",
            "가까운역거리":"NA",
            "역세권여부":"NA",
            "30분이내주요거점역":"NA",
            "1시간이내주요거점역":"NA",
            "3km이내백화점수":0,
            "5km이내아울렛몰수":0,
            "1km이내대형먀트수":2,
            "500m이내은행수":0,
            "500m이내병원수":4,
            "5km이내대형병원수":3,
            "500m이내공원수":3,
            "3km이내혐오시설수":0,
            "초등학교학업성취도":87.15,
            "중학교학업성취도":73.4,
            "용적률":0,
            "건폐율":0,
            "Y":35.236809,
            "X":128.6487,
            "rank":89.0,
            "area_info":"15평(50.35), 16평(54.18), 17평(57.08), 18평(61.91), 18평(62.55), 22평(75.71), 31평(102.89)",
            "last_sales":"2020-02-24,22100.0,18평(62.55)"
        },
        {
            "index":102,
            "아파트명":"내동주공1단지",
            "투자타입":"재건축",
            "전용면적(m2)":"50.15",
            "전용면적(평)":"15평",
            "법정동주소":"경상남도 창원시 성산구 내동 454-9",
            "도로명주소":"경상남도 창원시 성산구 삼동로128번길 62",
            "세대수":0,
            "입주년차":"--",
            "용적률점수":0,
            "건폐율점수":0,
            "세대당주차수":"--",
            "난방방식":"--",
            "공급면적":50,
            "전용률":100,
            "욕실수":"--",
            "현관타입":"--",
            "주거총점":7.5,
            "지역구공급총점":0.0,
            "역세권":"NA",
            "30분내 이동가능 거점":"NA",
            "1시간내 이동가능 거점":"NA",
            "교통총점":"NA",
            "백화점":100,
            "아울렛몰":0,
            "대형마트":0,
            "은행":0,
            "병원":0,
            "종합병원":100,
            "공원":0,
            "혐오시설":0,
            "인프라총점":50.0,
            "초등학군":81.67,
            "중학군":49.64,
            "학군총점":56.046,
            "인구수":26.59,
            "인구증감":100.0,
            "인구총점":48.613,
            "일자리":12.9,
            "소득수준":67.86,
            "일자리총점":29.388,
            "가치 총점":36.6365,
            "매매실거래년":20211206.0,
            "매매실거래가":12270.0,
            "전세실거래년":20170816.0,
            "전세실거래가":3500.0,
            "전세가율":28.52,
            "장기전세가율평균":68.76,
            "전세가율거품지수":40.24,
            "검색코드":15736,
            "세대수":200.0,
            "준공년월":"1977-01-01",
            "준공년차":46.0,
            "가까운역이름":"NA",
            "가까운역거리":"NA",
            "역세권여부":"NA",
            "30분이내주요거점역":"NA",
            "1시간이내주요거점역":"NA",
            "3km이내백화점수":1,
            "5km이내아울렛몰수":0,
            "1km이내대형먀트수":0,
            "500m이내은행수":0,
            "500m이내병원수":0,
            "5km이내대형병원수":4,
            "500m이내공원수":0,
            "3km이내혐오시설수":0,
            "초등학교학업성취도":81.67,
            "중학교학업성취도":82.4,
            "용적률":0,
            "건폐율":0,
            "Y":35.221285,
            "X":128.662274,
            "rank":90.0,
            "area_info":"15평(50.15)",
            "last_sales":"2021-12-06,12270.0,15평(50.15)"
        },
        {
            "index":61,
            "아파트명":"대우1차",
            "투자타입":"재건축",
            "전용면적(m2)":"51.13",
            "전용면적(평)":"15평",
            "법정동주소":"경상남도 창원시 성산구 남산동 601-7",
            "도로명주소":"경상남도 창원시 성산구 정동로162번길 81",
            "세대수":50,
            "입주년차":"--",
            "용적률점수":0,
            "건폐율점수":80,
            "세대당주차수":"--",
            "난방방식":"--",
            "공급면적":50,
            "전용률":60,
            "욕실수":"--",
            "현관타입":"--",
            "주거총점":36.5,
            "지역구공급총점":0.0,
            "역세권":"NA",
            "30분내 이동가능 거점":"NA",
            "1시간내 이동가능 거점":"NA",
            "교통총점":"NA",
            "백화점":0,
            "아울렛몰":0,
            "대형마트":0,
            "은행":20,
            "병원":10,
            "종합병원":100,
            "공원":80,
            "혐오시설":-50,
            "인프라총점":24.4,
            "초등학군":86.63,
            "중학군":47.44,
            "학군총점":55.278,
            "인구수":26.59,
            "인구증감":100.0,
            "인구총점":48.613,
            "일자리":12.9,
            "소득수준":67.86,
            "일자리총점":29.388,
            "가치 총점":36.3545,
            "매매실거래년":20211224.0,
            "매매실거래가":9000.0,
            "전세실거래년":null,
            "전세실거래가":null,
            "전세가율":null,
            "장기전세가율평균":68.76,
            "전세가율거품지수":null,
            "검색코드":7616,
            "세대수":636.0,
            "준공년월":"1991-09-12",
            "준공년차":32.0,
            "가까운역이름":"NA",
            "가까운역거리":"NA",
            "역세권여부":"NA",
            "30분이내주요거점역":"NA",
            "1시간이내주요거점역":"NA",
            "3km이내백화점수":0,
            "5km이내아울렛몰수":0,
            "1km이내대형먀트수":0,
            "500m이내은행수":2,
            "500m이내병원수":2,
            "5km이내대형병원수":3,
            "500m이내공원수":1,
            "3km이내혐오시설수":1,
            "초등학교학업성취도":86.63,
            "중학교학업성취도":78.0,
            "용적률":313,
            "건폐율":28,
            "Y":35.200222,
            "X":128.700221,
            "rank":91.0,
            "area_info":"15평(51.13), 20평(66.17)",
            "last_sales":"2021-12-24,9000.0,20평(66.17)"
        },
        {
            "index":355,
            "아파트명":"창원신촌동원로얄듀크",
            "투자타입":"일반",
            "전용면적(m2)":"110.95",
            "전용면적(평)":"33평",
            "법정동주소":"경상남도 창원시 성산구 신촌동 33-8",
            "도로명주소":"경상남도 창원시 성산구 신촌로 130",
            "세대수":0,
            "입주년차":40,
            "용적률점수":"--",
            "건폐율점수":"--",
            "세대당주차수":60,
            "난방방식":30,
            "공급면적":"--",
            "전용률":"--",
            "욕실수":100,
            "현관타입":50,
            "주거총점":35.0,
            "지역구공급총점":0.0,
            "역세권":"NA",
            "30분내 이동가능 거점":"NA",
            "1시간내 이동가능 거점":"NA",
            "교통총점":"NA",
            "백화점":0,
            "아울렛몰":0,
            "대형마트":0,
            "은행":0,
            "병원":10,
            "종합병원":100,
            "공원":100,
            "혐오시설":0,
            "인프라총점":24.0,
            "초등학군":87.29,
            "중학군":47.02,
            "학군총점":55.074,
            "인구수":26.59,
            "인구증감":100.0,
            "인구총점":48.613,
            "일자리":12.9,
            "소득수준":67.86,
            "일자리총점":29.388,
            "가치 총점":35.6185,
            "매매실거래년":20211228.0,
            "매매실거래가":35000.0,
            "전세실거래년":20190715.0,
            "전세실거래가":19000.0,
            "전세가율":70.37,
            "장기전세가율평균":68.76,
            "전세가율거품지수":-1.61,
            "검색코드":27288,
            "세대수":225.0,
            "준공년월":"2008-10-23",
            "준공년차":15.0,
            "가까운역이름":"NA",
            "가까운역거리":"NA",
            "역세권여부":"NA",
            "30분이내주요거점역":"NA",
            "1시간이내주요거점역":"NA",
            "3km이내백화점수":0,
            "5km이내아울렛몰수":0,
            "1km이내대형먀트수":0,
            "500m이내은행수":1,
            "500m이내병원수":3,
            "5km이내대형병원수":2,
            "500m이내공원수":4,
            "3km이내혐오시설수":0,
            "초등학교학업성취도":87.29,
            "중학교학업성취도":77.7,
            "용적률":164,
            "건폐율":17,
            "Y":35.198616,
            "X":128.628223,
            "rank":92.0,
            "area_info":"33평(110.95), 33평(110.95), 45평(148.9), 45평(148.9)",
            "last_sales":"2021-12-28,35000.0,45평(148.9)"
        },
        {
            "index":417,
            "아파트명":"서광파크빌",
            "투자타입":"일반",
            "전용면적(m2)":"106.62",
            "전용면적(평)":"32평",
            "법정동주소":"경상남도 창원시 성산구 천선동 1142",
            "도로명주소":"경상남도 창원시 성산구 안민안길 50",
            "세대수":0,
            "입주년차":20,
            "용적률점수":"--",
            "건폐율점수":"--",
            "세대당주차수":30,
            "난방방식":30,
            "공급면적":"--",
            "전용률":"--",
            "욕실수":100,
            "현관타입":100,
            "주거총점":31.5,
            "지역구공급총점":0.0,
            "역세권":"NA",
            "30분내 이동가능 거점":"NA",
            "1시간내 이동가능 거점":"NA",
            "교통총점":"NA",
            "백화점":0,
            "아울렛몰":0,
            "대형마트":0,
            "은행":0,
            "병원":10,
            "종합병원":100,
            "공원":80,
            "혐오시설":0,
            "인프라총점":23.4,
            "초등학군":87.44,
            "중학군":48.16,
            "학군총점":56.016,
            "인구수":26.59,
            "인구증감":100.0,
            "인구총점":48.613,
            "일자리":12.9,
            "소득수준":67.86,
            "일자리총점":29.388,
            "가치 총점":34.389,
            "매매실거래년":20211118.0,
            "매매실거래가":18500.0,
            "전세실거래년":20201203.0,
            "전세실거래가":16000.0,
            "전세가율":86.49,
            "장기전세가율평균":68.76,
            "전세가율거품지수":-17.73,
            "검색코드":16841,
            "세대수":180.0,
            "준공년월":"2002-11-16",
            "준공년차":21.0,
            "가까운역이름":"NA",
            "가까운역거리":"NA",
            "역세권여부":"NA",
            "30분이내주요거점역":"NA",
            "1시간이내주요거점역":"NA",
            "3km이내백화점수":0,
            "5km이내아울렛몰수":0,
            "1km이내대형먀트수":0,
            "500m이내은행수":0,
            "500m이내병원수":4,
            "5km이내대형병원수":4,
            "500m이내공원수":1,
            "3km이내혐오시설수":0,
            "초등학교학업성취도":87.44,
            "중학교학업성취도":77.6,
            "용적률":219,
            "건폐율":18,
            "Y":35.187492,
            "X":128.694325,
            "rank":93.0,
            "area_info":"32평(106.62)",
            "last_sales":"2021-11-18,18500.0,32평(106.62)"
        },
        {
            "index":340,
            "아파트명":"디에스아이존빌",
            "투자타입":"일반",
            "전용면적(m2)":"107.67",
            "전용면적(평)":"32평",
            "법정동주소":"경상남도 창원시 성산구 신촌동 33-1",
            "도로명주소":"경상남도 창원시 성산구 신촌로 94",
            "세대수":0,
            "입주년차":40,
            "용적률점수":"--",
            "건폐율점수":"--",
            "세대당주차수":0,
            "난방방식":30,
            "공급면적":"--",
            "전용률":"--",
            "욕실수":100,
            "현관타입":100,
            "주거총점":31.0,
            "지역구공급총점":0.0,
            "역세권":"NA",
            "30분내 이동가능 거점":"NA",
            "1시간내 이동가능 거점":"NA",
            "교통총점":"NA",
            "백화점":0,
            "아울렛몰":0,
            "대형마트":0,
            "은행":0,
            "병원":10,
            "종합병원":100,
            "공원":100,
            "혐오시설":0,
            "인프라총점":24.0,
            "초등학군":87.29,
            "중학군":47.02,
            "학군총점":55.074,
            "인구수":26.59,
            "인구증감":100.0,
            "인구총점":48.613,
            "일자리":12.9,
            "소득수준":67.86,
            "일자리총점":29.388,
            "가치 총점":34.2185,
            "매매실거래년":20211208.0,
            "매매실거래가":26000.0,
            "전세실거래년":20191221.0,
            "전세실거래가":15000.0,
            "전세가율":68.81,
            "장기전세가율평균":68.76,
            "전세가율거품지수":-0.05,
            "검색코드":100912,
            "세대수":195.0,
            "준공년월":"2005-12-27",
            "준공년차":18.0,
            "가까운역이름":"NA",
            "가까운역거리":"NA",
            "역세권여부":"NA",
            "30분이내주요거점역":"NA",
            "1시간이내주요거점역":"NA",
            "3km이내백화점수":0,
            "5km이내아울렛몰수":0,
            "1km이내대형먀트수":0,
            "500m이내은행수":1,
            "500m이내병원수":2,
            "5km이내대형병원수":2,
            "500m이내공원수":4,
            "3km이내혐오시설수":0,
            "초등학교학업성취도":87.29,
            "중학교학업성취도":77.7,
            "용적률":0,
            "건폐율":0,
            "Y":35.201881,
            "X":128.627754,
            "rank":94.0,
            "area_info":"32평(107.67), 33평(109.76)",
            "last_sales":"2021-12-08,26000.0,33평(109.76)"
        },
        {
            "index":362,
            "아파트명":"동부산아이존빌",
            "투자타입":"일반",
            "전용면적(m2)":"81.55",
            "전용면적(평)":"24평",
            "법정동주소":"경상남도 창원시 성산구 안민동 188",
            "도로명주소":"경상남도 창원시 성산구 안민로117번길 3",
            "세대수":0,
            "입주년차":20,
            "용적률점수":"--",
            "건폐율점수":"--",
            "세대당주차수":0,
            "난방방식":30,
            "공급면적":"--",
            "전용률":"--",
            "욕실수":50,
            "현관타입":100,
            "주거총점":22.0,
            "지역구공급총점":0.0,
            "역세권":"NA",
            "30분내 이동가능 거점":"NA",
            "1시간내 이동가능 거점":"NA",
            "교통총점":"NA",
            "백화점":0,
            "아울렛몰":0,
            "대형마트":0,
            "은행":0,
            "병원":10,
            "종합병원":100,
            "공원":100,
            "혐오시설":0,
            "인프라총점":24.0,
            "초등학군":87.44,
            "중학군":48.16,
            "학군총점":56.016,
            "인구수":26.59,
            "인구증감":100.0,
            "인구총점":48.613,
            "일자리":12.9,
            "소득수준":67.86,
            "일자리총점":29.388,
            "가치 총점":31.304,
            "매매실거래년":20210918.0,
            "매매실거래가":16400.0,
            "전세실거래년":20210521.0,
            "전세실거래가":16000.0,
            "전세가율":89.89,
            "장기전세가율평균":68.76,
            "전세가율거품지수":-21.13,
            "검색코드":15802,
            "세대수":262.0,
            "준공년월":"2002-03-16",
            "준공년차":21.0,
            "가까운역이름":"NA",
            "가까운역거리":"NA",
            "역세권여부":"NA",
            "30분이내주요거점역":"NA",
            "1시간이내주요거점역":"NA",
            "3km이내백화점수":0,
            "5km이내아울렛몰수":0,
            "1km이내대형먀트수":0,
            "500m이내은행수":0,
            "500m이내병원수":4,
            "5km이내대형병원수":4,
            "500m이내공원수":2,
            "3km이내혐오시설수":0,
            "초등학교학업성취도":87.44,
            "중학교학업성취도":77.6,
            "용적률":282,
            "건폐율":15,
            "Y":35.186584,
            "X":128.689201,
            "rank":95.0,
            "area_info":"24평(81.55), 24평(82.32), 34평(114.55)",
            "last_sales":"2021-09-18,16400.0,24평(82.32)"
        },
        {
            "index":345,
            "아파트명":"성원",
            "투자타입":"재건축",
            "전용면적(m2)":"56.89",
            "전용면적(평)":"17평",
            "법정동주소":"경상남도 창원시 성산구 신촌동 23-2",
            "도로명주소":"경상남도 창원시 성산구 신촌로 123",
            "세대수":50,
            "입주년차":"--",
            "용적률점수":0,
            "건폐율점수":0,
            "세대당주차수":"--",
            "난방방식":"--",
            "공급면적":50,
            "전용률":80,
            "욕실수":"--",
            "현관타입":"--",
            "주거총점":21.5,
            "지역구공급총점":0.0,
            "역세권":"NA",
            "30분내 이동가능 거점":"NA",
            "1시간내 이동가능 거점":"NA",
            "교통총점":"NA",
            "백화점":0,
            "아울렛몰":0,
            "대형마트":0,
            "은행":0,
            "병원":10,
            "종합병원":100,
            "공원":100,
            "혐오시설":0,
            "인프라총점":24.0,
            "초등학군":87.29,
            "중학군":47.02,
            "학군총점":55.074,
            "인구수":26.59,
            "인구증감":100.0,
            "인구총점":48.613,
            "일자리":12.9,
            "소득수준":67.86,
            "일자리총점":29.388,
            "가치 총점":30.8935,
            "매매실거래년":20211227.0,
            "매매실거래가":11700.0,
            "전세실거래년":20220111.0,
            "전세실거래가":7000.0,
            "전세가율":79.55,
            "장기전세가율평균":68.76,
            "전세가율거품지수":-10.79,
            "검색코드":16828,
            "세대수":410.0,
            "준공년월":"1987-06-03",
            "준공년차":36.0,
            "가까운역이름":"NA",
            "가까운역거리":"NA",
            "역세권여부":"NA",
            "30분이내주요거점역":"NA",
            "1시간이내주요거점역":"NA",
            "3km이내백화점수":0,
            "5km이내아울렛몰수":0,
            "1km이내대형먀트수":0,
            "500m이내은행수":1,
            "500m이내병원수":3,
            "5km이내대형병원수":2,
            "500m이내공원수":3,
            "3km이내혐오시설수":0,
            "초등학교학업성취도":87.29,
            "중학교학업성취도":77.7,
            "용적률":298,
            "건폐율":59,
            "Y":35.197897,
            "X":128.629458,
            "rank":96.0,
            "area_info":"17평(56.89), 17평(57.1), 17평(59.19), 19평(65.33)",
            "last_sales":"2021-12-27,11700.0,19평(65.33)"
        },
        {
            "index":352,
            "아파트명":"양곡상가",
            "투자타입":"재건축",
            "전용면적(m2)":"82.65",
            "전용면적(평)":"25평",
            "법정동주소":"경상남도 창원시 성산구 신촌동 22-1",
            "도로명주소":"경상남도 창원시 성산구 신촌로 83",
            "세대수":30,
            "입주년차":"--",
            "용적률점수":0,
            "건폐율점수":0,
            "세대당주차수":"--",
            "난방방식":"--",
            "공급면적":70,
            "전용률":60,
            "욕실수":"--",
            "현관타입":"--",
            "주거총점":15.5,
            "지역구공급총점":0.0,
            "역세권":"NA",
            "30분내 이동가능 거점":"NA",
            "1시간내 이동가능 거점":"NA",
            "교통총점":"NA",
            "백화점":0,
            "아울렛몰":0,
            "대형마트":0,
            "은행":0,
            "병원":10,
            "종합병원":100,
            "공원":100,
            "혐오시설":0,
            "인프라총점":24.0,
            "초등학군":87.29,
            "중학군":47.02,
            "학군총점":55.074,
            "인구수":26.59,
            "인구증감":100.0,
            "인구총점":48.613,
            "일자리":12.9,
            "소득수준":67.86,
            "일자리총점":29.388,
            "가치 총점":28.7935,
            "매매실거래년":20211030.0,
            "매매실거래가":6450.0,
            "전세실거래년":20211215.0,
            "전세실거래가":7500.0,
            "전세가율":116.28,
            "장기전세가율평균":68.76,
            "전세가율거품지수":-47.52,
            "검색코드":7856,
            "세대수":330.0,
            "준공년월":"1979-09-01",
            "준공년차":44.0,
            "가까운역이름":"NA",
            "가까운역거리":"NA",
            "역세권여부":"NA",
            "30분이내주요거점역":"NA",
            "1시간이내주요거점역":"NA",
            "3km이내백화점수":0,
            "5km이내아울렛몰수":0,
            "1km이내대형먀트수":0,
            "500m이내은행수":1,
            "500m이내병원수":2,
            "5km이내대형병원수":2,
            "500m이내공원수":4,
            "3km이내혐오시설수":0,
            "초등학교학업성취도":87.29,
            "중학교학업성취도":77.7,
            "용적률":0,
            "건폐율":0,
            "Y":35.202084,
            "X":128.628535,
            "rank":97.0,
            "area_info":"25평(82.65), 32평(105.79)",
            "last_sales":"2021-10-30,6450.0,25평(82.65)"
        },
        {
            "index":365,
            "아파트명":"신우에이스타운",
            "투자타입":"일반",
            "전용면적(m2)":"79.07",
            "전용면적(평)":"23평",
            "법정동주소":"경상남도 창원시 성산구 안민동 143-7",
            "도로명주소":"경상남도 창원시 성산구 안민안길 8",
            "세대수":0,
            "입주년차":20,
            "용적률점수":"--",
            "건폐율점수":"--",
            "세대당주차수":0,
            "난방방식":30,
            "공급면적":"--",
            "전용률":"--",
            "욕실수":50,
            "현관타입":10,
            "주거총점":13.0,
            "지역구공급총점":0.0,
            "역세권":"NA",
            "30분내 이동가능 거점":"NA",
            "1시간내 이동가능 거점":"NA",
            "교통총점":"NA",
            "백화점":0,
            "아울렛몰":0,
            "대형마트":0,
            "은행":0,
            "병원":10,
            "종합병원":100,
            "공원":100,
            "혐오시설":0,
            "인프라총점":24.0,
            "초등학군":87.44,
            "중학군":48.16,
            "학군총점":56.016,
            "인구수":26.59,
            "인구증감":100.0,
            "인구총점":48.613,
            "일자리":12.9,
            "소득수준":67.86,
            "일자리총점":29.388,
            "가치 총점":28.154,
            "매매실거래년":20211221.0,
            "매매실거래가":13900.0,
            "전세실거래년":20211211.0,
            "전세실거래가":11000.0,
            "전세가율":88.0,
            "장기전세가율평균":68.76,
            "전세가율거품지수":-19.24,
            "검색코드":7865,
            "세대수":170.0,
            "준공년월":"1999-02-02",
            "준공년차":24.0,
            "가까운역이름":"NA",
            "가까운역거리":"NA",
            "역세권여부":"NA",
            "30분이내주요거점역":"NA",
            "1시간이내주요거점역":"NA",
            "3km이내백화점수":0,
            "5km이내아울렛몰수":0,
            "1km이내대형먀트수":0,
            "500m이내은행수":0,
            "500m이내병원수":4,
            "5km이내대형병원수":4,
            "500m이내공원수":2,
            "3km이내혐오시설수":0,
            "초등학교학업성취도":87.44,
            "중학교학업성취도":77.6,
            "용적률":341,
            "건폐율":29,
            "Y":35.185737,
            "X":128.690665,
            "rank":98.0,
            "area_info":"23평(79.07), 29평(98.13)",
            "last_sales":"2021-12-21,13900.0,29평(98.13)"
        }
    ]
}