{
    "schema":{
        "fields":[
            {
                "name":"index",
                "type":"integer"
            },
            {
                "name":"아파트명",
                "type":"string"
            },
            {
                "name":"투자타입",
                "type":"string"
            },
            {
                "name":"전용면적(m2)",
                "type":"string"
            },
            {
                "name":"전용면적(평)",
                "type":"string"
            },
            {
                "name":"법정동주소",
                "type":"string"
            },
            {
                "name":"도로명주소",
                "type":"string"
            },
            {
                "name":"세대수",
                "type":"integer"
            },
            {
                "name":"입주년차",
                "type":"string"
            },
            {
                "name":"용적률점수",
                "type":"string"
            },
            {
                "name":"건폐율점수",
                "type":"string"
            },
            {
                "name":"세대당주차수",
                "type":"string"
            },
            {
                "name":"난방방식",
                "type":"string"
            },
            {
                "name":"공급면적",
                "type":"string"
            },
            {
                "name":"전용률",
                "type":"string"
            },
            {
                "name":"욕실수",
                "type":"string"
            },
            {
                "name":"현관타입",
                "type":"string"
            },
            {
                "name":"주거총점",
                "type":"number"
            },
            {
                "name":"지역구공급총점",
                "type":"number"
            },
            {
                "name":"역세권",
                "type":"string"
            },
            {
                "name":"30분내 이동가능 거점",
                "type":"string"
            },
            {
                "name":"1시간내 이동가능 거점",
                "type":"string"
            },
            {
                "name":"교통총점",
                "type":"string"
            },
            {
                "name":"백화점",
                "type":"integer"
            },
            {
                "name":"아울렛몰",
                "type":"integer"
            },
            {
                "name":"대형마트",
                "type":"integer"
            },
            {
                "name":"은행",
                "type":"integer"
            },
            {
                "name":"병원",
                "type":"integer"
            },
            {
                "name":"종합병원",
                "type":"integer"
            },
            {
                "name":"공원",
                "type":"integer"
            },
            {
                "name":"혐오시설",
                "type":"integer"
            },
            {
                "name":"인프라총점",
                "type":"number"
            },
            {
                "name":"초등학군",
                "type":"number"
            },
            {
                "name":"중학군",
                "type":"number"
            },
            {
                "name":"학군총점",
                "type":"number"
            },
            {
                "name":"인구수",
                "type":"number"
            },
            {
                "name":"인구증감",
                "type":"number"
            },
            {
                "name":"인구총점",
                "type":"number"
            },
            {
                "name":"일자리",
                "type":"number"
            },
            {
                "name":"소득수준",
                "type":"number"
            },
            {
                "name":"일자리총점",
                "type":"number"
            },
            {
                "name":"가치 총점",
                "type":"number"
            },
            {
                "name":"매매실거래년",
                "type":"string"
            },
            {
                "name":"매매실거래가",
                "type":"number"
            },
            {
                "name":"전세실거래년",
                "type":"number"
            },
            {
                "name":"전세실거래가",
                "type":"number"
            },
            {
                "name":"전세가율",
                "type":"number"
            },
            {
                "name":"장기전세가율평균",
                "type":"number"
            },
            {
                "name":"전세가율거품지수",
                "type":"number"
            },
            {
                "name":"검색코드",
                "type":"integer"
            },
            {
                "name":"세대수",
                "type":"integer"
            },
            {
                "name":"준공년월",
                "type":"string"
            },
            {
                "name":"준공년차",
                "type":"integer"
            },
            {
                "name":"가까운역이름",
                "type":"string"
            },
            {
                "name":"가까운역거리",
                "type":"string"
            },
            {
                "name":"역세권여부",
                "type":"string"
            },
            {
                "name":"30분이내주요거점역",
                "type":"string"
            },
            {
                "name":"1시간이내주요거점역",
                "type":"string"
            },
            {
                "name":"3km이내백화점수",
                "type":"integer"
            },
            {
                "name":"5km이내아울렛몰수",
                "type":"integer"
            },
            {
                "name":"1km이내대형먀트수",
                "type":"integer"
            },
            {
                "name":"500m이내은행수",
                "type":"integer"
            },
            {
                "name":"500m이내병원수",
                "type":"integer"
            },
            {
                "name":"5km이내대형병원수",
                "type":"integer"
            },
            {
                "name":"500m이내공원수",
                "type":"integer"
            },
            {
                "name":"3km이내혐오시설수",
                "type":"integer"
            },
            {
                "name":"초등학교학업성취도",
                "type":"number"
            },
            {
                "name":"중학교학업성취도",
                "type":"number"
            },
            {
                "name":"용적률",
                "type":"integer"
            },
            {
                "name":"건폐율",
                "type":"integer"
            },
            {
                "name":"Y",
                "type":"number"
            },
            {
                "name":"X",
                "type":"number"
            },
            {
                "name":"rank",
                "type":"number"
            },
            {
                "name":"area_info",
                "type":"string"
            },
            {
                "name":"last_sales",
                "type":"string"
            }
        ],
        "primaryKey":[
            "index"
        ],
        "pandas_version":"1.4.0"
    },
    "data":[
        {
            "index":389,
            "아파트명":"힐스테이트초전",
            "투자타입":"일반",
            "전용면적(m2)":"114.09",
            "전용면적(평)":"34평",
            "법정동주소":"경상남도 진주시 초전동 1665",
            "도로명주소":"경상남도 진주시 초북로 95",
            "세대수":90,
            "입주년차":100,
            "용적률점수":"--",
            "건폐율점수":"--",
            "세대당주차수":30,
            "난방방식":30,
            "공급면적":"--",
            "전용률":"--",
            "욕실수":100,
            "현관타입":100,
            "주거총점":79.0,
            "지역구공급총점":100.0,
            "역세권":"NA",
            "30분내 이동가능 거점":"NA",
            "1시간내 이동가능 거점":"NA",
            "교통총점":"NA",
            "백화점":100,
            "아울렛몰":80,
            "대형마트":0,
            "은행":0,
            "병원":0,
            "종합병원":100,
            "공원":100,
            "혐오시설":0,
            "인프라총점":61.0,
            "초등학군":89.85,
            "중학군":50.62,
            "학군총점":58.466,
            "인구수":38.4,
            "인구증감":2.33,
            "인구총점":27.579,
            "일자리":16.8,
            "소득수준":61.15,
            "일자리총점":30.105,
            "가치 총점":66.6665,
            "매매실거래년":20211210.0,
            "매매실거래가":53000.0,
            "전세실거래년":20211224.0,
            "전세실거래가":34000.0,
            "전세가율":64.15,
            "장기전세가율평균":78.0,
            "전세가율거품지수":13.85,
            "검색코드":113971,
            "세대수":1070,
            "준공년월":"2019-02-22",
            "준공년차":4,
            "가까운역이름":"NA",
            "가까운역거리":"NA",
            "역세권여부":"NA",
            "30분이내주요거점역":"NA",
            "1시간이내주요거점역":"NA",
            "3km이내백화점수":1,
            "5km이내아울렛몰수":1,
            "1km이내대형먀트수":0,
            "500m이내은행수":0,
            "500m이내병원수":1,
            "5km이내대형병원수":3,
            "500m이내공원수":4,
            "3km이내혐오시설수":0,
            "초등학교학업성취도":89.85,
            "중학교학업성취도":83.7,
            "용적률":233,
            "건폐율":15,
            "Y":35.213507,
            "X":128.105579,
            "rank":1.0,
            "area_info":"34평(114.09), 34평(114.33), 36평(122.29), 36평(122.26)",
            "last_sales":"2021-12-10,53000.0,34평(114.09)"
        },
        {
            "index":355,
            "아파트명":"진주초전푸르지오1단지",
            "투자타입":"일반",
            "전용면적(m2)":"110.07",
            "전용면적(평)":"33평",
            "법정동주소":"경상남도 진주시 초전동 1640-1",
            "도로명주소":"경상남도 진주시 초장로14번길 27",
            "세대수":80,
            "입주년차":60,
            "용적률점수":"--",
            "건폐율점수":"--",
            "세대당주차수":80,
            "난방방식":30,
            "공급면적":"--",
            "전용률":"--",
            "욕실수":100,
            "현관타입":100,
            "주거총점":75.0,
            "지역구공급총점":100.0,
            "역세권":"NA",
            "30분내 이동가능 거점":"NA",
            "1시간내 이동가능 거점":"NA",
            "교통총점":"NA",
            "백화점":100,
            "아울렛몰":80,
            "대형마트":0,
            "은행":0,
            "병원":30,
            "종합병원":100,
            "공원":100,
            "혐오시설":0,
            "인프라총점":64.0,
            "초등학군":91.45,
            "중학군":50.62,
            "학군총점":58.786,
            "인구수":38.4,
            "인구증감":2.33,
            "인구총점":27.579,
            "일자리":16.8,
            "소득수준":61.15,
            "일자리총점":30.105,
            "가치 총점":66.5465,
            "매매실거래년":20220106.0,
            "매매실거래가":40600.0,
            "전세실거래년":20211122.0,
            "전세실거래가":29000.0,
            "전세가율":71.43,
            "장기전세가율평균":78.0,
            "전세가율거품지수":6.57,
            "검색코드":101526,
            "세대수":812,
            "준공년월":"2009-12-17",
            "준공년차":14,
            "가까운역이름":"NA",
            "가까운역거리":"NA",
            "역세권여부":"NA",
            "30분이내주요거점역":"NA",
            "1시간이내주요거점역":"NA",
            "3km이내백화점수":1,
            "5km이내아울렛몰수":1,
            "1km이내대형먀트수":0,
            "500m이내은행수":1,
            "500m이내병원수":8,
            "5km이내대형병원수":4,
            "500m이내공원수":2,
            "3km이내혐오시설수":0,
            "초등학교학업성취도":91.45,
            "중학교학업성취도":83.7,
            "용적률":240,
            "건폐율":16,
            "Y":35.204907,
            "X":128.11279,
            "rank":2.0,
            "area_info":"33평(110.07), 38평(127.55), 45평(151.99), 48평(159.42), 58평(191.79)",
            "last_sales":"2022-01-06,40600.0,33평(110.07)"
        },
        {
            "index":360,
            "아파트명":"진주초전푸르지오2단지",
            "투자타입":"일반",
            "전용면적(m2)":"126.04",
            "전용면적(평)":"38평",
            "법정동주소":"경상남도 진주시 초전동 1637-1",
            "도로명주소":"경상남도 진주시 초장로14번길 29",
            "세대수":80,
            "입주년차":60,
            "용적률점수":"--",
            "건폐율점수":"--",
            "세대당주차수":80,
            "난방방식":30,
            "공급면적":"--",
            "전용률":"--",
            "욕실수":100,
            "현관타입":100,
            "주거총점":75.0,
            "지역구공급총점":100.0,
            "역세권":"NA",
            "30분내 이동가능 거점":"NA",
            "1시간내 이동가능 거점":"NA",
            "교통총점":"NA",
            "백화점":100,
            "아울렛몰":80,
            "대형마트":0,
            "은행":0,
            "병원":30,
            "종합병원":100,
            "공원":100,
            "혐오시설":0,
            "인프라총점":64.0,
            "초등학군":91.45,
            "중학군":50.62,
            "학군총점":58.786,
            "인구수":38.4,
            "인구증감":2.33,
            "인구총점":27.579,
            "일자리":16.8,
            "소득수준":61.15,
            "일자리총점":30.105,
            "가치 총점":66.5465,
            "매매실거래년":20211213.0,
            "매매실거래가":46000.0,
            "전세실거래년":20211028.0,
            "전세실거래가":36000.0,
            "전세가율":78.26,
            "장기전세가율평균":78.0,
            "전세가율거품지수":-0.26,
            "검색코드":101527,
            "세대수":830,
            "준공년월":"2010-03-01",
            "준공년차":13,
            "가까운역이름":"NA",
            "가까운역거리":"NA",
            "역세권여부":"NA",
            "30분이내주요거점역":"NA",
            "1시간이내주요거점역":"NA",
            "3km이내백화점수":1,
            "5km이내아울렛몰수":1,
            "1km이내대형먀트수":0,
            "500m이내은행수":1,
            "500m이내병원수":5,
            "5km이내대형병원수":4,
            "500m이내공원수":4,
            "3km이내혐오시설수":0,
            "초등학교학업성취도":91.45,
            "중학교학업성취도":83.7,
            "용적률":209,
            "건폐율":14,
            "Y":35.207468,
            "X":128.111596,
            "rank":2.0,
            "area_info":"38평(126.04), 46평(154.96), 48평(160.08)",
            "last_sales":"2021-12-13,46000.0,38평(126.04)"
        },
        {
            "index":196,
            "아파트명":"진주센트럴자이",
            "투자타입":"일반",
            "전용면적(m2)":"111.83",
            "전용면적(평)":"33평",
            "법정동주소":"경상남도 진주시 상평동 1069",
            "도로명주소":"경상남도 진주시 도동천로 48",
            "세대수":50,
            "입주년차":60,
            "용적률점수":"--",
            "건폐율점수":"--",
            "세대당주차수":30,
            "난방방식":30,
            "공급면적":"--",
            "전용률":"--",
            "욕실수":100,
            "현관타입":100,
            "주거총점":57.0,
            "지역구공급총점":100.0,
            "역세권":"NA",
            "30분내 이동가능 거점":"NA",
            "1시간내 이동가능 거점":"NA",
            "교통총점":"NA",
            "백화점":100,
            "아울렛몰":80,
            "대형마트":0,
            "은행":100,
            "병원":60,
            "종합병원":100,
            "공원":80,
            "혐오시설":0,
            "인프라총점":76.4,
            "초등학군":81.13,
            "중학군":51.32,
            "학군총점":57.282,
            "인구수":38.4,
            "인구증감":2.33,
            "인구총점":27.579,
            "일자리":16.8,
            "소득수준":61.15,
            "일자리총점":30.105,
            "가치 총점":64.8305,
            "매매실거래년":20220105.0,
            "매매실거래가":35400.0,
            "전세실거래년":20211115.0,
            "전세실거래가":28000.0,
            "전세가율":79.1,
            "장기전세가율평균":78.0,
            "전세가율거품지수":-1.1,
            "검색코드":104049,
            "세대수":401,
            "준공년월":"2013-12-17",
            "준공년차":10,
            "가까운역이름":"NA",
            "가까운역거리":"NA",
            "역세권여부":"NA",
            "30분이내주요거점역":"NA",
            "1시간이내주요거점역":"NA",
            "3km이내백화점수":1,
            "5km이내아울렛몰수":1,
            "1km이내대형먀트수":0,
            "500m이내은행수":6,
            "500m이내병원수":21,
            "5km이내대형병원수":4,
            "500m이내공원수":1,
            "3km이내혐오시설수":0,
            "초등학교학업성취도":81.13,
            "중학교학업성취도":85.2,
            "용적률":224,
            "건폐율":20,
            "Y":35.177808,
            "X":128.105495,
            "rank":3.0,
            "area_info":"33평(111.83), 33평(111.83), 33평(111.75), 33평(111.75), 33평(112.28), 39평(132.18), 48평(161.86)",
            "last_sales":"2022-01-05,35400.0,33평(111.83)"
        },
        {
            "index":346,
            "아파트명":"진주초장엠코타운더이스턴파크",
            "투자타입":"일반",
            "전용면적(m2)":"85.42",
            "전용면적(평)":"25평",
            "법정동주소":"경상남도 진주시 초전동 1669",
            "도로명주소":"경상남도 진주시 초북로 77",
            "세대수":80,
            "입주년차":80,
            "용적률점수":"--",
            "건폐율점수":"--",
            "세대당주차수":30,
            "난방방식":30,
            "공급면적":"--",
            "전용률":"--",
            "욕실수":100,
            "현관타입":100,
            "주거총점":71.5,
            "지역구공급총점":100.0,
            "역세권":"NA",
            "30분내 이동가능 거점":"NA",
            "1시간내 이동가능 거점":"NA",
            "교통총점":"NA",
            "백화점":100,
            "아울렛몰":80,
            "대형마트":0,
            "은행":0,
            "병원":10,
            "종합병원":100,
            "공원":100,
            "혐오시설":0,
            "인프라총점":62.0,
            "초등학군":89.85,
            "중학군":50.62,
            "학군총점":58.466,
            "인구수":38.4,
            "인구증감":2.33,
            "인구총점":27.579,
            "일자리":16.8,
            "소득수준":61.15,
            "일자리총점":30.105,
            "가치 총점":64.4415,
            "매매실거래년":20220113.0,
            "매매실거래가":46000.0,
            "전세실거래년":20211204.0,
            "전세실거래가":20000.0,
            "전세가율":66.67,
            "장기전세가율평균":78.0,
            "전세가율거품지수":11.33,
            "검색코드":104042,
            "세대수":883,
            "준공년월":"2014-06-27",
            "준공년차":9,
            "가까운역이름":"NA",
            "가까운역거리":"NA",
            "역세권여부":"NA",
            "30분이내주요거점역":"NA",
            "1시간이내주요거점역":"NA",
            "3km이내백화점수":1,
            "5km이내아울렛몰수":1,
            "1km이내대형먀트수":0,
            "500m이내은행수":0,
            "500m이내병원수":4,
            "5km이내대형병원수":3,
            "500m이내공원수":4,
            "3km이내혐오시설수":0,
            "초등학교학업성취도":89.85,
            "중학교학업성취도":83.7,
            "용적률":214,
            "건폐율":18,
            "Y":35.213357,
            "X":128.108496,
            "rank":4.0,
            "area_info":"25평(85.42), 29평(98.3), 29평(98.61), 29평(99.06), 34평(114.21), 34평(114.1), 39평(131.3), 39평(132.1), 39평(132.11)",
            "last_sales":"2022-01-13,46000.0,39평(131.3)"
        },
        {
            "index":414,
            "아파트명":"진주혁신도시중흥S-클래스더퍼스트",
            "투자타입":"일반",
            "전용면적(m2)":"123.41",
            "전용면적(평)":"37평",
            "법정동주소":"경상남도 진주시 충무공동 275",
            "도로명주소":"경상남도 진주시 충의로 146",
            "세대수":80,
            "입주년차":100,
            "용적률점수":"--",
            "건폐율점수":"--",
            "세대당주차수":80,
            "난방방식":100,
            "공급면적":"--",
            "전용률":"--",
            "욕실수":100,
            "현관타입":100,
            "주거총점":90.0,
            "지역구공급총점":100.0,
            "역세권":"NA",
            "30분내 이동가능 거점":"NA",
            "1시간내 이동가능 거점":"NA",
            "교통총점":"NA",
            "백화점":0,
            "아울렛몰":80,
            "대형마트":80,
            "은행":0,
            "병원":60,
            "종합병원":100,
            "공원":100,
            "혐오시설":0,
            "인프라총점":49.0,
            "초등학군":100.0,
            "중학군":36.42,
            "학군총점":49.136,
            "인구수":38.4,
            "인구증감":2.33,
            "인구총점":27.579,
            "일자리":16.8,
            "소득수준":61.15,
            "일자리총점":30.105,
            "가치 총점":63.384,
            "매매실거래년":20211126.0,
            "매매실거래가":79300.0,
            "전세실거래년":20211227.0,
            "전세실거래가":30000.0,
            "전세가율":37.83,
            "장기전세가율평균":78.0,
            "전세가율거품지수":40.17,
            "검색코드":120065,
            "세대수":726,
            "준공년월":"2020-09-01",
            "준공년차":3,
            "가까운역이름":"NA",
            "가까운역거리":"NA",
            "역세권여부":"NA",
            "30분이내주요거점역":"NA",
            "1시간이내주요거점역":"NA",
            "3km이내백화점수":0,
            "5km이내아울렛몰수":1,
            "1km이내대형먀트수":1,
            "500m이내은행수":1,
            "500m이내병원수":16,
            "5km이내대형병원수":2,
            "500m이내공원수":4,
            "3km이내혐오시설수":0,
            "초등학교학업성취도":100.0,
            "중학교학업성취도":60.7,
            "용적률":182,
            "건폐율":17,
            "Y":35.176212,
            "X":128.150304,
            "rank":5.0,
            "area_info":"37평(123.41), 37평(123.65), 42평(139.26)",
            "last_sales":"2021-11-26,79300.0,37평(123.41)"
        },
        {
            "index":343,
            "아파트명":"이지더원",
            "투자타입":"일반",
            "전용면적(m2)":"95.58",
            "전용면적(평)":"28평",
            "법정동주소":"경상남도 진주시 초전동 1673",
            "도로명주소":"경상남도 진주시 초장로 120",
            "세대수":50,
            "입주년차":80,
            "용적률점수":"--",
            "건폐율점수":"--",
            "세대당주차수":60,
            "난방방식":30,
            "공급면적":"--",
            "전용률":"--",
            "욕실수":100,
            "현관타입":100,
            "주거총점":65.5,
            "지역구공급총점":100.0,
            "역세권":"NA",
            "30분내 이동가능 거점":"NA",
            "1시간내 이동가능 거점":"NA",
            "교통총점":"NA",
            "백화점":100,
            "아울렛몰":80,
            "대형마트":0,
            "은행":0,
            "병원":30,
            "종합병원":100,
            "공원":100,
            "혐오시설":0,
            "인프라총점":64.0,
            "초등학군":91.45,
            "중학군":50.62,
            "학군총점":58.786,
            "인구수":38.4,
            "인구증감":2.33,
            "인구총점":27.579,
            "일자리":16.8,
            "소득수준":61.15,
            "일자리총점":30.105,
            "가치 총점":63.2215,
            "매매실거래년":20220107.0,
            "매매실거래가":62000.0,
            "전세실거래년":20220105.0,
            "전세실거래가":34000.0,
            "전세가율":95.77,
            "장기전세가율평균":78.0,
            "전세가율거품지수":-17.77,
            "검색코드":114661,
            "세대수":543,
            "준공년월":"2018-10-29",
            "준공년차":5,
            "가까운역이름":"NA",
            "가까운역거리":"NA",
            "역세권여부":"NA",
            "30분이내주요거점역":"NA",
            "1시간이내주요거점역":"NA",
            "3km이내백화점수":1,
            "5km이내아울렛몰수":1,
            "1km이내대형먀트수":0,
            "500m이내은행수":1,
            "500m이내병원수":8,
            "5km이내대형병원수":3,
            "500m이내공원수":6,
            "3km이내혐오시설수":0,
            "초등학교학업성취도":91.45,
            "중학교학업성취도":83.7,
            "용적률":233,
            "건폐율":19,
            "Y":35.210524,
            "X":128.109991,
            "rank":6.0,
            "area_info":"28평(95.58), 33평(109.32), 43평(144.44)",
            "last_sales":"2022-01-07,62000.0,43평(144.44)"
        },
        {
            "index":49,
            "아파트명":"진주강남일동미라주",
            "투자타입":"일반",
            "전용면적(m2)":"102.0",
            "전용면적(평)":"30평",
            "법정동주소":"경상남도 진주시 강남동 387",
            "도로명주소":"경상남도 진주시 진주대로891번길 56",
            "세대수":30,
            "입주년차":100,
            "용적률점수":"--",
            "건폐율점수":"--",
            "세대당주차수":60,
            "난방방식":30,
            "공급면적":"--",
            "전용률":"--",
            "욕실수":100,
            "현관타입":100,
            "주거총점":62.5,
            "지역구공급총점":100.0,
            "역세권":"NA",
            "30분내 이동가능 거점":"NA",
            "1시간내 이동가능 거점":"NA",
            "교통총점":"NA",
            "백화점":100,
            "아울렛몰":80,
            "대형마트":0,
            "은행":0,
            "병원":60,
            "종합병원":100,
            "공원":100,
            "혐오시설":0,
            "인프라총점":67.0,
            "초등학군":85.24,
            "중학군":46.76,
            "학군총점":54.456,
            "인구수":38.4,
            "인구증감":2.33,
            "인구총점":27.579,
            "일자리":16.8,
            "소득수준":61.15,
            "일자리총점":30.105,
            "가치 총점":62.289,
            "매매실거래년":20210607.0,
            "매매실거래가":43660.0,
            "전세실거래년":null,
            "전세실거래가":null,
            "전세가율":null,
            "장기전세가율평균":78.0,
            "전세가율거품지수":null,
            "검색코드":120192,
            "세대수":394,
            "준공년월":"2021-01-01",
            "준공년차":2,
            "가까운역이름":"NA",
            "가까운역거리":"NA",
            "역세권여부":"NA",
            "30분이내주요거점역":"NA",
            "1시간이내주요거점역":"NA",
            "3km이내백화점수":1,
            "5km이내아울렛몰수":1,
            "1km이내대형먀트수":0,
            "500m이내은행수":0,
            "500m이내병원수":17,
            "5km이내대형병원수":4,
            "500m이내공원수":5,
            "3km이내혐오시설수":0,
            "초등학교학업성취도":85.24,
            "중학교학업성취도":76.2,
            "용적률":733,
            "건폐율":79,
            "Y":35.183691,
            "X":128.088101,
            "rank":7.0,
            "area_info":"30평(102.0), 34평(113.53), 35평(116.14), 44평(145.84)",
            "last_sales":"2021-06-07,43660.0,44평(145.84)"
        },
        {
            "index":256,
            "아파트명":"현대",
            "투자타입":"재건축",
            "전용면적(m2)":"87.82",
            "전용면적(평)":"26평",
            "법정동주소":"경상남도 진주시 신안동 20",
            "도로명주소":"경상남도 진주시 천수로 315",
            "세대수":50,
            "입주년차":"--",
            "용적률점수":20,
            "건폐율점수":100,
            "세대당주차수":"--",
            "난방방식":"--",
            "공급면적":70,
            "전용률":80,
            "욕실수":"--",
            "현관타입":"--",
            "주거총점":50.5,
            "지역구공급총점":100.0,
            "역세권":"NA",
            "30분내 이동가능 거점":"NA",
            "1시간내 이동가능 거점":"NA",
            "교통총점":"NA",
            "백화점":100,
            "아울렛몰":0,
            "대형마트":80,
            "은행":70,
            "병원":30,
            "종합병원":100,
            "공원":80,
            "혐오시설":0,
            "인프라총점":74.4,
            "초등학군":90.42,
            "중학군":49.38,
            "학군총점":57.588,
            "인구수":38.4,
            "인구증감":2.33,
            "인구총점":27.579,
            "일자리":16.8,
            "소득수준":61.15,
            "일자리총점":30.105,
            "가치 총점":61.832,
            "매매실거래년":20220114.0,
            "매매실거래가":13600.0,
            "전세실거래년":20210805.0,
            "전세실거래가":13500.0,
            "전세가율":99.26,
            "장기전세가율평균":78.0,
            "전세가율거품지수":-21.26,
            "검색코드":7316,
            "세대수":694,
            "준공년월":"1989-08-30",
            "준공년차":34,
            "가까운역이름":"NA",
            "가까운역거리":"NA",
            "역세권여부":"NA",
            "30분이내주요거점역":"NA",
            "1시간이내주요거점역":"NA",
            "3km이내백화점수":1,
            "5km이내아울렛몰수":0,
            "1km이내대형먀트수":1,
            "500m이내은행수":3,
            "500m이내병원수":9,
            "5km이내대형병원수":3,
            "500m이내공원수":1,
            "3km이내혐오시설수":0,
            "초등학교학업성취도":90.42,
            "중학교학업성취도":82.1,
            "용적률":215,
            "건폐율":18,
            "Y":35.184205,
            "X":128.071949,
            "rank":8.0,
            "area_info":"26평(87.82), 31평(103.3), 44평(147.08)",
            "last_sales":"2022-01-14,13600.0,26평(87.82)"
        },
        {
            "index":327,
            "아파트명":"한주럭키타운",
            "투자타입":"재건축",
            "전용면적(m2)":"93.34",
            "전용면적(평)":"28평",
            "법정동주소":"경상남도 진주시 주약동 156",
            "도로명주소":"경상남도 진주시 진주대로 859",
            "세대수":90,
            "입주년차":"--",
            "용적률점수":20,
            "건폐율점수":100,
            "세대당주차수":"--",
            "난방방식":"--",
            "공급면적":70,
            "전용률":80,
            "욕실수":"--",
            "현관타입":"--",
            "주거총점":62.5,
            "지역구공급총점":100.0,
            "역세권":"NA",
            "30분내 이동가능 거점":"NA",
            "1시간내 이동가능 거점":"NA",
            "교통총점":"NA",
            "백화점":100,
            "아울렛몰":80,
            "대형마트":0,
            "은행":0,
            "병원":60,
            "종합병원":100,
            "공원":0,
            "혐오시설":0,
            "인프라총점":64.0,
            "초등학군":89.05,
            "중학군":46.76,
            "학군총점":55.218,
            "인구수":38.4,
            "인구증감":2.33,
            "인구총점":27.579,
            "일자리":16.8,
            "소득수준":61.15,
            "일자리총점":30.105,
            "가치 총점":61.2795,
            "매매실거래년":20220110.0,
            "매매실거래가":22800.0,
            "전세실거래년":20211109.0,
            "전세실거래가":13000.0,
            "전세가율":65.66,
            "장기전세가율평균":78.0,
            "전세가율거품지수":12.34,
            "검색코드":7404,
            "세대수":936,
            "준공년월":"1990-04-30",
            "준공년차":33,
            "가까운역이름":"NA",
            "가까운역거리":"NA",
            "역세권여부":"NA",
            "30분이내주요거점역":"NA",
            "1시간이내주요거점역":"NA",
            "3km이내백화점수":1,
            "5km이내아울렛몰수":1,
            "1km이내대형먀트수":0,
            "500m이내은행수":1,
            "500m이내병원수":20,
            "5km이내대형병원수":4,
            "500m이내공원수":0,
            "3km이내혐오시설수":0,
            "초등학교학업성취도":89.05,
            "중학교학업성취도":76.2,
            "용적률":214,
            "건폐율":17,
            "Y":35.176323,
            "X":128.09099,
            "rank":9.0,
            "area_info":"28평(93.34), 30평(101.72), 30평(102.1), 43평(143.45), 52평(172.15)",
            "last_sales":"2022-01-10,22800.0,30평(102.1)"
        },
        {
            "index":437,
            "아파트명":"혁신도시LH4단지",
            "투자타입":"일반",
            "전용면적(m2)":"98.97",
            "전용면적(평)":"29평",
            "법정동주소":"경상남도 진주시 충무공동 230",
            "도로명주소":"경상남도 진주시 사들로 126",
            "세대수":90,
            "입주년차":80,
            "용적률점수":"--",
            "건폐율점수":"--",
            "세대당주차수":30,
            "난방방식":100,
            "공급면적":"--",
            "전용률":"--",
            "욕실수":100,
            "현관타입":100,
            "주거총점":82.0,
            "지역구공급총점":100.0,
            "역세권":"NA",
            "30분내 이동가능 거점":"NA",
            "1시간내 이동가능 거점":"NA",
            "교통총점":"NA",
            "백화점":0,
            "아울렛몰":80,
            "대형마트":100,
            "은행":0,
            "병원":60,
            "종합병원":100,
            "공원":100,
            "혐오시설":0,
            "인프라총점":52.0,
            "초등학군":84.83,
            "중학군":36.42,
            "학군총점":46.102,
            "인구수":38.4,
            "인구증감":2.33,
            "인구총점":27.579,
            "일자리":16.8,
            "소득수준":61.15,
            "일자리총점":30.105,
            "가치 총점":61.0255,
            "매매실거래년":20220113.0,
            "매매실거래가":42500.0,
            "전세실거래년":20220113.0,
            "전세실거래가":31000.0,
            "전세가율":87.32,
            "장기전세가율평균":78.0,
            "전세가율거품지수":-9.32,
            "검색코드":107003,
            "세대수":1037,
            "준공년월":"2014-02-13",
            "준공년차":9,
            "가까운역이름":"NA",
            "가까운역거리":"NA",
            "역세권여부":"NA",
            "30분이내주요거점역":"NA",
            "1시간이내주요거점역":"NA",
            "3km이내백화점수":0,
            "5km이내아울렛몰수":1,
            "1km이내대형먀트수":2,
            "500m이내은행수":1,
            "500m이내병원수":10,
            "5km이내대형병원수":2,
            "500m이내공원수":4,
            "3km이내혐오시설수":0,
            "초등학교학업성취도":84.83,
            "중학교학업성취도":60.7,
            "용적률":175,
            "건폐율":14,
            "Y":35.178771,
            "X":128.149666,
            "rank":10.0,
            "area_info":"29평(98.97), 29평(99.17), 33평(110.86), 33평(110.94)",
            "last_sales":"2022-01-13,42500.0,33평(110.94)"
        },
        {
            "index":582,
            "아파트명":"진주롯데인벤스",
            "투자타입":"일반",
            "전용면적(m2)":"164.75",
            "전용면적(평)":"49평",
            "법정동주소":"경상남도 진주시 평안동 47",
            "도로명주소":"경상남도 진주시 향교로 3",
            "세대수":0,
            "입주년차":40,
            "용적률점수":"--",
            "건폐율점수":"--",
            "세대당주차수":100,
            "난방방식":30,
            "공급면적":"--",
            "전용률":"--",
            "욕실수":100,
            "현관타입":100,
            "주거총점":46.0,
            "지역구공급총점":100.0,
            "역세권":"NA",
            "30분내 이동가능 거점":"NA",
            "1시간내 이동가능 거점":"NA",
            "교통총점":"NA",
            "백화점":100,
            "아울렛몰":0,
            "대형마트":80,
            "은행":100,
            "병원":80,
            "종합병원":100,
            "공원":80,
            "혐오시설":0,
            "인프라총점":82.4,
            "초등학군":87.45,
            "중학군":34.8,
            "학군총점":45.33,
            "인구수":38.4,
            "인구증감":2.33,
            "인구총점":27.579,
            "일자리":16.8,
            "소득수준":61.15,
            "일자리총점":30.105,
            "가치 총점":60.3925,
            "매매실거래년":20211224.0,
            "매매실거래가":58000.0,
            "전세실거래년":20191122.0,
            "전세실거래가":26000.0,
            "전세가율":77.61,
            "장기전세가율평균":78.0,
            "전세가율거품지수":0.39,
            "검색코드":23617,
            "세대수":143,
            "준공년월":"2008-06-30",
            "준공년차":15,
            "가까운역이름":"NA",
            "가까운역거리":"NA",
            "역세권여부":"NA",
            "30분이내주요거점역":"NA",
            "1시간이내주요거점역":"NA",
            "3km이내백화점수":1,
            "5km이내아울렛몰수":0,
            "1km이내대형먀트수":1,
            "500m이내은행수":5,
            "500m이내병원수":51,
            "5km이내대형병원수":3,
            "500m이내공원수":1,
            "3km이내혐오시설수":0,
            "초등학교학업성취도":87.45,
            "중학교학업성취도":57.2,
            "용적률":629,
            "건폐율":56,
            "Y":35.197873,
            "X":128.083305,
            "rank":11.0,
            "area_info":"49평(164.75), 52평(173.84), 52평(175.06), 67평(222.93), 67평(224.56), 68평(226.78), 86평(286.74)",
            "last_sales":"2021-12-24,58000.0,68평(226.78)"
        },
        {
            "index":290,
            "아파트명":"이현하이클래스웰가",
            "투자타입":"일반",
            "전용면적(m2)":"102.07",
            "전용면적(평)":"30평",
            "법정동주소":"경상남도 진주시 이현동 1180",
            "도로명주소":"경상남도 진주시 진주대로 1317",
            "세대수":90,
            "입주년차":40,
            "용적률점수":"--",
            "건폐율점수":"--",
            "세대당주차수":60,
            "난방방식":30,
            "공급면적":"--",
            "전용률":"--",
            "욕실수":100,
            "현관타입":100,
            "주거총점":71.5,
            "지역구공급총점":100.0,
            "역세권":"NA",
            "30분내 이동가능 거점":"NA",
            "1시간내 이동가능 거점":"NA",
            "교통총점":"NA",
            "백화점":100,
            "아울렛몰":0,
            "대형마트":0,
            "은행":0,
            "병원":10,
            "종합병원":100,
            "공원":100,
            "혐오시설":0,
            "인프라총점":54.0,
            "초등학군":87.95,
            "중학군":43.38,
            "학군총점":52.294,
            "인구수":38.4,
            "인구증감":2.33,
            "인구총점":27.579,
            "일자리":16.8,
            "소득수준":61.15,
            "일자리총점":30.105,
            "가치 총점":59.6985,
            "매매실거래년":20220108.0,
            "매매실거래가":37300.0,
            "전세실거래년":20210427.0,
            "전세실거래가":20000.0,
            "전세가율":81.97,
            "장기전세가율평균":78.0,
            "전세가율거품지수":-3.97,
            "검색코드":23095,
            "세대수":1268,
            "준공년월":"2008-04-08",
            "준공년차":15,
            "가까운역이름":"NA",
            "가까운역거리":"NA",
            "역세권여부":"NA",
            "30분이내주요거점역":"NA",
            "1시간이내주요거점역":"NA",
            "3km이내백화점수":1,
            "5km이내아울렛몰수":0,
            "1km이내대형먀트수":0,
            "500m이내은행수":0,
            "500m이내병원수":2,
            "5km이내대형병원수":3,
            "500m이내공원수":2,
            "3km이내혐오시설수":0,
            "초등학교학업성취도":87.95,
            "중학교학업성취도":71.9,
            "용적률":259,
            "건폐율":16,
            "Y":35.193741,
            "X":128.057308,
            "rank":12.0,
            "area_info":"30평(102.07), 34평(112.61), 34평(113.25), 34평(115.6), 41평(138.68), 45평(150.58), 48평(161.14), 54평(181.76), 65평(215.96)",
            "last_sales":"2022-01-08,37300.0,41평(138.68)"
        },
        {
            "index":429,
            "아파트명":"진주혁신도시중흥S-클래스센트럴시티4단지",
            "투자타입":"일반",
            "전용면적(m2)":"111.75",
            "전용면적(평)":"33평",
            "법정동주소":"경상남도 진주시 충무공동 295",
            "도로명주소":"경상남도 진주시 에나로175번길 11",
            "세대수":50,
            "입주년차":100,
            "용적률점수":"--",
            "건폐율점수":"--",
            "세대당주차수":60,
            "난방방식":100,
            "공급면적":"--",
            "전용률":"--",
            "욕실수":100,
            "현관타입":100,
            "주거총점":76.5,
            "지역구공급총점":100.0,
            "역세권":"NA",
            "30분내 이동가능 거점":"NA",
            "1시간내 이동가능 거점":"NA",
            "교통총점":"NA",
            "백화점":0,
            "아울렛몰":80,
            "대형마트":80,
            "은행":20,
            "병원":60,
            "종합병원":100,
            "공원":100,
            "혐오시설":0,
            "인프라총점":51.0,
            "초등학군":100.0,
            "중학군":36.42,
            "학군총점":49.136,
            "인구수":38.4,
            "인구증감":2.33,
            "인구총점":27.579,
            "일자리":16.8,
            "소득수준":61.15,
            "일자리총점":30.105,
            "가치 총점":59.459,
            "매매실거래년":20210816.0,
            "매매실거래가":57000.0,
            "전세실거래년":20210721.0,
            "전세실거래가":39000.0,
            "전세가율":77.23,
            "장기전세가율평균":78.0,
            "전세가율거품지수":0.77,
            "검색코드":117642,
            "세대수":444,
            "준공년월":"2020-08-01",
            "준공년차":3,
            "가까운역이름":"NA",
            "가까운역거리":"NA",
            "역세권여부":"NA",
            "30분이내주요거점역":"NA",
            "1시간이내주요거점역":"NA",
            "3km이내백화점수":0,
            "5km이내아울렛몰수":1,
            "1km이내대형먀트수":1,
            "500m이내은행수":2,
            "500m이내병원수":16,
            "5km이내대형병원수":3,
            "500m이내공원수":5,
            "3km이내혐오시설수":0,
            "초등학교학업성취도":100.0,
            "중학교학업성취도":60.7,
            "용적률":411,
            "건폐율":54,
            "Y":35.17447,
            "X":128.14584,
            "rank":13.0,
            "area_info":"33평(111.75), 34평(113.97), 39평(129.89), 39평(131.52)",
            "last_sales":"2021-08-16,57000.0,34평(113.97)"
        },
        {
            "index":242,
            "아파트명":"평거현대2차",
            "투자타입":"재건축",
            "전용면적(m2)":"76.3",
            "전용면적(평)":"23평",
            "법정동주소":"경상남도 진주시 신안동 454-2",
            "도로명주소":"경상남도 진주시 신안들말길 58",
            "세대수":50,
            "입주년차":"--",
            "용적률점수":20,
            "건폐율점수":100,
            "세대당주차수":"--",
            "난방방식":"--",
            "공급면적":50,
            "전용률":60,
            "욕실수":"--",
            "현관타입":"--",
            "주거총점":48.5,
            "지역구공급총점":100.0,
            "역세권":"NA",
            "30분내 이동가능 거점":"NA",
            "1시간내 이동가능 거점":"NA",
            "교통총점":"NA",
            "백화점":100,
            "아울렛몰":0,
            "대형마트":0,
            "은행":70,
            "병원":60,
            "종합병원":100,
            "공원":100,
            "혐오시설":0,
            "인프라총점":66.0,
            "초등학군":90.42,
            "중학군":49.38,
            "학군총점":57.588,
            "인구수":38.4,
            "인구증감":2.33,
            "인구총점":27.579,
            "일자리":16.8,
            "소득수준":61.15,
            "일자리총점":30.105,
            "가치 총점":57.772,
            "매매실거래년":20211227.0,
            "매매실거래가":16300.0,
            "전세실거래년":20220108.0,
            "전세실거래가":16000.0,
            "전세가율":98.16,
            "장기전세가율평균":78.0,
            "전세가율거품지수":-20.16,
            "검색코드":7325,
            "세대수":402,
            "준공년월":"1992-03-23",
            "준공년차":31,
            "가까운역이름":"NA",
            "가까운역거리":"NA",
            "역세권여부":"NA",
            "30분이내주요거점역":"NA",
            "1시간이내주요거점역":"NA",
            "3km이내백화점수":1,
            "5km이내아울렛몰수":0,
            "1km이내대형먀트수":0,
            "500m이내은행수":4,
            "500m이내병원수":22,
            "5km이내대형병원수":3,
            "500m이내공원수":5,
            "3km이내혐오시설수":0,
            "초등학교학업성취도":90.42,
            "중학교학업성취도":82.1,
            "용적률":216,
            "건폐율":19,
            "Y":35.180873,
            "X":128.06684,
            "rank":14.0,
            "area_info":"23평(76.3), 31평(103.21), 51평(170.85)",
            "last_sales":"2021-12-27,16300.0,23평(76.3)"
        },
        {
            "index":318,
            "아파트명":"금호석류마을",
            "투자타입":"일반",
            "전용면적(m2)":"79.4",
            "전용면적(평)":"24평",
            "법정동주소":"경상남도 진주시 주약동 407-1",
            "도로명주소":"경상남도 진주시 강남로 45",
            "세대수":80,
            "입주년차":20,
            "용적률점수":"--",
            "건폐율점수":"--",
            "세대당주차수":30,
            "난방방식":30,
            "공급면적":"--",
            "전용률":"--",
            "욕실수":50,
            "현관타입":100,
            "주거총점":54.5,
            "지역구공급총점":100.0,
            "역세권":"NA",
            "30분내 이동가능 거점":"NA",
            "1시간내 이동가능 거점":"NA",
            "교통총점":"NA",
            "백화점":100,
            "아울렛몰":80,
            "대형마트":0,
            "은행":0,
            "병원":30,
            "종합병원":100,
            "공원":0,
            "혐오시설":0,
            "인프라총점":61.0,
            "초등학군":89.05,
            "중학군":46.76,
            "학군총점":55.218,
            "인구수":38.4,
            "인구증감":2.33,
            "인구총점":27.579,
            "일자리":16.8,
            "소득수준":61.15,
            "일자리총점":30.105,
            "가치 총점":57.2795,
            "매매실거래년":20211203.0,
            "매매실거래가":39000.0,
            "전세실거래년":20211113.0,
            "전세실거래가":17000.0,
            "전세가율":85.0,
            "장기전세가율평균":78.0,
            "전세가율거품지수":-7.0,
            "검색코드":7391,
            "세대수":782,
            "준공년월":"1999-12-17",
            "준공년차":24,
            "가까운역이름":"NA",
            "가까운역거리":"NA",
            "역세권여부":"NA",
            "30분이내주요거점역":"NA",
            "1시간이내주요거점역":"NA",
            "3km이내백화점수":1,
            "5km이내아울렛몰수":1,
            "1km이내대형먀트수":0,
            "500m이내은행수":0,
            "500m이내병원수":6,
            "5km이내대형병원수":4,
            "500m이내공원수":0,
            "3km이내혐오시설수":0,
            "초등학교학업성취도":89.05,
            "중학교학업성취도":76.2,
            "용적률":237,
            "건폐율":16,
            "Y":35.173489,
            "X":128.095927,
            "rank":15.0,
            "area_info":"24평(79.4), 32평(106.15), 45평(150.77), 57평(190.11)",
            "last_sales":"2021-12-03,39000.0,45평(150.77)"
        },
        {
            "index":45,
            "아파트명":"일진스위트포레강남",
            "투자타입":"일반",
            "전용면적(m2)":"83.62",
            "전용면적(평)":"25평",
            "법정동주소":"경상남도 진주시 강남동 141-1",
            "도로명주소":"경상남도 진주시 망경로 308",
            "세대수":0,
            "입주년차":100,
            "용적률점수":"--",
            "건폐율점수":"--",
            "세대당주차수":30,
            "난방방식":30,
            "공급면적":"--",
            "전용률":"--",
            "욕실수":100,
            "현관타입":100,
            "주거총점":47.5,
            "지역구공급총점":100.0,
            "역세권":"NA",
            "30분내 이동가능 거점":"NA",
            "1시간내 이동가능 거점":"NA",
            "교통총점":"NA",
            "백화점":100,
            "아울렛몰":80,
            "대형마트":0,
            "은행":0,
            "병원":60,
            "종합병원":100,
            "공원":100,
            "혐오시설":0,
            "인프라총점":67.0,
            "초등학군":85.24,
            "중학군":46.76,
            "학군총점":54.456,
            "인구수":38.4,
            "인구증감":2.33,
            "인구총점":27.579,
            "일자리":16.8,
            "소득수준":61.15,
            "일자리총점":30.105,
            "가치 총점":57.039,
            "매매실거래년":"18000101",
            "매매실거래가":null,
            "전세실거래년":20211113.0,
            "전세실거래가":22000.0,
            "전세가율":null,
            "장기전세가율평균":78.0,
            "전세가율거품지수":null,
            "검색코드":126015,
            "세대수":115,
            "준공년월":"2021-10-12",
            "준공년차":2,
            "가까운역이름":"NA",
            "가까운역거리":"NA",
            "역세권여부":"NA",
            "30분이내주요거점역":"NA",
            "1시간이내주요거점역":"NA",
            "3km이내백화점수":1,
            "5km이내아울렛몰수":1,
            "1km이내대형먀트수":0,
            "500m이내은행수":0,
            "500m이내병원수":13,
            "5km이내대형병원수":4,
            "500m이내공원수":6,
            "3km이내혐오시설수":0,
            "초등학교학업성취도":85.24,
            "중학교학업성취도":76.2,
            "용적률":803,
            "건폐율":55,
            "Y":35.18542,
            "X":128.086811,
            "rank":16.0,
            "area_info":"25평(83.62), 32평(108.41), 33평(110.67), 33평(111.41)",
            "last_sales":"1800-01-01,nan,25평(83.62)"
        },
        {
            "index":397,
            "아파트명":"진주혁신도시대방노블랜드더캐슬",
            "투자타입":"일반",
            "전용면적(m2)":"112.43",
            "전용면적(평)":"34평",
            "법정동주소":"경상남도 진주시 충무공동 296",
            "도로명주소":"경상남도 진주시 사들로 61",
            "세대수":80,
            "입주년차":80,
            "용적률점수":"--",
            "건폐율점수":"--",
            "세대당주차수":60,
            "난방방식":100,
            "공급면적":"--",
            "전용률":"--",
            "욕실수":100,
            "현관타입":100,
            "주거총점":83.0,
            "지역구공급총점":100.0,
            "역세권":"NA",
            "30분내 이동가능 거점":"NA",
            "1시간내 이동가능 거점":"NA",
            "교통총점":"NA",
            "백화점":0,
            "아울렛몰":80,
            "대형마트":0,
            "은행":20,
            "병원":60,
            "종합병원":100,
            "공원":100,
            "혐오시설":0,
            "인프라총점":39.0,
            "초등학군":100.0,
            "중학군":36.42,
            "학군총점":49.136,
            "인구수":38.4,
            "인구증감":2.33,
            "인구총점":27.579,
            "일자리":16.8,
            "소득수준":61.15,
            "일자리총점":30.105,
            "가치 총점":56.934,
            "매매실거래년":20211231.0,
            "매매실거래가":69000.0,
            "전세실거래년":20211204.0,
            "전세실거래가":45000.0,
            "전세가율":65.22,
            "장기전세가율평균":78.0,
            "전세가율거품지수":12.78,
            "검색코드":115359,
            "세대수":743,
            "준공년월":"2018-08-22",
            "준공년차":5,
            "가까운역이름":"NA",
            "가까운역거리":"NA",
            "역세권여부":"NA",
            "30분이내주요거점역":"NA",
            "1시간이내주요거점역":"NA",
            "3km이내백화점수":0,
            "5km이내아울렛몰수":1,
            "1km이내대형먀트수":0,
            "500m이내은행수":2,
            "500m이내병원수":15,
            "5km이내대형병원수":2,
            "500m이내공원수":6,
            "3km이내혐오시설수":0,
            "초등학교학업성취도":100.0,
            "중학교학업성취도":60.7,
            "용적률":194,
            "건폐율":15,
            "Y":35.173578,
            "X":128.147727,
            "rank":17.0,
            "area_info":"34평(112.43), 34평(112.88), 34평(112.43), 34평(112.88), 39평(129.57), 39평(129.99), 39평(129.57), 39평(129.99), 39평(130.27), 39평(130.27)",
            "last_sales":"2021-12-31,69000.0,34평(112.43)"
        },
        {
            "index":222,
            "아파트명":"신안주공1차",
            "투자타입":"일반",
            "전용면적(m2)":"93.45",
            "전용면적(평)":"28평",
            "법정동주소":"경상남도 진주시 신안동 708-1",
            "도로명주소":"경상남도 진주시 신안들말길 17",
            "세대수":80,
            "입주년차":0,
            "용적률점수":"--",
            "건폐율점수":"--",
            "세대당주차수":30,
            "난방방식":30,
            "공급면적":"--",
            "전용률":"--",
            "욕실수":100,
            "현관타입":100,
            "주거총점":55.5,
            "지역구공급총점":100.0,
            "역세권":"NA",
            "30분내 이동가능 거점":"NA",
            "1시간내 이동가능 거점":"NA",
            "교통총점":"NA",
            "백화점":100,
            "아울렛몰":0,
            "대형마트":0,
            "은행":0,
            "병원":60,
            "종합병원":100,
            "공원":100,
            "혐오시설":0,
            "인프라총점":59.0,
            "초등학군":85.35,
            "중학군":48.1,
            "학군총점":55.55,
            "인구수":38.4,
            "인구증감":2.33,
            "인구총점":27.579,
            "일자리":16.8,
            "소득수준":61.15,
            "일자리총점":30.105,
            "가치 총점":56.9125,
            "매매실거래년":20211231.0,
            "매매실거래가":26000.0,
            "전세실거래년":20210417.0,
            "전세실거래가":18500.0,
            "전세가율":79.74,
            "장기전세가율평균":78.0,
            "전세가율거품지수":-1.74,
            "검색코드":7301,
            "세대수":787,
            "준공년월":"1998-11-28",
            "준공년차":25,
            "가까운역이름":"NA",
            "가까운역거리":"NA",
            "역세권여부":"NA",
            "30분이내주요거점역":"NA",
            "1시간이내주요거점역":"NA",
            "3km이내백화점수":1,
            "5km이내아울렛몰수":0,
            "1km이내대형먀트수":0,
            "500m이내은행수":1,
            "500m이내병원수":14,
            "5km이내대형병원수":3,
            "500m이내공원수":7,
            "3km이내혐오시설수":0,
            "초등학교학업성취도":85.35,
            "중학교학업성취도":78.9,
            "용적률":206,
            "건폐율":21,
            "Y":35.177645,
            "X":128.068956,
            "rank":18.0,
            "area_info":"28평(93.45), 32평(105.85), 31평(105.29), 31평(105.76)",
            "last_sales":"2021-12-31,26000.0,31평(105.29)"
        },
        {
            "index":146,
            "아파트명":"상봉주공2차",
            "투자타입":"재건축",
            "전용면적(m2)":"59.22",
            "전용면적(평)":"17평",
            "법정동주소":"경상남도 진주시 상봉동 1446",
            "도로명주소":"경상남도 진주시 진주성로147번길 10",
            "세대수":0,
            "입주년차":"--",
            "용적률점수":100,
            "건폐율점수":100,
            "세대당주차수":"--",
            "난방방식":"--",
            "공급면적":50,
            "전용률":100,
            "욕실수":"--",
            "현관타입":"--",
            "주거총점":67.5,
            "지역구공급총점":100.0,
            "역세권":"NA",
            "30분내 이동가능 거점":"NA",
            "1시간내 이동가능 거점":"NA",
            "교통총점":"NA",
            "백화점":100,
            "아울렛몰":0,
            "대형마트":0,
            "은행":0,
            "병원":0,
            "종합병원":100,
            "공원":80,
            "혐오시설":0,
            "인프라총점":52.4,
            "초등학군":87.76,
            "중학군":39.36,
            "학군총점":49.04,
            "인구수":38.4,
            "인구증감":2.33,
            "인구총점":27.579,
            "일자리":16.8,
            "소득수준":61.15,
            "일자리총점":30.105,
            "가치 총점":56.845,
            "매매실거래년":20211231.0,
            "매매실거래가":9500.0,
            "전세실거래년":20220103.0,
            "전세실거래가":7500.0,
            "전세가율":81.52,
            "장기전세가율평균":78.0,
            "전세가율거품지수":-3.52,
            "검색코드":7251,
            "세대수":260,
            "준공년월":"1986-10-11",
            "준공년차":37,
            "가까운역이름":"NA",
            "가까운역거리":"NA",
            "역세권여부":"NA",
            "30분이내주요거점역":"NA",
            "1시간이내주요거점역":"NA",
            "3km이내백화점수":1,
            "5km이내아울렛몰수":0,
            "1km이내대형먀트수":0,
            "500m이내은행수":0,
            "500m이내병원수":0,
            "5km이내대형병원수":3,
            "500m이내공원수":1,
            "3km이내혐오시설수":0,
            "초등학교학업성취도":87.76,
            "중학교학업성취도":65.6,
            "용적률":90,
            "건폐율":19,
            "Y":35.20345,
            "X":128.073327,
            "rank":19.0,
            "area_info":"17평(59.22), 17평(59.35), 17평(59.41), 17평(59.18), 20평(67.93), 20평(67.88)",
            "last_sales":"2021-12-31,9500.0,20평(67.93)"
        },
        {
            "index":502,
            "아파트명":"들말흥한타운",
            "투자타입":"일반",
            "전용면적(m2)":"76.24",
            "전용면적(평)":"23평",
            "법정동주소":"경상남도 진주시 평거동 191-1",
            "도로명주소":"경상남도 진주시 석갑로 45",
            "세대수":90,
            "입주년차":0,
            "용적률점수":"--",
            "건폐율점수":"--",
            "세대당주차수":30,
            "난방방식":30,
            "공급면적":"--",
            "전용률":"--",
            "욕실수":50,
            "현관타입":100,
            "주거총점":54.0,
            "지역구공급총점":100.0,
            "역세권":"NA",
            "30분내 이동가능 거점":"NA",
            "1시간내 이동가능 거점":"NA",
            "교통총점":"NA",
            "백화점":100,
            "아울렛몰":0,
            "대형마트":0,
            "은행":0,
            "병원":60,
            "종합병원":100,
            "공원":100,
            "혐오시설":0,
            "인프라총점":59.0,
            "초등학군":90.15,
            "중학군":48.1,
            "학군총점":56.51,
            "인구수":38.4,
            "인구증감":2.33,
            "인구총점":27.579,
            "일자리":16.8,
            "소득수준":61.15,
            "일자리총점":30.105,
            "가치 총점":56.6275,
            "매매실거래년":20220113.0,
            "매매실거래가":29000.0,
            "전세실거래년":20211219.0,
            "전세실거래가":15500.0,
            "전세가율":83.78,
            "장기전세가율평균":78.0,
            "전세가율거품지수":-5.78,
            "검색코드":7457,
            "세대수":960,
            "준공년월":"1998-01-14",
            "준공년차":25,
            "가까운역이름":"NA",
            "가까운역거리":"NA",
            "역세권여부":"NA",
            "30분이내주요거점역":"NA",
            "1시간이내주요거점역":"NA",
            "3km이내백화점수":1,
            "5km이내아울렛몰수":0,
            "1km이내대형먀트수":0,
            "500m이내은행수":1,
            "500m이내병원수":23,
            "5km이내대형병원수":3,
            "500m이내공원수":8,
            "3km이내혐오시설수":0,
            "초등학교학업성취도":90.15,
            "중학교학업성취도":78.9,
            "용적률":216,
            "건폐율":19,
            "Y":35.175898,
            "X":128.064882,
            "rank":20.0,
            "area_info":"23평(76.24), 28평(94.93), 31평(104.84), 35평(118.96), 44평(146.44)",
            "last_sales":"2022-01-13,29000.0,35평(118.96)"
        },
        {
            "index":619,
            "아파트명":"미르젠",
            "투자타입":"일반",
            "전용면적(m2)":"42.62",
            "전용면적(평)":"12평",
            "법정동주소":"경상남도 진주시 하대동 637",
            "도로명주소":"경상남도 진주시 하대로26번길 20",
            "세대수":0,
            "입주년차":80,
            "용적률점수":"--",
            "건폐율점수":"--",
            "세대당주차수":0,
            "난방방식":30,
            "공급면적":"--",
            "전용률":"--",
            "욕실수":50,
            "현관타입":100,
            "주거총점":34.0,
            "지역구공급총점":100.0,
            "역세권":"NA",
            "30분내 이동가능 거점":"NA",
            "1시간내 이동가능 거점":"NA",
            "교통총점":"NA",
            "백화점":100,
            "아울렛몰":80,
            "대형마트":100,
            "은행":0,
            "병원":0,
            "종합병원":100,
            "공원":80,
            "혐오시설":0,
            "인프라총점":75.4,
            "초등학군":87.37,
            "중학군":50.62,
            "학군총점":57.97,
            "인구수":38.4,
            "인구증감":2.33,
            "인구총점":27.579,
            "일자리":16.8,
            "소득수준":61.15,
            "일자리총점":30.105,
            "가치 총점":56.5525,
            "매매실거래년":20190506.0,
            "매매실거래가":19097.0,
            "전세실거래년":null,
            "전세실거래가":null,
            "전세가율":null,
            "장기전세가율평균":78.0,
            "전세가율거품지수":null,
            "검색코드":120704,
            "세대수":127,
            "준공년월":"2017-11-30",
            "준공년차":6,
            "가까운역이름":"NA",
            "가까운역거리":"NA",
            "역세권여부":"NA",
            "30분이내주요거점역":"NA",
            "1시간이내주요거점역":"NA",
            "3km이내백화점수":1,
            "5km이내아울렛몰수":1,
            "1km이내대형먀트수":2,
            "500m이내은행수":0,
            "500m이내병원수":1,
            "5km이내대형병원수":4,
            "500m이내공원수":1,
            "3km이내혐오시설수":0,
            "초등학교학업성취도":87.37,
            "중학교학업성취도":83.7,
            "용적률":0,
            "건폐율":0,
            "Y":35.195331,
            "X":128.114321,
            "rank":21.0,
            "area_info":"12평(42.62), 12평(42.5), 13평(44.46), 15평(49.86), 17평(56.44), 18평(60.08), 18평(60.37), 18평(60.48), 18평(61.43), 19평(63.01), 19평(63.12), 19평(64.88), 20평(66.39), 20평(66.64), 21평(69.76), 21평(70.77), 21평(70.18), 21평(71.19), 21평(72.06), 22평(73.37), 22평(75.76), 24평(81.28), 24평(81.25), 31평(104.82), 32평(106.1), 33평(111.22)",
            "last_sales":"2019-05-06,19097.0,24평(81.25)"
        },
        {
            "index":417,
            "아파트명":"진주혁신도시중흥S-클래스더프라임",
            "투자타입":"일반",
            "전용면적(m2)":"109.79",
            "전용면적(평)":"33평",
            "법정동주소":"경상남도 진주시 충무공동 90",
            "도로명주소":"경상남도 진주시 소호로19번길 11",
            "세대수":90,
            "입주년차":100,
            "용적률점수":"--",
            "건폐율점수":"--",
            "세대당주차수":60,
            "난방방식":100,
            "공급면적":"--",
            "전용률":"--",
            "욕실수":100,
            "현관타입":100,
            "주거총점":90.5,
            "지역구공급총점":100.0,
            "역세권":"NA",
            "30분내 이동가능 거점":"NA",
            "1시간내 이동가능 거점":"NA",
            "교통총점":"NA",
            "백화점":0,
            "아울렛몰":80,
            "대형마트":0,
            "은행":0,
            "병원":10,
            "종합병원":100,
            "공원":100,
            "혐오시설":0,
            "인프라총점":32.0,
            "초등학군":100.0,
            "중학군":34.98,
            "학군총점":47.984,
            "인구수":38.4,
            "인구증감":2.33,
            "인구총점":27.579,
            "일자리":16.8,
            "소득수준":61.15,
            "일자리총점":30.105,
            "가치 총점":56.471,
            "매매실거래년":20211127.0,
            "매매실거래가":72900.0,
            "전세실거래년":20220110.0,
            "전세실거래가":27300.0,
            "전세가율":45.58,
            "장기전세가율평균":78.0,
            "전세가율거품지수":32.42,
            "검색코드":115519,
            "세대수":1143,
            "준공년월":"2019-05-23",
            "준공년차":4,
            "가까운역이름":"NA",
            "가까운역거리":"NA",
            "역세권여부":"NA",
            "30분이내주요거점역":"NA",
            "1시간이내주요거점역":"NA",
            "3km이내백화점수":0,
            "5km이내아울렛몰수":1,
            "1km이내대형먀트수":0,
            "500m이내은행수":0,
            "500m이내병원수":2,
            "5km이내대형병원수":4,
            "500m이내공원수":2,
            "3km이내혐오시설수":0,
            "초등학교학업성취도":100.0,
            "중학교학업성취도":58.3,
            "용적률":180,
            "건폐율":16,
            "Y":35.168936,
            "X":128.134642,
            "rank":22.0,
            "area_info":"33평(109.79), 33평(109.71), 37평(125.18), 42평(140.77), 43평(143.56)",
            "last_sales":"2021-11-27,72900.0,43평(143.56)"
        },
        {
            "index":407,
            "아파트명":"진주혁신도시센텀리버파크",
            "투자타입":"일반",
            "전용면적(m2)":"98.13",
            "전용면적(평)":"29평",
            "법정동주소":"경상남도 진주시 충무공동 191",
            "도로명주소":"경상남도 진주시 사들로 157",
            "세대수":80,
            "입주년차":60,
            "용적률점수":"--",
            "건폐율점수":"--",
            "세대당주차수":30,
            "난방방식":100,
            "공급면적":"--",
            "전용률":"--",
            "욕실수":100,
            "현관타입":100,
            "주거총점":74.5,
            "지역구공급총점":100.0,
            "역세권":"NA",
            "30분내 이동가능 거점":"NA",
            "1시간내 이동가능 거점":"NA",
            "교통총점":"NA",
            "백화점":0,
            "아울렛몰":80,
            "대형마트":100,
            "은행":0,
            "병원":10,
            "종합병원":100,
            "공원":100,
            "혐오시설":0,
            "인프라총점":47.0,
            "초등학군":84.83,
            "중학군":36.42,
            "학군총점":46.102,
            "인구수":38.4,
            "인구증감":2.33,
            "인구총점":27.579,
            "일자리":16.8,
            "소득수준":61.15,
            "일자리총점":30.105,
            "가치 총점":56.4005,
            "매매실거래년":20220112.0,
            "매매실거래가":42000.0,
            "전세실거래년":20210705.0,
            "전세실거래가":28000.0,
            "전세가율":66.67,
            "장기전세가율평균":78.0,
            "전세가율거품지수":11.33,
            "검색코드":107002,
            "세대수":742,
            "준공년월":"2013-12-10",
            "준공년차":10,
            "가까운역이름":"NA",
            "가까운역거리":"NA",
            "역세권여부":"NA",
            "30분이내주요거점역":"NA",
            "1시간이내주요거점역":"NA",
            "3km이내백화점수":0,
            "5km이내아울렛몰수":1,
            "1km이내대형먀트수":2,
            "500m이내은행수":1,
            "500m이내병원수":2,
            "5km이내대형병원수":2,
            "500m이내공원수":2,
            "3km이내혐오시설수":0,
            "초등학교학업성취도":84.83,
            "중학교학업성취도":60.7,
            "용적률":176,
            "건폐율":14,
            "Y":35.182298,
            "X":128.147718,
            "rank":23.0,
            "area_info":"29평(98.13), 29평(98.69), 29평(98.42), 33평(110.36), 33평(110.26), 33평(110.2), 33평(111.58)",
            "last_sales":"2022-01-12,42000.0,29평(98.13)"
        },
        {
            "index":425,
            "아파트명":"진주혁신도시중흥S-클래스센트럴시티3단지",
            "투자타입":"일반",
            "전용면적(m2)":"112.27",
            "전용면적(평)":"33평",
            "법정동주소":"경상남도 진주시 충무공동 298",
            "도로명주소":"경상남도 진주시 에나로175번길 12",
            "세대수":30,
            "입주년차":100,
            "용적률점수":"--",
            "건폐율점수":"--",
            "세대당주차수":60,
            "난방방식":100,
            "공급면적":"--",
            "전용률":"--",
            "욕실수":100,
            "현관타입":100,
            "주거총점":69.5,
            "지역구공급총점":100.0,
            "역세권":"NA",
            "30분내 이동가능 거점":"NA",
            "1시간내 이동가능 거점":"NA",
            "교통총점":"NA",
            "백화점":0,
            "아울렛몰":80,
            "대형마트":80,
            "은행":0,
            "병원":60,
            "종합병원":100,
            "공원":100,
            "혐오시설":0,
            "인프라총점":49.0,
            "초등학군":100.0,
            "중학군":36.42,
            "학군총점":49.136,
            "인구수":38.4,
            "인구증감":2.33,
            "인구총점":27.579,
            "일자리":16.8,
            "소득수준":61.15,
            "일자리총점":30.105,
            "가치 총점":56.209,
            "매매실거래년":20211225.0,
            "매매실거래가":68000.0,
            "전세실거래년":20211031.0,
            "전세실거래가":40000.0,
            "전세가율":58.82,
            "장기전세가율평균":78.0,
            "전세가율거품지수":19.18,
            "검색코드":117641,
            "세대수":333,
            "준공년월":"2020-08-01",
            "준공년차":3,
            "가까운역이름":"NA",
            "가까운역거리":"NA",
            "역세권여부":"NA",
            "30분이내주요거점역":"NA",
            "1시간이내주요거점역":"NA",
            "3km이내백화점수":0,
            "5km이내아울렛몰수":1,
            "1km이내대형먀트수":1,
            "500m이내은행수":1,
            "500m이내병원수":14,
            "5km이내대형병원수":3,
            "500m이내공원수":7,
            "3km이내혐오시설수":0,
            "초등학교학업성취도":100.0,
            "중학교학업성취도":60.7,
            "용적률":419,
            "건폐율":59,
            "Y":35.173493,
            "X":128.145047,
            "rank":24.0,
            "area_info":"33평(112.27), 34평(114.48), 39평(130.5), 39평(132.13)",
            "last_sales":"2021-12-25,68000.0,33평(112.27)"
        },
        {
            "index":422,
            "아파트명":"진주혁신도시중흥S-클래스센트럴시티2단지",
            "투자타입":"일반",
            "전용면적(m2)":"111.25",
            "전용면적(평)":"33평",
            "법정동주소":"경상남도 진주시 충무공동 293",
            "도로명주소":"경상남도 진주시 에나로 190",
            "세대수":50,
            "입주년차":100,
            "용적률점수":"--",
            "건폐율점수":"--",
            "세대당주차수":60,
            "난방방식":100,
            "공급면적":"--",
            "전용률":"--",
            "욕실수":100,
            "현관타입":100,
            "주거총점":76.5,
            "지역구공급총점":100.0,
            "역세권":"NA",
            "30분내 이동가능 거점":"NA",
            "1시간내 이동가능 거점":"NA",
            "교통총점":"NA",
            "백화점":0,
            "아울렛몰":80,
            "대형마트":80,
            "은행":0,
            "병원":0,
            "종합병원":100,
            "공원":100,
            "혐오시설":0,
            "인프라총점":43.0,
            "초등학군":100.0,
            "중학군":34.98,
            "학군총점":47.984,
            "인구수":38.4,
            "인구증감":2.33,
            "인구총점":27.579,
            "일자리":16.8,
            "소득수준":61.15,
            "일자리총점":30.105,
            "가치 총점":55.971,
            "매매실거래년":20211113.0,
            "매매실거래가":57800.0,
            "전세실거래년":20211206.0,
            "전세실거래가":38000.0,
            "전세가율":65.74,
            "장기전세가율평균":78.0,
            "전세가율거품지수":12.26,
            "검색코드":117640,
            "세대수":560,
            "준공년월":"2020-08-01",
            "준공년차":3,
            "가까운역이름":"NA",
            "가까운역거리":"NA",
            "역세권여부":"NA",
            "30분이내주요거점역":"NA",
            "1시간이내주요거점역":"NA",
            "3km이내백화점수":0,
            "5km이내아울렛몰수":1,
            "1km이내대형먀트수":1,
            "500m이내은행수":0,
            "500m이내병원수":1,
            "5km이내대형병원수":4,
            "500m이내공원수":5,
            "3km이내혐오시설수":0,
            "초등학교학업성취도":100.0,
            "중학교학업성취도":58.3,
            "용적률":422,
            "건폐율":58,
            "Y":35.173502,
            "X":128.143049,
            "rank":25.0,
            "area_info":"33평(111.25), 39평(130.93), 45평(151.73)",
            "last_sales":"2021-11-13,57800.0,33평(111.25)"
        },
        {
            "index":322,
            "아파트명":"삼환나우빌",
            "투자타입":"일반",
            "전용면적(m2)":"161.45",
            "전용면적(평)":"48평",
            "법정동주소":"경상남도 진주시 주약동 133-130",
            "도로명주소":"경상남도 진주시 진주대로829번길 21",
            "세대수":0,
            "입주년차":60,
            "용적률점수":"--",
            "건폐율점수":"--",
            "세대당주차수":80,
            "난방방식":30,
            "공급면적":"--",
            "전용률":"--",
            "욕실수":100,
            "현관타입":100,
            "주거총점":47.0,
            "지역구공급총점":100.0,
            "역세권":"NA",
            "30분내 이동가능 거점":"NA",
            "1시간내 이동가능 거점":"NA",
            "교통총점":"NA",
            "백화점":100,
            "아울렛몰":80,
            "대형마트":0,
            "은행":0,
            "병원":60,
            "종합병원":100,
            "공원":0,
            "혐오시설":0,
            "인프라총점":64.0,
            "초등학군":89.05,
            "중학군":46.76,
            "학군총점":55.218,
            "인구수":38.4,
            "인구증감":2.33,
            "인구총점":27.579,
            "일자리":16.8,
            "소득수준":61.15,
            "일자리총점":30.105,
            "가치 총점":55.8545,
            "매매실거래년":20200228.0,
            "매매실거래가":48000.0,
            "전세실거래년":20191003.0,
            "전세실거래가":33000.0,
            "전세가율":73.33,
            "장기전세가율평균":78.0,
            "전세가율거품지수":4.67,
            "검색코드":107168,
            "세대수":220,
            "준공년월":"2009-12-08",
            "준공년차":14,
            "가까운역이름":"NA",
            "가까운역거리":"NA",
            "역세권여부":"NA",
            "30분이내주요거점역":"NA",
            "1시간이내주요거점역":"NA",
            "3km이내백화점수":1,
            "5km이내아울렛몰수":1,
            "1km이내대형먀트수":0,
            "500m이내은행수":0,
            "500m이내병원수":12,
            "5km이내대형병원수":4,
            "500m이내공원수":0,
            "3km이내혐오시설수":0,
            "초등학교학업성취도":89.05,
            "중학교학업성취도":76.2,
            "용적률":229,
            "건폐율":14,
            "Y":35.174105,
            "X":128.091504,
            "rank":26.0,
            "area_info":"48평(161.45), 55평(184.26)",
            "last_sales":"2020-02-28,48000.0,55평(184.26)"
        },
        {
            "index":332,
            "아파트명":"현대",
            "투자타입":"일반",
            "전용면적(m2)":"76.67",
            "전용면적(평)":"23평",
            "법정동주소":"경상남도 진주시 주약동 360",
            "도로명주소":"경상남도 진주시 진주대로815번길 11",
            "세대수":80,
            "입주년차":20,
            "용적률점수":"--",
            "건폐율점수":"--",
            "세대당주차수":0,
            "난방방식":30,
            "공급면적":"--",
            "전용률":"--",
            "욕실수":50,
            "현관타입":100,
            "주거총점":50.0,
            "지역구공급총점":100.0,
            "역세권":"NA",
            "30분내 이동가능 거점":"NA",
            "1시간내 이동가능 거점":"NA",
            "교통총점":"NA",
            "백화점":100,
            "아울렛몰":80,
            "대형마트":0,
            "은행":0,
            "병원":30,
            "종합병원":100,
            "공원":0,
            "혐오시설":0,
            "인프라총점":61.0,
            "초등학군":89.05,
            "중학군":46.76,
            "학군총점":55.218,
            "인구수":38.4,
            "인구증감":2.33,
            "인구총점":27.579,
            "일자리":16.8,
            "소득수준":61.15,
            "일자리총점":30.105,
            "가치 총점":55.7045,
            "매매실거래년":20220114.0,
            "매매실거래가":16900.0,
            "전세실거래년":20220107.0,
            "전세실거래가":18000.0,
            "전세가율":106.51,
            "장기전세가율평균":78.0,
            "전세가율거품지수":-28.51,
            "검색코드":7397,
            "세대수":835,
            "준공년월":"2000-11-27",
            "준공년차":23,
            "가까운역이름":"NA",
            "가까운역거리":"NA",
            "역세권여부":"NA",
            "30분이내주요거점역":"NA",
            "1시간이내주요거점역":"NA",
            "3km이내백화점수":1,
            "5km이내아울렛몰수":1,
            "1km이내대형먀트수":0,
            "500m이내은행수":0,
            "500m이내병원수":6,
            "5km이내대형병원수":4,
            "500m이내공원수":0,
            "3km이내혐오시설수":0,
            "초등학교학업성취도":89.05,
            "중학교학업성취도":76.2,
            "용적률":225,
            "건폐율":20,
            "Y":35.171923,
            "X":128.092808,
            "rank":27.0,
            "area_info":"23평(76.67), 32평(108.74), 32평(108.71), 39평(131.4), 40평(133.0), 49평(163.39), 52평(172.53)",
            "last_sales":"2022-01-14,16900.0,23평(76.67)"
        },
        {
            "index":444,
            "아파트명":"혁신도시LH8단지",
            "투자타입":"일반",
            "전용면적(m2)":"84.71",
            "전용면적(평)":"25평",
            "법정동주소":"경상남도 진주시 충무공동 300",
            "도로명주소":"경상남도 진주시 사들로 35",
            "세대수":80,
            "입주년차":80,
            "용적률점수":"--",
            "건폐율점수":"--",
            "세대당주차수":30,
            "난방방식":100,
            "공급면적":"--",
            "전용률":"--",
            "욕실수":100,
            "현관타입":100,
            "주거총점":78.5,
            "지역구공급총점":100.0,
            "역세권":"NA",
            "30분내 이동가능 거점":"NA",
            "1시간내 이동가능 거점":"NA",
            "교통총점":"NA",
            "백화점":0,
            "아울렛몰":80,
            "대형마트":0,
            "은행":0,
            "병원":60,
            "종합병원":100,
            "공원":100,
            "혐오시설":0,
            "인프라총점":37.0,
            "초등학군":100.0,
            "중학군":36.42,
            "학군총점":49.136,
            "인구수":38.4,
            "인구증감":2.33,
            "인구총점":27.579,
            "일자리":16.8,
            "소득수준":61.15,
            "일자리총점":30.105,
            "가치 총점":54.559,
            "매매실거래년":20211204.0,
            "매매실거래가":32000.0,
            "전세실거래년":null,
            "전세실거래가":null,
            "전세가율":null,
            "장기전세가율평균":78.0,
            "전세가율거품지수":null,
            "검색코드":107705,
            "세대수":802,
            "준공년월":"2015-12-10",
            "준공년차":8,
            "가까운역이름":"NA",
            "가까운역거리":"NA",
            "역세권여부":"NA",
            "30분이내주요거점역":"NA",
            "1시간이내주요거점역":"NA",
            "3km이내백화점수":0,
            "5km이내아울렛몰수":1,
            "1km이내대형먀트수":0,
            "500m이내은행수":1,
            "500m이내병원수":10,
            "5km이내대형병원수":3,
            "500m이내공원수":6,
            "3km이내혐오시설수":0,
            "초등학교학업성취도":100.0,
            "중학교학업성취도":60.7,
            "용적률":181,
            "건폐율":16,
            "Y":35.172023,
            "X":128.146404,
            "rank":28.0,
            "area_info":"25평(84.71), 25평(84.64), 25평(84.63), 25평(84.66)",
            "last_sales":"2021-12-04,32000.0,25평(84.66)"
        },
        {
            "index":493,
            "아파트명":"들말대경",
            "투자타입":"일반",
            "전용면적(m2)":"76.43",
            "전용면적(평)":"23평",
            "법정동주소":"경상남도 진주시 평거동 190",
            "도로명주소":"경상남도 진주시 석갑로53번길 10",
            "세대수":80,
            "입주년차":0,
            "용적률점수":"--",
            "건폐율점수":"--",
            "세대당주차수":0,
            "난방방식":30,
            "공급면적":"--",
            "전용률":"--",
            "욕실수":50,
            "현관타입":100,
            "주거총점":46.0,
            "지역구공급총점":100.0,
            "역세권":"NA",
            "30분내 이동가능 거점":"NA",
            "1시간내 이동가능 거점":"NA",
            "교통총점":"NA",
            "백화점":100,
            "아울렛몰":0,
            "대형마트":0,
            "은행":0,
            "병원":60,
            "종합병원":100,
            "공원":100,
            "혐오시설":0,
            "인프라총점":59.0,
            "초등학군":90.15,
            "중학군":48.1,
            "학군총점":56.51,
            "인구수":38.4,
            "인구증감":2.33,
            "인구총점":27.579,
            "일자리":16.8,
            "소득수준":61.15,
            "일자리총점":30.105,
            "가치 총점":53.8275,
            "매매실거래년":20220111.0,
            "매매실거래가":18400.0,
            "전세실거래년":20211106.0,
            "전세실거래가":16500.0,
            "전세가율":89.67,
            "장기전세가율평균":78.0,
            "전세가율거품지수":-11.67,
            "검색코드":7449,
            "세대수":750,
            "준공년월":"1998-01-14",
            "준공년차":25,
            "가까운역이름":"NA",
            "가까운역거리":"NA",
            "역세권여부":"NA",
            "30분이내주요거점역":"NA",
            "1시간이내주요거점역":"NA",
            "3km이내백화점수":1,
            "5km이내아울렛몰수":0,
            "1km이내대형먀트수":0,
            "500m이내은행수":1,
            "500m이내병원수":23,
            "5km이내대형병원수":3,
            "500m이내공원수":6,
            "3km이내혐오시설수":0,
            "초등학교학업성취도":90.15,
            "중학교학업성취도":78.9,
            "용적률":229,
            "건폐율":19,
            "Y":35.176494,
            "X":128.063642,
            "rank":29.0,
            "area_info":"23평(76.43), 29평(96.79), 31평(104.89), 44평(146.4)",
            "last_sales":"2022-01-11,18400.0,23평(76.43)"
        },
        {
            "index":433,
            "아파트명":"한림풀에버",
            "투자타입":"일반",
            "전용면적(m2)":"94.19",
            "전용면적(평)":"28평",
            "법정동주소":"경상남도 진주시 충무공동 77",
            "도로명주소":"경상남도 진주시 소호로 39",
            "세대수":90,
            "입주년차":80,
            "용적률점수":"--",
            "건폐율점수":"--",
            "세대당주차수":30,
            "난방방식":100,
            "공급면적":"--",
            "전용률":"--",
            "욕실수":100,
            "현관타입":100,
            "주거총점":82.0,
            "지역구공급총점":100.0,
            "역세권":"NA",
            "30분내 이동가능 거점":"NA",
            "1시간내 이동가능 거점":"NA",
            "교통총점":"NA",
            "백화점":0,
            "아울렛몰":80,
            "대형마트":0,
            "은행":0,
            "병원":10,
            "종합병원":100,
            "공원":100,
            "혐오시설":0,
            "인프라총점":32.0,
            "초등학군":100.0,
            "중학군":34.98,
            "학군총점":47.984,
            "인구수":38.4,
            "인구증감":2.33,
            "인구총점":27.579,
            "일자리":16.8,
            "소득수준":61.15,
            "일자리총점":30.105,
            "가치 총점":53.496,
            "매매실거래년":20211221.0,
            "매매실거래가":47000.0,
            "전세실거래년":20211005.0,
            "전세실거래가":30000.0,
            "전세가율":72.29,
            "장기전세가율평균":78.0,
            "전세가율거품지수":5.71,
            "검색코드":107027,
            "세대수":1421,
            "준공년월":"2015-10-22",
            "준공년차":8,
            "가까운역이름":"NA",
            "가까운역거리":"NA",
            "역세권여부":"NA",
            "30분이내주요거점역":"NA",
            "1시간이내주요거점역":"NA",
            "3km이내백화점수":0,
            "5km이내아울렛몰수":1,
            "1km이내대형먀트수":0,
            "500m이내은행수":0,
            "500m이내병원수":2,
            "5km이내대형병원수":4,
            "500m이내공원수":3,
            "3km이내혐오시설수":0,
            "초등학교학업성취도":100.0,
            "중학교학업성취도":58.3,
            "용적률":177,
            "건폐율":15,
            "Y":35.171614,
            "X":128.133262,
            "rank":30.0,
            "area_info":"28평(94.19), 28평(94.47), 34평(112.84), 34평(113.03)",
            "last_sales":"2021-12-21,47000.0,34평(113.03)"
        },
        {
            "index":339,
            "아파트명":"현대성우트리팰리스",
            "투자타입":"일반",
            "전용면적(m2)":"130.62",
            "전용면적(평)":"39평",
            "법정동주소":"경상남도 진주시 주약동 156-1",
            "도로명주소":"경상남도 진주시 진주대로879번길 19",
            "세대수":0,
            "입주년차":40,
            "용적률점수":"--",
            "건폐율점수":"--",
            "세대당주차수":60,
            "난방방식":30,
            "공급면적":"--",
            "전용률":"--",
            "욕실수":100,
            "현관타입":100,
            "주거총점":40.0,
            "지역구공급총점":100.0,
            "역세권":"NA",
            "30분내 이동가능 거점":"NA",
            "1시간내 이동가능 거점":"NA",
            "교통총점":"NA",
            "백화점":100,
            "아울렛몰":80,
            "대형마트":0,
            "은행":0,
            "병원":60,
            "종합병원":100,
            "공원":0,
            "혐오시설":0,
            "인프라총점":64.0,
            "초등학군":89.05,
            "중학군":46.76,
            "학군총점":55.218,
            "인구수":38.4,
            "인구증감":2.33,
            "인구총점":27.579,
            "일자리":16.8,
            "소득수준":61.15,
            "일자리총점":30.105,
            "가치 총점":53.4045,
            "매매실거래년":20211030.0,
            "매매실거래가":27850.0,
            "전세실거래년":20211101.0,
            "전세실거래가":18000.0,
            "전세가율":81.82,
            "장기전세가율평균":78.0,
            "전세가율거품지수":-3.82,
            "검색코드":23106,
            "세대수":160,
            "준공년월":"2006-08-22",
            "준공년차":17,
            "가까운역이름":"NA",
            "가까운역거리":"NA",
            "역세권여부":"NA",
            "30분이내주요거점역":"NA",
            "1시간이내주요거점역":"NA",
            "3km이내백화점수":1,
            "5km이내아울렛몰수":1,
            "1km이내대형먀트수":0,
            "500m이내은행수":1,
            "500m이내병원수":20,
            "5km이내대형병원수":4,
            "500m이내공원수":0,
            "3km이내혐오시설수":0,
            "초등학교학업성취도":89.05,
            "중학교학업성취도":76.2,
            "용적률":599,
            "건폐율":74,
            "Y":35.177964,
            "X":128.089883,
            "rank":31.0,
            "area_info":"39평(130.62), 50평(165.67)",
            "last_sales":"2021-10-30,27850.0,50평(165.67)"
        },
        {
            "index":378,
            "아파트명":"초전해모로루비채4단지",
            "투자타입":"일반",
            "전용면적(m2)":"111.74",
            "전용면적(평)":"33평",
            "법정동주소":"경상남도 진주시 초전동 1670",
            "도로명주소":"경상남도 진주시 초북로 55",
            "세대수":80,
            "입주년차":80,
            "용적률점수":"--",
            "건폐율점수":"--",
            "세대당주차수":30,
            "난방방식":30,
            "공급면적":"--",
            "전용률":"--",
            "욕실수":100,
            "현관타입":100,
            "주거총점":71.5,
            "지역구공급총점":100.0,
            "역세권":"NA",
            "30분내 이동가능 거점":"NA",
            "1시간내 이동가능 거점":"NA",
            "교통총점":"NA",
            "백화점":0,
            "아울렛몰":80,
            "대형마트":0,
            "은행":0,
            "병원":30,
            "종합병원":100,
            "공원":100,
            "혐오시설":0,
            "인프라총점":34.0,
            "초등학군":89.85,
            "중학군":50.62,
            "학군총점":58.466,
            "인구수":38.4,
            "인구증감":2.33,
            "인구총점":27.579,
            "일자리":16.8,
            "소득수준":61.15,
            "일자리총점":30.105,
            "가치 총점":53.2415,
            "매매실거래년":20211229.0,
            "매매실거래가":47200.0,
            "전세실거래년":20211110.0,
            "전세실거래가":33000.0,
            "전세가율":82.5,
            "장기전세가율평균":78.0,
            "전세가율거품지수":-4.5,
            "검색코드":104045,
            "세대수":774,
            "준공년월":"2014-08-11",
            "준공년차":9,
            "가까운역이름":"NA",
            "가까운역거리":"NA",
            "역세권여부":"NA",
            "30분이내주요거점역":"NA",
            "1시간이내주요거점역":"NA",
            "3km이내백화점수":0,
            "5km이내아울렛몰수":1,
            "1km이내대형먀트수":0,
            "500m이내은행수":0,
            "500m이내병원수":8,
            "5km이내대형병원수":3,
            "500m이내공원수":5,
            "3km이내혐오시설수":0,
            "초등학교학업성취도":89.85,
            "중학교학업성취도":83.7,
            "용적률":239,
            "건폐율":17,
            "Y":35.212031,
            "X":128.109812,
            "rank":32.0,
            "area_info":"33평(111.74), 33평(111.65), 34평(114.93), 39평(132.2), 43평(145.16)",
            "last_sales":"2021-12-29,47200.0,39평(132.2)"
        },
        {
            "index":127,
            "아파트명":"상대한보",
            "투자타입":"일반",
            "전용면적(m2)":"80.79",
            "전용면적(평)":"24평",
            "법정동주소":"경상남도 진주시 상대동 304-4",
            "도로명주소":"경상남도 진주시 도동천로 120",
            "세대수":80,
            "입주년차":20,
            "용적률점수":"--",
            "건폐율점수":"--",
            "세대당주차수":0,
            "난방방식":80,
            "공급면적":"--",
            "전용률":"--",
            "욕실수":50,
            "현관타입":10,
            "주거총점":46.0,
            "지역구공급총점":100.0,
            "역세권":"NA",
            "30분내 이동가능 거점":"NA",
            "1시간내 이동가능 거점":"NA",
            "교통총점":"NA",
            "백화점":0,
            "아울렛몰":80,
            "대형마트":100,
            "은행":70,
            "병원":60,
            "종합병원":100,
            "공원":0,
            "혐오시설":0,
            "인프라총점":56.0,
            "초등학군":87.09,
            "중학군":51.32,
            "학군총점":58.474,
            "인구수":38.4,
            "인구증감":2.33,
            "인구총점":27.579,
            "일자리":16.8,
            "소득수준":61.15,
            "일자리총점":30.105,
            "가치 총점":53.1185,
            "매매실거래년":20220105.0,
            "매매실거래가":21700.0,
            "전세실거래년":20210514.0,
            "전세실거래가":14500.0,
            "전세가율":94.46,
            "장기전세가율평균":78.0,
            "전세가율거품지수":-16.46,
            "검색코드":15657,
            "세대수":805,
            "준공년월":"2002-02-09",
            "준공년차":21,
            "가까운역이름":"NA",
            "가까운역거리":"NA",
            "역세권여부":"NA",
            "30분이내주요거점역":"NA",
            "1시간이내주요거점역":"NA",
            "3km이내백화점수":0,
            "5km이내아울렛몰수":1,
            "1km이내대형먀트수":2,
            "500m이내은행수":4,
            "500m이내병원수":20,
            "5km이내대형병원수":4,
            "500m이내공원수":0,
            "3km이내혐오시설수":0,
            "초등학교학업성취도":87.09,
            "중학교학업성취도":85.2,
            "용적률":270,
            "건폐율":22,
            "Y":35.1811,
            "X":128.113558,
            "rank":33.0,
            "area_info":"24평(80.79), 30평(101.22), 31평(103.91), 31평(105.75), 45평(149.15), 55평(181.95)",
            "last_sales":"2022-01-05,21700.0,31평(103.91)"
        },
        {
            "index":510,
            "아파트명":"엠코타운더프라하",
            "투자타입":"일반",
            "전용면적(m2)":"94.49",
            "전용면적(평)":"28평",
            "법정동주소":"경상남도 진주시 평거동 1132",
            "도로명주소":"경상남도 진주시 새평거로 30",
            "세대수":100,
            "입주년차":80,
            "용적률점수":"--",
            "건폐율점수":"--",
            "세대당주차수":30,
            "난방방식":30,
            "공급면적":"--",
            "전용률":"--",
            "욕실수":100,
            "현관타입":100,
            "주거총점":78.5,
            "지역구공급총점":100.0,
            "역세권":"NA",
            "30분내 이동가능 거점":"NA",
            "1시간내 이동가능 거점":"NA",
            "교통총점":"NA",
            "백화점":0,
            "아울렛몰":0,
            "대형마트":0,
            "은행":0,
            "병원":30,
            "종합병원":100,
            "공원":100,
            "혐오시설":0,
            "인프라총점":26.0,
            "초등학군":88.15,
            "중학군":53.74,
            "학군총점":60.622,
            "인구수":38.4,
            "인구증감":2.33,
            "인구총점":27.579,
            "일자리":16.8,
            "소득수준":61.15,
            "일자리총점":30.105,
            "가치 총점":53.0305,
            "매매실거래년":20211226.0,
            "매매실거래가":85000.0,
            "전세실거래년":20210327.0,
            "전세실거래가":21000.0,
            "전세가율":52.11,
            "장기전세가율평균":78.0,
            "전세가율거품지수":25.89,
            "검색코드":103537,
            "세대수":1813,
            "준공년월":"2014-04-25",
            "준공년차":9,
            "가까운역이름":"NA",
            "가까운역거리":"NA",
            "역세권여부":"NA",
            "30분이내주요거점역":"NA",
            "1시간이내주요거점역":"NA",
            "3km이내백화점수":0,
            "5km이내아울렛몰수":0,
            "1km이내대형먀트수":0,
            "500m이내은행수":0,
            "500m이내병원수":6,
            "5km이내대형병원수":3,
            "500m이내공원수":3,
            "3km이내혐오시설수":0,
            "초등학교학업성취도":88.15,
            "중학교학업성취도":88.5,
            "용적률":259,
            "건폐율":15,
            "Y":35.165159,
            "X":128.05248,
            "rank":34.0,
            "area_info":"28평(94.49), 28평(95.32), 34평(114.41), 34평(114.98), 39평(129.44), 39평(130.64), 45평(150.65), 45평(151.07), 56평(187.32), 56평(188.02), 70평(233.23), 76평(252.22)",
            "last_sales":"2021-12-26,85000.0,56평(188.02)"
        },
        {
            "index":441,
            "아파트명":"혁신도시LH5단지",
            "투자타입":"일반",
            "전용면적(m2)":"99.88",
            "전용면적(평)":"30평",
            "법정동주소":"경상남도 진주시 충무공동 234",
            "도로명주소":"경상남도 진주시 충의로 67",
            "세대수":50,
            "입주년차":80,
            "용적률점수":"--",
            "건폐율점수":"--",
            "세대당주차수":30,
            "난방방식":100,
            "공급면적":"--",
            "전용률":"--",
            "욕실수":100,
            "현관타입":100,
            "주거총점":68.0,
            "지역구공급총점":100.0,
            "역세권":"NA",
            "30분내 이동가능 거점":"NA",
            "1시간내 이동가능 거점":"NA",
            "교통총점":"NA",
            "백화점":0,
            "아울렛몰":80,
            "대형마트":80,
            "은행":0,
            "병원":30,
            "종합병원":80,
            "공원":100,
            "혐오시설":0,
            "인프라총점":42.0,
            "초등학군":100.0,
            "중학군":36.42,
            "학군총점":49.136,
            "인구수":38.4,
            "인구증감":2.33,
            "인구총점":27.579,
            "일자리":16.8,
            "소득수준":61.15,
            "일자리총점":30.105,
            "가치 총점":52.884,
            "매매실거래년":"18000101",
            "매매실거래가":null,
            "전세실거래년":null,
            "전세실거래가":null,
            "전세가율":null,
            "장기전세가율평균":78.0,
            "전세가율거품지수":null,
            "검색코드":137446,
            "세대수":600,
            "준공년월":"2014-10-15",
            "준공년차":9,
            "가까운역이름":"NA",
            "가까운역거리":"NA",
            "역세권여부":"NA",
            "30분이내주요거점역":"NA",
            "1시간이내주요거점역":"NA",
            "3km이내백화점수":0,
            "5km이내아울렛몰수":1,
            "1km이내대형먀트수":1,
            "500m이내은행수":1,
            "500m이내병원수":9,
            "5km이내대형병원수":1,
            "500m이내공원수":2,
            "3km이내혐오시설수":0,
            "초등학교학업성취도":100.0,
            "중학교학업성취도":60.7,
            "용적률":171,
            "건폐율":15,
            "Y":35.178471,
            "X":128.152051,
            "rank":35.0,
            "area_info":"30평(99.88), 30평(100.08), 33평(111.88)",
            "last_sales":"1800-01-01,nan,30평(99.88)"
        },
        {
            "index":138,
            "아파트명":"현대",
            "투자타입":"재건축",
            "전용면적(m2)":"89.63",
            "전용면적(평)":"27평",
            "법정동주소":"경상남도 진주시 상대동 472",
            "도로명주소":"경상남도 진주시 모덕로181번길 7",
            "세대수":50,
            "입주년차":"--",
            "용적률점수":0,
            "건폐율점수":0,
            "세대당주차수":"--",
            "난방방식":"--",
            "공급면적":70,
            "전용률":80,
            "욕실수":"--",
            "현관타입":"--",
            "주거총점":22.5,
            "지역구공급총점":100.0,
            "역세권":"NA",
            "30분내 이동가능 거점":"NA",
            "1시간내 이동가능 거점":"NA",
            "교통총점":"NA",
            "백화점":100,
            "아울렛몰":80,
            "대형마트":100,
            "은행":0,
            "병원":30,
            "종합병원":100,
            "공원":0,
            "혐오시설":0,
            "인프라총점":76.0,
            "초등학군":86.75,
            "중학군":51.32,
            "학군총점":58.406,
            "인구수":38.4,
            "인구증감":2.33,
            "인구총점":27.579,
            "일자리":16.8,
            "소득수준":61.15,
            "일자리총점":30.105,
            "가치 총점":52.8765,
            "매매실거래년":20220107.0,
            "매매실거래가":14300.0,
            "전세실거래년":20161102.0,
            "전세실거래가":11000.0,
            "전세가율":92.44,
            "장기전세가율평균":78.0,
            "전세가율거품지수":-14.44,
            "검색코드":7228,
            "세대수":684,
            "준공년월":"1991-10-29",
            "준공년차":32,
            "가까운역이름":"NA",
            "가까운역거리":"NA",
            "역세권여부":"NA",
            "30분이내주요거점역":"NA",
            "1시간이내주요거점역":"NA",
            "3km이내백화점수":1,
            "5km이내아울렛몰수":1,
            "1km이내대형먀트수":2,
            "500m이내은행수":1,
            "500m이내병원수":9,
            "5km이내대형병원수":4,
            "500m이내공원수":0,
            "3km이내혐오시설수":0,
            "초등학교학업성취도":86.75,
            "중학교학업성취도":85.2,
            "용적률":0,
            "건폐율":0,
            "Y":35.187211,
            "X":128.113303,
            "rank":36.0,
            "area_info":"27평(89.63), 31평(103.9), 41평(137.79)",
            "last_sales":"2022-01-07,14300.0,31평(103.9)"
        },
        {
            "index":363,
            "아파트명":"청구타운",
            "투자타입":"일반",
            "전용면적(m2)":"77.59",
            "전용면적(평)":"23평",
            "법정동주소":"경상남도 진주시 초전동 1431-3",
            "도로명주소":"경상남도 진주시 대신로475번길 16-5",
            "세대수":50,
            "입주년차":0,
            "용적률점수":"--",
            "건폐율점수":"--",
            "세대당주차수":0,
            "난방방식":30,
            "공급면적":"--",
            "전용률":"--",
            "욕실수":50,
            "현관타입":100,
            "주거총점":35.5,
            "지역구공급총점":100.0,
            "역세권":"NA",
            "30분내 이동가능 거점":"NA",
            "1시간내 이동가능 거점":"NA",
            "교통총점":"NA",
            "백화점":100,
            "아울렛몰":80,
            "대형마트":0,
            "은행":0,
            "병원":30,
            "종합병원":100,
            "공원":100,
            "혐오시설":0,
            "인프라총점":64.0,
            "초등학군":87.37,
            "중학군":50.62,
            "학군총점":57.97,
            "인구수":38.4,
            "인구증감":2.33,
            "인구총점":27.579,
            "일자리":16.8,
            "소득수준":61.15,
            "일자리총점":30.105,
            "가치 총점":52.5175,
            "매매실거래년":20220105.0,
            "매매실거래가":15350.0,
            "전세실거래년":20211209.0,
            "전세실거래가":13500.0,
            "전세가율":87.95,
            "장기전세가율평균":78.0,
            "전세가율거품지수":-9.95,
            "검색코드":7415,
            "세대수":494,
            "준공년월":"1997-08-30",
            "준공년차":26,
            "가까운역이름":"NA",
            "가까운역거리":"NA",
            "역세권여부":"NA",
            "30분이내주요거점역":"NA",
            "1시간이내주요거점역":"NA",
            "3km이내백화점수":1,
            "5km이내아울렛몰수":1,
            "1km이내대형먀트수":0,
            "500m이내은행수":0,
            "500m이내병원수":5,
            "5km이내대형병원수":4,
            "500m이내공원수":2,
            "3km이내혐오시설수":0,
            "초등학교학업성취도":87.37,
            "중학교학업성취도":83.7,
            "용적률":234,
            "건폐율":27,
            "Y":35.20277,
            "X":128.113149,
            "rank":37.0,
            "area_info":"23평(77.59), 32평(109.04), 48평(161.73)",
            "last_sales":"2022-01-05,15350.0,23평(77.59)"
        },
        {
            "index":226,
            "아파트명":"신안주공2차",
            "투자타입":"일반",
            "전용면적(m2)":"55.02",
            "전용면적(평)":"16평",
            "법정동주소":"경상남도 진주시 신안동 707-1",
            "도로명주소":"경상남도 진주시 신안들말길 47",
            "세대수":90,
            "입주년차":0,
            "용적률점수":"--",
            "건폐율점수":"--",
            "세대당주차수":0,
            "난방방식":30,
            "공급면적":"--",
            "전용률":"--",
            "욕실수":50,
            "현관타입":10,
            "주거총점":40.5,
            "지역구공급총점":100.0,
            "역세권":"NA",
            "30분내 이동가능 거점":"NA",
            "1시간내 이동가능 거점":"NA",
            "교통총점":"NA",
            "백화점":100,
            "아울렛몰":0,
            "대형마트":0,
            "은행":20,
            "병원":60,
            "종합병원":100,
            "공원":100,
            "혐오시설":0,
            "인프라총점":61.0,
            "초등학군":85.35,
            "중학군":48.1,
            "학군총점":55.55,
            "인구수":38.4,
            "인구증감":2.33,
            "인구총점":27.579,
            "일자리":16.8,
            "소득수준":61.15,
            "일자리총점":30.105,
            "가치 총점":52.4625,
            "매매실거래년":20211228.0,
            "매매실거래가":15000.0,
            "전세실거래년":20220111.0,
            "전세실거래가":6000.0,
            "전세가율":75.0,
            "장기전세가율평균":78.0,
            "전세가율거품지수":3.0,
            "검색코드":7305,
            "세대수":1179,
            "준공년월":"1996-09-21",
            "준공년차":27,
            "가까운역이름":"NA",
            "가까운역거리":"NA",
            "역세권여부":"NA",
            "30분이내주요거점역":"NA",
            "1시간이내주요거점역":"NA",
            "3km이내백화점수":1,
            "5km이내아울렛몰수":0,
            "1km이내대형먀트수":0,
            "500m이내은행수":2,
            "500m이내병원수":24,
            "5km이내대형병원수":3,
            "500m이내공원수":7,
            "3km이내혐오시설수":0,
            "초등학교학업성취도":85.35,
            "중학교학업성취도":78.9,
            "용적률":191,
            "건폐율":17,
            "Y":35.179106,
            "X":128.066575,
            "rank":38.0,
            "area_info":"16평(55.02), 20평(67.51), 23평(77.79)",
            "last_sales":"2021-12-28,15000.0,23평(77.79)"
        },
        {
            "index":126,
            "아파트명":"동서훼밀리",
            "투자타입":"재건축",
            "전용면적(m2)":"74.0",
            "전용면적(평)":"22평",
            "법정동주소":"경상남도 진주시 상대동 645-34",
            "도로명주소":"경상남도 진주시 선학산길 22",
            "세대수":0,
            "입주년차":"--",
            "용적률점수":0,
            "건폐율점수":20,
            "세대당주차수":"--",
            "난방방식":"--",
            "공급면적":50,
            "전용률":60,
            "욕실수":"--",
            "현관타입":"--",
            "주거총점":9.5,
            "지역구공급총점":100.0,
            "역세권":"NA",
            "30분내 이동가능 거점":"NA",
            "1시간내 이동가능 거점":"NA",
            "교통총점":"NA",
            "백화점":100,
            "아울렛몰":80,
            "대형마트":100,
            "은행":100,
            "병원":30,
            "종합병원":100,
            "공원":0,
            "혐오시설":0,
            "인프라총점":86.0,
            "초등학군":87.09,
            "중학군":51.32,
            "학군총점":58.474,
            "인구수":38.4,
            "인구증감":2.33,
            "인구총점":27.579,
            "일자리":16.8,
            "소득수준":61.15,
            "일자리총점":30.105,
            "가치 총점":52.3435,
            "매매실거래년":20211210.0,
            "매매실거래가":6280.0,
            "전세실거래년":20200810.0,
            "전세실거래가":6000.0,
            "전세가율":95.54,
            "장기전세가율평균":78.0,
            "전세가율거품지수":-17.54,
            "검색코드":7214,
            "세대수":162,
            "준공년월":"1992-11-28",
            "준공년차":31,
            "가까운역이름":"NA",
            "가까운역거리":"NA",
            "역세권여부":"NA",
            "30분이내주요거점역":"NA",
            "1시간이내주요거점역":"NA",
            "3km이내백화점수":1,
            "5km이내아울렛몰수":1,
            "1km이내대형먀트수":2,
            "500m이내은행수":7,
            "500m이내병원수":8,
            "5km이내대형병원수":4,
            "500m이내공원수":0,
            "3km이내혐오시설수":0,
            "초등학교학업성취도":87.09,
            "중학교학업성취도":85.2,
            "용적률":450,
            "건폐율":43,
            "Y":35.18407,
            "X":128.1093,
            "rank":39.0,
            "area_info":"22평(74.0)",
            "last_sales":"2021-12-10,6280.0,22평(74.0)"
        },
        {
            "index":387,
            "아파트명":"현대",
            "투자타입":"일반",
            "전용면적(m2)":"77.01",
            "전용면적(평)":"23평",
            "법정동주소":"경상남도 진주시 초전동 823-2",
            "도로명주소":"경상남도 진주시 초전남로 60",
            "세대수":50,
            "입주년차":0,
            "용적률점수":"--",
            "건폐율점수":"--",
            "세대당주차수":0,
            "난방방식":30,
            "공급면적":"--",
            "전용률":"--",
            "욕실수":50,
            "현관타입":100,
            "주거총점":35.5,
            "지역구공급총점":100.0,
            "역세권":"NA",
            "30분내 이동가능 거점":"NA",
            "1시간내 이동가능 거점":"NA",
            "교통총점":"NA",
            "백화점":100,
            "아울렛몰":80,
            "대형마트":0,
            "은행":0,
            "병원":30,
            "종합병원":100,
            "공원":80,
            "혐오시설":0,
            "인프라총점":63.4,
            "초등학군":87.37,
            "중학군":50.62,
            "학군총점":57.97,
            "인구수":38.4,
            "인구증감":2.33,
            "인구총점":27.579,
            "일자리":16.8,
            "소득수준":61.15,
            "일자리총점":30.105,
            "가치 총점":52.2775,
            "매매실거래년":20211111.0,
            "매매실거래가":17300.0,
            "전세실거래년":20211220.0,
            "전세실거래가":13000.0,
            "전세가율":75.14,
            "장기전세가율평균":78.0,
            "전세가율거품지수":2.86,
            "검색코드":7434,
            "세대수":491,
            "준공년월":"1997-02-01",
            "준공년차":26,
            "가까운역이름":"NA",
            "가까운역거리":"NA",
            "역세권여부":"NA",
            "30분이내주요거점역":"NA",
            "1시간이내주요거점역":"NA",
            "3km이내백화점수":1,
            "5km이내아울렛몰수":1,
            "1km이내대형먀트수":0,
            "500m이내은행수":0,
            "500m이내병원수":5,
            "5km이내대형병원수":4,
            "500m이내공원수":1,
            "3km이내혐오시설수":0,
            "초등학교학업성취도":87.37,
            "중학교학업성취도":83.7,
            "용적률":196,
            "건폐율":21,
            "Y":35.200877,
            "X":128.113882,
            "rank":40.0,
            "area_info":"23평(77.01), 33평(109.11)",
            "last_sales":"2021-11-11,17300.0,23평(77.01)"
        },
        {
            "index":393,
            "아파트명":"라온프라이빗",
            "투자타입":"일반",
            "전용면적(m2)":"104.01",
            "전용면적(평)":"31평",
            "법정동주소":"경상남도 진주시 충무공동 195",
            "도로명주소":"경상남도 진주시 대밭골로 92",
            "세대수":50,
            "입주년차":80,
            "용적률점수":"--",
            "건폐율점수":"--",
            "세대당주차수":30,
            "난방방식":100,
            "공급면적":"--",
            "전용률":"--",
            "욕실수":100,
            "현관타입":100,
            "주거총점":68.0,
            "지역구공급총점":100.0,
            "역세권":"NA",
            "30분내 이동가능 거점":"NA",
            "1시간내 이동가능 거점":"NA",
            "교통총점":"NA",
            "백화점":0,
            "아울렛몰":80,
            "대형마트":100,
            "은행":0,
            "병원":0,
            "종합병원":80,
            "공원":100,
            "혐오시설":0,
            "인프라총점":42.0,
            "초등학군":84.83,
            "중학군":36.42,
            "학군총점":46.102,
            "인구수":38.4,
            "인구증감":2.33,
            "인구총점":27.579,
            "일자리":16.8,
            "소득수준":61.15,
            "일자리총점":30.105,
            "가치 총점":52.1255,
            "매매실거래년":20211213.0,
            "매매실거래가":57500.0,
            "전세실거래년":20210619.0,
            "전세실거래가":30000.0,
            "전세가율":57.8,
            "장기전세가율평균":78.0,
            "전세가율거품지수":20.2,
            "검색코드":112817,
            "세대수":422,
            "준공년월":"2017-11-30",
            "준공년차":6,
            "가까운역이름":"NA",
            "가까운역거리":"NA",
            "역세권여부":"NA",
            "30분이내주요거점역":"NA",
            "1시간이내주요거점역":"NA",
            "3km이내백화점수":0,
            "5km이내아울렛몰수":1,
            "1km이내대형먀트수":2,
            "500m이내은행수":1,
            "500m이내병원수":0,
            "5km이내대형병원수":1,
            "500m이내공원수":2,
            "3km이내혐오시설수":0,
            "초등학교학업성취도":84.83,
            "중학교학업성취도":60.7,
            "용적률":180,
            "건폐율":16,
            "Y":35.181114,
            "X":128.15056,
            "rank":41.0,
            "area_info":"31평(104.01), 33평(111.54), 33평(111.09), 33평(111.16)",
            "last_sales":"2021-12-13,57500.0,33평(111.09)"
        },
        {
            "index":8,
            "아파트명":"센트럴웰가",
            "투자타입":"일반",
            "전용면적(m2)":"85.95",
            "전용면적(평)":"25평",
            "법정동주소":"경상남도 진주시 가좌동 1981",
            "도로명주소":"경상남도 진주시 진주역로73번길 33",
            "세대수":90,
            "입주년차":80,
            "용적률점수":"--",
            "건폐율점수":"--",
            "세대당주차수":30,
            "난방방식":30,
            "공급면적":"--",
            "전용률":"--",
            "욕실수":100,
            "현관타입":100,
            "주거총점":75.0,
            "지역구공급총점":100.0,
            "역세권":"NA",
            "30분내 이동가능 거점":"NA",
            "1시간내 이동가능 거점":"NA",
            "교통총점":"NA",
            "백화점":0,
            "아울렛몰":80,
            "대형마트":0,
            "은행":0,
            "병원":10,
            "종합병원":100,
            "공원":100,
            "혐오시설":0,
            "인프라총점":32.0,
            "초등학군":87.99,
            "중학군":42.4,
            "학군총점":51.518,
            "인구수":38.4,
            "인구증감":2.33,
            "인구총점":27.579,
            "일자리":16.8,
            "소득수준":61.15,
            "일자리총점":30.105,
            "가치 총점":51.9295,
            "매매실거래년":20220101.0,
            "매매실거래가":53500.0,
            "전세실거래년":20220106.0,
            "전세실거래가":33000.0,
            "전세가율":85.71,
            "장기전세가율평균":78.0,
            "전세가율거품지수":-7.71,
            "검색코드":115351,
            "세대수":1152,
            "준공년월":"2018-11-29",
            "준공년차":5,
            "가까운역이름":"NA",
            "가까운역거리":"NA",
            "역세권여부":"NA",
            "30분이내주요거점역":"NA",
            "1시간이내주요거점역":"NA",
            "3km이내백화점수":0,
            "5km이내아울렛몰수":1,
            "1km이내대형먀트수":0,
            "500m이내은행수":0,
            "500m이내병원수":2,
            "5km이내대형병원수":4,
            "500m이내공원수":2,
            "3km이내혐오시설수":0,
            "초등학교학업성취도":87.99,
            "중학교학업성취도":70.4,
            "용적률":229,
            "건폐율":13,
            "Y":35.153849,
            "X":128.111595,
            "rank":42.0,
            "area_info":"25평(85.95), 26평(86.46), 26평(87.79), 31평(104.92), 31평(104.75), 31평(104.79), 34평(113.99), 34평(114.33), 34평(114.63), 34평(114.02)",
            "last_sales":"2022-01-01,53500.0,34평(114.63)"
        },
        {
            "index":476,
            "아파트명":"더퀸즈웰가",
            "투자타입":"일반",
            "전용면적(m2)":"85.08",
            "전용면적(평)":"25평",
            "법정동주소":"경상남도 진주시 평거동 1130",
            "도로명주소":"경상남도 진주시 새평거로 25",
            "세대수":90,
            "입주년차":80,
            "용적률점수":"--",
            "건폐율점수":"--",
            "세대당주차수":30,
            "난방방식":30,
            "공급면적":"--",
            "전용률":"--",
            "욕실수":100,
            "현관타입":100,
            "주거총점":75.0,
            "지역구공급총점":100.0,
            "역세권":"NA",
            "30분내 이동가능 거점":"NA",
            "1시간내 이동가능 거점":"NA",
            "교통총점":"NA",
            "백화점":0,
            "아울렛몰":0,
            "대형마트":0,
            "은행":0,
            "병원":30,
            "종합병원":100,
            "공원":100,
            "혐오시설":0,
            "인프라총점":26.0,
            "초등학군":88.15,
            "중학군":53.74,
            "학군총점":60.622,
            "인구수":38.4,
            "인구증감":2.33,
            "인구총점":27.579,
            "일자리":16.8,
            "소득수준":61.15,
            "일자리총점":30.105,
            "가치 총점":51.8055,
            "매매실거래년":20211209.0,
            "매매실거래가":61500.0,
            "전세실거래년":20211113.0,
            "전세실거래가":28500.0,
            "전세가율":89.06,
            "장기전세가율평균":78.0,
            "전세가율거품지수":-11.06,
            "검색코드":105161,
            "세대수":1308,
            "준공년월":"2015-03-23",
            "준공년차":8,
            "가까운역이름":"NA",
            "가까운역거리":"NA",
            "역세권여부":"NA",
            "30분이내주요거점역":"NA",
            "1시간이내주요거점역":"NA",
            "3km이내백화점수":0,
            "5km이내아울렛몰수":0,
            "1km이내대형먀트수":0,
            "500m이내은행수":0,
            "500m이내병원수":7,
            "5km이내대형병원수":3,
            "500m이내공원수":4,
            "3km이내혐오시설수":0,
            "초등학교학업성취도":88.15,
            "중학교학업성취도":88.5,
            "용적률":210,
            "건폐율":15,
            "Y":35.166637,
            "X":128.052031,
            "rank":43.0,
            "area_info":"25평(85.08), 25평(85.2), 28평(94.31), 28평(94.2), 31평(102.95), 31평(103.2), 34평(112.81), 34평(113.49), 39평(130.62), 39평(131.32), 45평(151.62)",
            "last_sales":"2021-12-09,61500.0,39평(131.32)"
        },
        {
            "index":18,
            "아파트명":"스카이시티프라디움",
            "투자타입":"일반",
            "전용면적(m2)":"112.77",
            "전용면적(평)":"34평",
            "법정동주소":"경상남도 진주시 가좌동 1958",
            "도로명주소":"경상남도 진주시 개양로 100",
            "세대수":80,
            "입주년차":100,
            "용적률점수":"--",
            "건폐율점수":"--",
            "세대당주차수":30,
            "난방방식":30,
            "공급면적":"--",
            "전용률":"--",
            "욕실수":100,
            "현관타입":100,
            "주거총점":75.5,
            "지역구공급총점":100.0,
            "역세권":"NA",
            "30분내 이동가능 거점":"NA",
            "1시간내 이동가능 거점":"NA",
            "교통총점":"NA",
            "백화점":0,
            "아울렛몰":80,
            "대형마트":0,
            "은행":0,
            "병원":0,
            "종합병원":100,
            "공원":100,
            "혐오시설":0,
            "인프라총점":31.0,
            "초등학군":87.99,
            "중학군":42.4,
            "학군총점":51.518,
            "인구수":38.4,
            "인구증감":2.33,
            "인구총점":27.579,
            "일자리":16.8,
            "소득수준":61.15,
            "일자리총점":30.105,
            "가치 총점":51.7045,
            "매매실거래년":20211213.0,
            "매매실거래가":56000.0,
            "전세실거래년":20220102.0,
            "전세실거래가":37000.0,
            "전세가율":75.51,
            "장기전세가율평균":78.0,
            "전세가율거품지수":2.49,
            "검색코드":116807,
            "세대수":869,
            "준공년월":"2019-12-01",
            "준공년차":4,
            "가까운역이름":"NA",
            "가까운역거리":"NA",
            "역세권여부":"NA",
            "30분이내주요거점역":"NA",
            "1시간이내주요거점역":"NA",
            "3km이내백화점수":0,
            "5km이내아울렛몰수":1,
            "1km이내대형먀트수":0,
            "500m이내은행수":0,
            "500m이내병원수":1,
            "5km이내대형병원수":4,
            "500m이내공원수":3,
            "3km이내혐오시설수":0,
            "초등학교학업성취도":87.99,
            "중학교학업성취도":70.4,
            "용적률":456,
            "건폐율":72,
            "Y":35.154496,
            "X":128.116667,
            "rank":44.0,
            "area_info":"34평(112.77), 34평(112.45), 34평(113.62)",
            "last_sales":"2021-12-13,56000.0,34평(112.45)"
        },
        {
            "index":229,
            "아파트명":"신안주공3차",
            "투자타입":"일반",
            "전용면적(m2)":"54.53",
            "전용면적(평)":"16평",
            "법정동주소":"경상남도 진주시 신안동 705-1",
            "도로명주소":"경상남도 진주시 석갑로 58",
            "세대수":90,
            "입주년차":0,
            "용적률점수":"--",
            "건폐율점수":"--",
            "세대당주차수":0,
            "난방방식":30,
            "공급면적":"--",
            "전용률":"--",
            "욕실수":50,
            "현관타입":10,
            "주거총점":40.5,
            "지역구공급총점":100.0,
            "역세권":"NA",
            "30분내 이동가능 거점":"NA",
            "1시간내 이동가능 거점":"NA",
            "교통총점":"NA",
            "백화점":100,
            "아울렛몰":0,
            "대형마트":0,
            "은행":0,
            "병원":60,
            "종합병원":100,
            "공원":100,
            "혐오시설":0,
            "인프라총점":59.0,
            "초등학군":85.35,
            "중학군":48.1,
            "학군총점":55.55,
            "인구수":38.4,
            "인구증감":2.33,
            "인구총점":27.579,
            "일자리":16.8,
            "소득수준":61.15,
            "일자리총점":30.105,
            "가치 총점":51.6625,
            "매매실거래년":20220106.0,
            "매매실거래가":15000.0,
            "전세실거래년":20211217.0,
            "전세실거래가":10000.0,
            "전세가율":93.46,
            "장기전세가율평균":78.0,
            "전세가율거품지수":-15.46,
            "검색코드":7308,
            "세대수":1046,
            "준공년월":"1997-11-27",
            "준공년차":26,
            "가까운역이름":"NA",
            "가까운역거리":"NA",
            "역세권여부":"NA",
            "30분이내주요거점역":"NA",
            "1시간이내주요거점역":"NA",
            "3km이내백화점수":1,
            "5km이내아울렛몰수":0,
            "1km이내대형먀트수":0,
            "500m이내은행수":1,
            "500m이내병원수":22,
            "5km이내대형병원수":3,
            "500m이내공원수":7,
            "3km이내혐오시설수":0,
            "초등학교학업성취도":85.35,
            "중학교학업성취도":78.9,
            "용적률":198,
            "건폐율":13,
            "Y":35.177646,
            "X":128.065641,
            "rank":45.0,
            "area_info":"16평(54.53), 20평(67.5), 21평(69.94), 23평(77.79)",
            "last_sales":"2022-01-06,15000.0,23평(77.79)"
        },
        {
            "index":524,
            "아파트명":"주공",
            "투자타입":"재건축",
            "전용면적(m2)":"49.48",
            "전용면적(평)":"14평",
            "법정동주소":"경상남도 진주시 평거동 326",
            "도로명주소":"경상남도 진주시 진양호로185번길 7",
            "세대수":30,
            "입주년차":"--",
            "용적률점수":100,
            "건폐율점수":100,
            "세대당주차수":"--",
            "난방방식":"--",
            "공급면적":50,
            "전용률":60,
            "욕실수":"--",
            "현관타입":"--",
            "주거총점":74.5,
            "지역구공급총점":100.0,
            "역세권":"NA",
            "30분내 이동가능 거점":"NA",
            "1시간내 이동가능 거점":"NA",
            "교통총점":"NA",
            "백화점":0,
            "아울렛몰":0,
            "대형마트":0,
            "은행":0,
            "병원":60,
            "종합병원":100,
            "공원":100,
            "혐오시설":0,
            "인프라총점":29.0,
            "초등학군":86.52,
            "중학군":48.1,
            "학군총점":55.784,
            "인구수":38.4,
            "인구증감":2.33,
            "인구총점":27.579,
            "일자리":16.8,
            "소득수준":61.15,
            "일자리총점":30.105,
            "가치 총점":51.621,
            "매매실거래년":20211104.0,
            "매매실거래가":13500.0,
            "전세실거래년":20220105.0,
            "전세실거래가":7500.0,
            "전세가율":55.56,
            "장기전세가율평균":78.0,
            "전세가율거품지수":22.44,
            "검색코드":7474,
            "세대수":340,
            "준공년월":"1988-11-29",
            "준공년차":35,
            "가까운역이름":"NA",
            "가까운역거리":"NA",
            "역세권여부":"NA",
            "30분이내주요거점역":"NA",
            "1시간이내주요거점역":"NA",
            "3km이내백화점수":0,
            "5km이내아울렛몰수":0,
            "1km이내대형먀트수":0,
            "500m이내은행수":0,
            "500m이내병원수":29,
            "5km이내대형병원수":3,
            "500m이내공원수":3,
            "3km이내혐오시설수":0,
            "초등학교학업성취도":86.52,
            "중학교학업성취도":78.9,
            "용적률":84,
            "건폐율":17,
            "Y":35.172161,
            "X":128.05771,
            "rank":46.0,
            "area_info":"14평(49.48), 15평(49.91), 17평(57.56), 17평(57.92)",
            "last_sales":"2021-11-04,13500.0,14평(49.48)"
        },
        {
            "index":133,
            "아파트명":"상대한주그린",
            "투자타입":"일반",
            "전용면적(m2)":"51.06",
            "전용면적(평)":"15평",
            "법정동주소":"경상남도 진주시 상대동 534-2",
            "도로명주소":"경상남도 진주시 선학산길 46",
            "세대수":0,
            "입주년차":20,
            "용적률점수":"--",
            "건폐율점수":"--",
            "세대당주차수":0,
            "난방방식":30,
            "공급면적":"--",
            "전용률":"--",
            "욕실수":50,
            "현관타입":100,
            "주거총점":22.0,
            "지역구공급총점":100.0,
            "역세권":"NA",
            "30분내 이동가능 거점":"NA",
            "1시간내 이동가능 거점":"NA",
            "교통총점":"NA",
            "백화점":100,
            "아울렛몰":80,
            "대형마트":100,
            "은행":0,
            "병원":0,
            "종합병원":100,
            "공원":0,
            "혐오시설":0,
            "인프라총점":73.0,
            "초등학군":87.09,
            "중학군":51.32,
            "학군총점":58.474,
            "인구수":38.4,
            "인구증감":2.33,
            "인구총점":27.579,
            "일자리":16.8,
            "소득수준":61.15,
            "일자리총점":30.105,
            "가치 총점":51.5185,
            "매매실거래년":20210928.0,
            "매매실거래가":12200.0,
            "전세실거래년":null,
            "전세실거래가":null,
            "전세가율":null,
            "장기전세가율평균":78.0,
            "전세가율거품지수":null,
            "검색코드":7221,
            "세대수":110,
            "준공년월":"1999-08-20",
            "준공년차":24,
            "가까운역이름":"NA",
            "가까운역거리":"NA",
            "역세권여부":"NA",
            "30분이내주요거점역":"NA",
            "1시간이내주요거점역":"NA",
            "3km이내백화점수":1,
            "5km이내아울렛몰수":1,
            "1km이내대형먀트수":2,
            "500m이내은행수":0,
            "500m이내병원수":0,
            "5km이내대형병원수":4,
            "500m이내공원수":0,
            "3km이내혐오시설수":0,
            "초등학교학업성취도":87.09,
            "중학교학업성취도":85.2,
            "용적률":0,
            "건폐율":0,
            "Y":35.18634,
            "X":128.11054,
            "rank":47.0,
            "area_info":"15평(51.06), 23평(76.57), 31평(103.55)",
            "last_sales":"2021-09-28,12200.0,31평(103.55)"
        },
        {
            "index":152,
            "아파트명":"상봉한주타운",
            "투자타입":"재건축",
            "전용면적(m2)":"71.52",
            "전용면적(평)":"21평",
            "법정동주소":"경상남도 진주시 상봉동 1096",
            "도로명주소":"경상남도 진주시 진주대로1208번길 20",
            "세대수":50,
            "입주년차":"--",
            "용적률점수":0,
            "건폐율점수":80,
            "세대당주차수":"--",
            "난방방식":"--",
            "공급면적":50,
            "전용률":80,
            "욕실수":"--",
            "현관타입":"--",
            "주거총점":37.5,
            "지역구공급총점":100.0,
            "역세권":"NA",
            "30분내 이동가능 거점":"NA",
            "1시간내 이동가능 거점":"NA",
            "교통총점":"NA",
            "백화점":100,
            "아울렛몰":0,
            "대형마트":80,
            "은행":0,
            "병원":30,
            "종합병원":100,
            "공원":0,
            "혐오시설":0,
            "인프라총점":65.0,
            "초등학군":80.69,
            "중학군":39.36,
            "학군총점":47.626,
            "인구수":38.4,
            "인구증감":2.33,
            "인구총점":27.579,
            "일자리":16.8,
            "소득수준":61.15,
            "일자리총점":30.105,
            "가치 총점":51.0315,
            "매매실거래년":20210902.0,
            "매매실거래가":21000.0,
            "전세실거래년":20140113.0,
            "전세실거래가":5000.0,
            "전세가율":36.23,
            "장기전세가율평균":78.0,
            "전세가율거품지수":41.77,
            "검색코드":7258,
            "세대수":467,
            "준공년월":"1992-08-08",
            "준공년차":31,
            "가까운역이름":"NA",
            "가까운역거리":"NA",
            "역세권여부":"NA",
            "30분이내주요거점역":"NA",
            "1시간이내주요거점역":"NA",
            "3km이내백화점수":1,
            "5km이내아울렛몰수":0,
            "1km이내대형먀트수":1,
            "500m이내은행수":0,
            "500m이내병원수":9,
            "5km이내대형병원수":3,
            "500m이내공원수":0,
            "3km이내혐오시설수":0,
            "초등학교학업성취도":80.69,
            "중학교학업성취도":65.6,
            "용적률":315,
            "건폐율":20,
            "Y":35.196357,
            "X":128.071048,
            "rank":48.0,
            "area_info":"21평(71.52), 27평(92.46), 30평(101.58), 45평(151.73), 54평(181.43)",
            "last_sales":"2021-09-02,21000.0,45평(151.73)"
        },
        {
            "index":236,
            "아파트명":"신안흥한타운2차",
            "투자타입":"일반",
            "전용면적(m2)":"76.57",
            "전용면적(평)":"23평",
            "법정동주소":"경상남도 진주시 신안동 454-4",
            "도로명주소":"경상남도 진주시 평거로139번길 11-3",
            "세대수":30,
            "입주년차":0,
            "용적률점수":"--",
            "건폐율점수":"--",
            "세대당주차수":0,
            "난방방식":30,
            "공급면적":"--",
            "전용률":"--",
            "욕실수":50,
            "현관타입":100,
            "주거총점":28.5,
            "지역구공급총점":100.0,
            "역세권":"NA",
            "30분내 이동가능 거점":"NA",
            "1시간내 이동가능 거점":"NA",
            "교통총점":"NA",
            "백화점":100,
            "아울렛몰":0,
            "대형마트":0,
            "은행":70,
            "병원":60,
            "종합병원":100,
            "공원":100,
            "혐오시설":0,
            "인프라총점":66.0,
            "초등학군":90.42,
            "중학군":49.38,
            "학군총점":57.588,
            "인구수":38.4,
            "인구증감":2.33,
            "인구총점":27.579,
            "일자리":16.8,
            "소득수준":61.15,
            "일자리총점":30.105,
            "가치 총점":50.772,
            "매매실거래년":20211110.0,
            "매매실거래가":13800.0,
            "전세실거래년":20211126.0,
            "전세실거래가":10500.0,
            "전세가율":76.09,
            "장기전세가율평균":78.0,
            "전세가율거품지수":1.91,
            "검색코드":7376,
            "세대수":345,
            "준공년월":"1995-03-21",
            "준공년차":28,
            "가까운역이름":"NA",
            "가까운역거리":"NA",
            "역세권여부":"NA",
            "30분이내주요거점역":"NA",
            "1시간이내주요거점역":"NA",
            "3km이내백화점수":1,
            "5km이내아울렛몰수":0,
            "1km이내대형먀트수":0,
            "500m이내은행수":4,
            "500m이내병원수":19,
            "5km이내대형병원수":3,
            "500m이내공원수":6,
            "3km이내혐오시설수":0,
            "초등학교학업성취도":90.42,
            "중학교학업성취도":82.1,
            "용적률":216,
            "건폐율":21,
            "Y":35.181088,
            "X":128.068399,
            "rank":49.0,
            "area_info":"23평(76.57), 26평(86.56)",
            "last_sales":"2021-11-10,13800.0,23평(76.57)"
        },
        {
            "index":102,
            "아파트명":"망경한보타운",
            "투자타입":"일반",
            "전용면적(m2)":"74.56",
            "전용면적(평)":"22평",
            "법정동주소":"경상남도 진주시 망경동 253",
            "도로명주소":"경상남도 진주시 망경로 234-5",
            "세대수":80,
            "입주년차":0,
            "용적률점수":"--",
            "건폐율점수":"--",
            "세대당주차수":0,
            "난방방식":30,
            "공급면적":"--",
            "전용률":"--",
            "욕실수":50,
            "현관타입":100,
            "주거총점":46.0,
            "지역구공급총점":100.0,
            "역세권":"NA",
            "30분내 이동가능 거점":"NA",
            "1시간내 이동가능 거점":"NA",
            "교통총점":"NA",
            "백화점":100,
            "아울렛몰":0,
            "대형마트":0,
            "은행":0,
            "병원":0,
            "종합병원":100,
            "공원":100,
            "혐오시설":0,
            "인프라총점":53.0,
            "초등학군":82.38,
            "중학군":46.76,
            "학군총점":53.884,
            "인구수":38.4,
            "인구증감":2.33,
            "인구총점":27.579,
            "일자리":16.8,
            "소득수준":61.15,
            "일자리총점":30.105,
            "가치 총점":50.771,
            "매매실거래년":20211221.0,
            "매매실거래가":9700.0,
            "전세실거래년":20210304.0,
            "전세실거래가":8700.0,
            "전세가율":89.69,
            "장기전세가율평균":78.0,
            "전세가율거품지수":-11.69,
            "검색코드":7210,
            "세대수":886,
            "준공년월":"1997-10-18",
            "준공년차":26,
            "가까운역이름":"NA",
            "가까운역거리":"NA",
            "역세권여부":"NA",
            "30분이내주요거점역":"NA",
            "1시간이내주요거점역":"NA",
            "3km이내백화점수":1,
            "5km이내아울렛몰수":0,
            "1km이내대형먀트수":0,
            "500m이내은행수":0,
            "500m이내병원수":1,
            "5km이내대형병원수":4,
            "500m이내공원수":4,
            "3km이내혐오시설수":0,
            "초등학교학업성취도":82.38,
            "중학교학업성취도":76.2,
            "용적률":281,
            "건폐율":19,
            "Y":35.182226,
            "X":128.080204,
            "rank":50.0,
            "area_info":"22평(74.56), 28평(95.76), 32평(106.39), 45평(149.57)",
            "last_sales":"2021-12-21,9700.0,22평(74.56)"
        },
        {
            "index":238,
            "아파트명":"평거현대1차",
            "투자타입":"일반",
            "전용면적(m2)":"73.79",
            "전용면적(평)":"22평",
            "법정동주소":"경상남도 진주시 신안동 454-3",
            "도로명주소":"경상남도 진주시 평거로115번길 5",
            "세대수":50,
            "입주년차":0,
            "용적률점수":"--",
            "건폐율점수":"--",
            "세대당주차수":0,
            "난방방식":30,
            "공급면적":"--",
            "전용률":"--",
            "욕실수":50,
            "현관타입":10,
            "주거총점":26.5,
            "지역구공급총점":100.0,
            "역세권":"NA",
            "30분내 이동가능 거점":"NA",
            "1시간내 이동가능 거점":"NA",
            "교통총점":"NA",
            "백화점":100,
            "아울렛몰":0,
            "대형마트":0,
            "은행":70,
            "병원":60,
            "종합병원":100,
            "공원":100,
            "혐오시설":0,
            "인프라총점":66.0,
            "초등학군":90.42,
            "중학군":49.38,
            "학군총점":57.588,
            "인구수":38.4,
            "인구증감":2.33,
            "인구총점":27.579,
            "일자리":16.8,
            "소득수준":61.15,
            "일자리총점":30.105,
            "가치 총점":50.072,
            "매매실거래년":20211218.0,
            "매매실거래가":29000.0,
            "전세실거래년":20211220.0,
            "전세실거래가":13000.0,
            "전세가율":108.33,
            "장기전세가율평균":78.0,
            "전세가율거품지수":-30.33,
            "검색코드":7337,
            "세대수":441,
            "준공년월":"1993-11-19",
            "준공년차":30,
            "가까운역이름":"NA",
            "가까운역거리":"NA",
            "역세권여부":"NA",
            "30분이내주요거점역":"NA",
            "1시간이내주요거점역":"NA",
            "3km이내백화점수":1,
            "5km이내아울렛몰수":0,
            "1km이내대형먀트수":0,
            "500m이내은행수":4,
            "500m이내병원수":22,
            "5km이내대형병원수":3,
            "500m이내공원수":7,
            "3km이내혐오시설수":0,
            "초등학교학업성취도":90.42,
            "중학교학업성취도":82.1,
            "용적률":218,
            "건폐율":18,
            "Y":35.180196,
            "X":128.068135,
            "rank":51.0,
            "area_info":"22평(73.79), 22평(74.29), 31평(105.28), 43평(142.35)",
            "last_sales":"2021-12-18,29000.0,43평(142.35)"
        },
        {
            "index":21,
            "아파트명":"시티프라디움",
            "투자타입":"일반",
            "전용면적(m2)":"112.63",
            "전용면적(평)":"34평",
            "법정동주소":"경상남도 진주시 가좌동 2058",
            "도로명주소":"경상남도 진주시 진주역로 114",
            "세대수":50,
            "입주년차":100,
            "용적률점수":"--",
            "건폐율점수":"--",
            "세대당주차수":60,
            "난방방식":30,
            "공급면적":"--",
            "전용률":"--",
            "욕실수":100,
            "현관타입":100,
            "주거총점":69.5,
            "지역구공급총점":100.0,
            "역세권":"NA",
            "30분내 이동가능 거점":"NA",
            "1시간내 이동가능 거점":"NA",
            "교통총점":"NA",
            "백화점":0,
            "아울렛몰":80,
            "대형마트":0,
            "은행":0,
            "병원":0,
            "종합병원":100,
            "공원":80,
            "혐오시설":0,
            "인프라총점":30.4,
            "초등학군":98.22,
            "중학군":42.4,
            "학군총점":53.564,
            "인구수":38.4,
            "인구증감":2.33,
            "인구총점":27.579,
            "일자리":16.8,
            "소득수준":61.15,
            "일자리총점":30.105,
            "가치 총점":49.876,
            "매매실거래년":20200804.0,
            "매매실거래가":31160.0,
            "전세실거래년":null,
            "전세실거래가":null,
            "전세가율":null,
            "장기전세가율평균":78.0,
            "전세가율거품지수":null,
            "검색코드":120059,
            "세대수":407,
            "준공년월":"2020-07-10",
            "준공년차":3,
            "가까운역이름":"NA",
            "가까운역거리":"NA",
            "역세권여부":"NA",
            "30분이내주요거점역":"NA",
            "1시간이내주요거점역":"NA",
            "3km이내백화점수":0,
            "5km이내아울렛몰수":1,
            "1km이내대형먀트수":0,
            "500m이내은행수":0,
            "500m이내병원수":1,
            "5km이내대형병원수":4,
            "500m이내공원수":1,
            "3km이내혐오시설수":0,
            "초등학교학업성취도":98.22,
            "중학교학업성취도":70.4,
            "용적률":450,
            "건폐율":76,
            "Y":35.150955,
            "X":128.115785,
            "rank":52.0,
            "area_info":"34평(112.63), 34평(113.59)",
            "last_sales":"2020-08-04,31160.0,34평(112.63)"
        },
        {
            "index":457,
            "아파트명":"칠암대덕",
            "투자타입":"일반",
            "전용면적(m2)":"36.86",
            "전용면적(평)":"11평",
            "법정동주소":"경상남도 진주시 칠암동 507-1",
            "도로명주소":"경상남도 진주시 진주대로942번길 16",
            "세대수":0,
            "입주년차":40,
            "용적률점수":"--",
            "건폐율점수":"--",
            "세대당주차수":0,
            "난방방식":30,
            "공급면적":"--",
            "전용률":"--",
            "욕실수":50,
            "현관타입":100,
            "주거총점":26.0,
            "지역구공급총점":100.0,
            "역세권":"NA",
            "30분내 이동가능 거점":"NA",
            "1시간내 이동가능 거점":"NA",
            "교통총점":"NA",
            "백화점":100,
            "아울렛몰":80,
            "대형마트":0,
            "은행":0,
            "병원":60,
            "종합병원":100,
            "공원":100,
            "혐오시설":0,
            "인프라총점":67.0,
            "초등학군":85.24,
            "중학군":46.76,
            "학군총점":54.456,
            "인구수":38.4,
            "인구증감":2.33,
            "인구총점":27.579,
            "일자리":16.8,
            "소득수준":61.15,
            "일자리총점":30.105,
            "가치 총점":49.514,
            "매매실거래년":20211122.0,
            "매매실거래가":13500.0,
            "전세실거래년":20200518.0,
            "전세실거래가":5000.0,
            "전세가율":72.46,
            "장기전세가율평균":78.0,
            "전세가율거품지수":5.54,
            "검색코드":17755,
            "세대수":159,
            "준공년월":"2004-12-10",
            "준공년차":19,
            "가까운역이름":"NA",
            "가까운역거리":"NA",
            "역세권여부":"NA",
            "30분이내주요거점역":"NA",
            "1시간이내주요거점역":"NA",
            "3km이내백화점수":1,
            "5km이내아울렛몰수":1,
            "1km이내대형먀트수":0,
            "500m이내은행수":0,
            "500m이내병원수":15,
            "5km이내대형병원수":4,
            "500m이내공원수":2,
            "3km이내혐오시설수":0,
            "초등학교학업성취도":85.24,
            "중학교학업성취도":76.2,
            "용적률":0,
            "건폐율":0,
            "Y":35.18427,
            "X":128.09009,
            "rank":53.0,
            "area_info":"11평(36.86), 16평(55.42), 21평(70.35), 22평(74.5), 31평(103.89), 31평(105.24)",
            "last_sales":"2021-11-22,13500.0,22평(74.5)"
        },
        {
            "index":448,
            "아파트명":"혁신도시LH9단지",
            "투자타입":"일반",
            "전용면적(m2)":"82.44",
            "전용면적(평)":"24평",
            "법정동주소":"경상남도 진주시 충무공동 302",
            "도로명주소":"경상남도 진주시 사들로 13",
            "세대수":50,
            "입주년차":80,
            "용적률점수":"--",
            "건폐율점수":"--",
            "세대당주차수":30,
            "난방방식":100,
            "공급면적":"--",
            "전용률":"--",
            "욕실수":100,
            "현관타입":100,
            "주거총점":68.0,
            "지역구공급총점":100.0,
            "역세권":"NA",
            "30분내 이동가능 거점":"NA",
            "1시간내 이동가능 거점":"NA",
            "교통총점":"NA",
            "백화점":0,
            "아울렛몰":80,
            "대형마트":0,
            "은행":0,
            "병원":30,
            "종합병원":100,
            "공원":100,
            "혐오시설":0,
            "인프라총점":34.0,
            "초등학군":100.0,
            "중학군":34.98,
            "학군총점":47.984,
            "인구수":38.4,
            "인구증감":2.33,
            "인구총점":27.579,
            "일자리":16.8,
            "소득수준":61.15,
            "일자리총점":30.105,
            "가치 총점":49.396,
            "매매실거래년":20220107.0,
            "매매실거래가":36200.0,
            "전세실거래년":20220104.0,
            "전세실거래가":18900.0,
            "전세가율":52.21,
            "장기전세가율평균":78.0,
            "전세가율거품지수":25.79,
            "검색코드":110637,
            "세대수":630,
            "준공년월":"2017-05-24",
            "준공년차":6,
            "가까운역이름":"NA",
            "가까운역거리":"NA",
            "역세권여부":"NA",
            "30분이내주요거점역":"NA",
            "1시간이내주요거점역":"NA",
            "3km이내백화점수":0,
            "5km이내아울렛몰수":1,
            "1km이내대형먀트수":0,
            "500m이내은행수":1,
            "500m이내병원수":5,
            "5km이내대형병원수":3,
            "500m이내공원수":6,
            "3km이내혐오시설수":0,
            "초등학교학업성취도":100.0,
            "중학교학업성취도":58.3,
            "용적률":187,
            "건폐율":15,
            "Y":35.17141,
            "X":128.144992,
            "rank":54.0,
            "area_info":"24평(82.44), 24평(82.44), 24평(82.44), 24평(82.44)",
            "last_sales":"2022-01-07,36200.0,24평(82.44)"
        },
        {
            "index":563,
            "아파트명":"평거휴먼시아4단지",
            "투자타입":"일반",
            "전용면적(m2)":"80.96",
            "전용면적(평)":"24평",
            "법정동주소":"경상남도 진주시 평거동 797",
            "도로명주소":"경상남도 진주시 새평거로 75",
            "세대수":80,
            "입주년차":60,
            "용적률점수":"--",
            "건폐율점수":"--",
            "세대당주차수":30,
            "난방방식":30,
            "공급면적":"--",
            "전용률":"--",
            "욕실수":100,
            "현관타입":100,
            "주거총점":67.5,
            "지역구공급총점":100.0,
            "역세권":"NA",
            "30분내 이동가능 거점":"NA",
            "1시간내 이동가능 거점":"NA",
            "교통총점":"NA",
            "백화점":0,
            "아울렛몰":0,
            "대형마트":0,
            "은행":0,
            "병원":30,
            "종합병원":100,
            "공원":100,
            "혐오시설":0,
            "인프라총점":26.0,
            "초등학군":86.52,
            "중학군":53.74,
            "학군총점":60.296,
            "인구수":38.4,
            "인구증감":2.33,
            "인구총점":27.579,
            "일자리":16.8,
            "소득수준":61.15,
            "일자리총점":30.105,
            "가치 총점":49.099,
            "매매실거래년":20211206.0,
            "매매실거래가":35900.0,
            "전세실거래년":20211129.0,
            "전세실거래가":19500.0,
            "전세가율":66.1,
            "장기전세가율평균":78.0,
            "전세가율거품지수":11.9,
            "검색코드":103569,
            "세대수":706,
            "준공년월":"2011-09-21",
            "준공년차":12,
            "가까운역이름":"NA",
            "가까운역거리":"NA",
            "역세권여부":"NA",
            "30분이내주요거점역":"NA",
            "1시간이내주요거점역":"NA",
            "3km이내백화점수":0,
            "5km이내아울렛몰수":0,
            "1km이내대형먀트수":0,
            "500m이내은행수":0,
            "500m이내병원수":6,
            "5km이내대형병원수":3,
            "500m이내공원수":4,
            "3km이내혐오시설수":0,
            "초등학교학업성취도":86.52,
            "중학교학업성취도":88.5,
            "용적률":168,
            "건폐율":20,
            "Y":35.168087,
            "X":128.055062,
            "rank":55.0,
            "area_info":"24평(80.96), 34평(112.95), 33평(112.32), 34평(112.75), 34평(113.0)",
            "last_sales":"2021-12-06,35900.0,34평(113.0)"
        },
        {
            "index":4,
            "아파트명":"가호에일린의뜰",
            "투자타입":"일반",
            "전용면적(m2)":"101.47",
            "전용면적(평)":"30평",
            "법정동주소":"경상남도 진주시 가좌동 1936",
            "도로명주소":"경상남도 진주시 강변길 31",
            "세대수":30,
            "입주년차":60,
            "용적률점수":"--",
            "건폐율점수":"--",
            "세대당주차수":30,
            "난방방식":30,
            "공급면적":"--",
            "전용률":"--",
            "욕실수":100,
            "현관타입":100,
            "주거총점":50.0,
            "지역구공급총점":100.0,
            "역세권":"NA",
            "30분내 이동가능 거점":"NA",
            "1시간내 이동가능 거점":"NA",
            "교통총점":"NA",
            "백화점":0,
            "아울렛몰":80,
            "대형마트":80,
            "은행":0,
            "병원":30,
            "종합병원":100,
            "공원":100,
            "혐오시설":0,
            "인프라총점":46.0,
            "초등학군":87.99,
            "중학군":42.4,
            "학군총점":51.518,
            "인구수":38.4,
            "인구증감":2.33,
            "인구총점":27.579,
            "일자리":16.8,
            "소득수준":61.15,
            "일자리총점":30.105,
            "가치 총점":48.7795,
            "매매실거래년":20211120.0,
            "매매실거래가":41500.0,
            "전세실거래년":20211009.0,
            "전세실거래가":16800.0,
            "전세가율":54.55,
            "장기전세가율평균":78.0,
            "전세가율거품지수":23.45,
            "검색코드":103572,
            "세대수":369,
            "준공년월":"2012-06-25",
            "준공년차":11,
            "가까운역이름":"NA",
            "가까운역거리":"NA",
            "역세권여부":"NA",
            "30분이내주요거점역":"NA",
            "1시간이내주요거점역":"NA",
            "3km이내백화점수":0,
            "5km이내아울렛몰수":1,
            "1km이내대형먀트수":1,
            "500m이내은행수":0,
            "500m이내병원수":7,
            "5km이내대형병원수":4,
            "500m이내공원수":4,
            "3km이내혐오시설수":0,
            "초등학교학업성취도":87.99,
            "중학교학업성취도":70.4,
            "용적률":209,
            "건폐율":15,
            "Y":35.165842,
            "X":128.108981,
            "rank":56.0,
            "area_info":"30평(101.47), 34평(115.58), 38평(128.56), 45평(151.92)",
            "last_sales":"2021-11-20,41500.0,38평(128.56)"
        },
        {
            "index":374,
            "아파트명":"초전해모로루비채2단지",
            "투자타입":"일반",
            "전용면적(m2)":"99.03",
            "전용면적(평)":"29평",
            "법정동주소":"경상남도 진주시 초전동 1667",
            "도로명주소":"경상남도 진주시 초북로 88",
            "세대수":50,
            "입주년차":80,
            "용적률점수":"--",
            "건폐율점수":"--",
            "세대당주차수":30,
            "난방방식":30,
            "공급면적":"--",
            "전용률":"--",
            "욕실수":100,
            "현관타입":100,
            "주거총점":61.0,
            "지역구공급총점":100.0,
            "역세권":"NA",
            "30분내 이동가능 거점":"NA",
            "1시간내 이동가능 거점":"NA",
            "교통총점":"NA",
            "백화점":0,
            "아울렛몰":80,
            "대형마트":0,
            "은행":0,
            "병원":10,
            "종합병원":100,
            "공원":100,
            "혐오시설":0,
            "인프라총점":32.0,
            "초등학군":89.85,
            "중학군":50.62,
            "학군총점":58.466,
            "인구수":38.4,
            "인구증감":2.33,
            "인구총점":27.579,
            "일자리":16.8,
            "소득수준":61.15,
            "일자리총점":30.105,
            "가치 총점":48.7665,
            "매매실거래년":20220112.0,
            "매매실거래가":35500.0,
            "전세실거래년":20211103.0,
            "전세실거래가":24000.0,
            "전세가율":67.61,
            "장기전세가율평균":78.0,
            "전세가율거품지수":10.39,
            "검색코드":104046,
            "세대수":564,
            "준공년월":"2014-08-11",
            "준공년차":9,
            "가까운역이름":"NA",
            "가까운역거리":"NA",
            "역세권여부":"NA",
            "30분이내주요거점역":"NA",
            "1시간이내주요거점역":"NA",
            "3km이내백화점수":0,
            "5km이내아울렛몰수":1,
            "1km이내대형먀트수":0,
            "500m이내은행수":0,
            "500m이내병원수":4,
            "5km이내대형병원수":3,
            "500m이내공원수":4,
            "3km이내혐오시설수":0,
            "초등학교학업성취도":89.85,
            "중학교학업성취도":83.7,
            "용적률":238,
            "건폐율":19,
            "Y":35.214917,
            "X":128.10785,
            "rank":57.0,
            "area_info":"29평(99.03), 33평(112.14), 33평(112.23), 34평(115.42)",
            "last_sales":"2022-01-12,35500.0,29평(99.03)"
        },
        {
            "index":452,
            "아파트명":"휴앤인엘리시움",
            "투자타입":"일반",
            "전용면적(m2)":"118.88",
            "전용면적(평)":"35평",
            "법정동주소":"경상남도 진주시 충무공동 134",
            "도로명주소":"경상남도 진주시 에나로 100",
            "세대수":0,
            "입주년차":100,
            "용적률점수":"--",
            "건폐율점수":"--",
            "세대당주차수":30,
            "난방방식":100,
            "공급면적":"--",
            "전용률":"--",
            "욕실수":100,
            "현관타입":100,
            "주거총점":54.5,
            "지역구공급총점":100.0,
            "역세권":"NA",
            "30분내 이동가능 거점":"NA",
            "1시간내 이동가능 거점":"NA",
            "교통총점":"NA",
            "백화점":0,
            "아울렛몰":80,
            "대형마트":80,
            "은행":0,
            "병원":10,
            "종합병원":100,
            "공원":100,
            "혐오시설":0,
            "인프라총점":44.0,
            "초등학군":100.0,
            "중학군":34.98,
            "학군총점":47.984,
            "인구수":38.4,
            "인구증감":2.33,
            "인구총점":27.579,
            "일자리":16.8,
            "소득수준":61.15,
            "일자리총점":30.105,
            "가치 총점":48.671,
            "매매실거래년":20211016.0,
            "매매실거래가":57000.0,
            "전세실거래년":20210515.0,
            "전세실거래가":15400.0,
            "전세가율":32.77,
            "장기전세가율평균":78.0,
            "전세가율거품지수":45.23,
            "검색코드":115522,
            "세대수":190,
            "준공년월":"2019-03-19",
            "준공년차":4,
            "가까운역이름":"NA",
            "가까운역거리":"NA",
            "역세권여부":"NA",
            "30분이내주요거점역":"NA",
            "1시간이내주요거점역":"NA",
            "3km이내백화점수":0,
            "5km이내아울렛몰수":1,
            "1km이내대형먀트수":1,
            "500m이내은행수":0,
            "500m이내병원수":2,
            "5km이내대형병원수":4,
            "500m이내공원수":7,
            "3km이내혐오시설수":0,
            "초등학교학업성취도":100.0,
            "중학교학업성취도":58.3,
            "용적률":406,
            "건폐율":49,
            "Y":35.176937,
            "X":128.140066,
            "rank":58.0,
            "area_info":"35평(118.88), 35평(118.7), 36평(121.03), 46평(154.5), 47평(157.25)",
            "last_sales":"2021-10-16,57000.0,47평(157.25)"
        },
        {
            "index":96,
            "아파트명":"남강휴먼빌",
            "투자타입":"일반",
            "전용면적(m2)":"113.57",
            "전용면적(평)":"34평",
            "법정동주소":"경상남도 진주시 내동면 독산리 1104",
            "도로명주소":"경상남도 진주시 순환로 425-61",
            "세대수":90,
            "입주년차":60,
            "용적률점수":"--",
            "건폐율점수":"--",
            "세대당주차수":60,
            "난방방식":30,
            "공급면적":"--",
            "전용률":"--",
            "욕실수":100,
            "현관타입":100,
            "주거총점":75.5,
            "지역구공급총점":100.0,
            "역세권":"NA",
            "30분내 이동가능 거점":"NA",
            "1시간내 이동가능 거점":"NA",
            "교통총점":"NA",
            "백화점":0,
            "아울렛몰":0,
            "대형마트":0,
            "은행":0,
            "병원":0,
            "종합병원":100,
            "공원":0,
            "혐오시설":0,
            "인프라총점":20.0,
            "초등학군":89.13,
            "중학군":48.1,
            "학군총점":56.306,
            "인구수":38.4,
            "인구증감":2.33,
            "인구총점":27.579,
            "일자리":16.8,
            "소득수준":61.15,
            "일자리총점":30.105,
            "가치 총점":48.5015,
            "매매실거래년":20220115.0,
            "매매실거래가":29200.0,
            "전세실거래년":20220105.0,
            "전세실거래가":25000.0,
            "전세가율":85.62,
            "장기전세가율평균":78.0,
            "전세가율거품지수":-7.62,
            "검색코드":104089,
            "세대수":916,
            "준공년월":"2010-03-31",
            "준공년차":13,
            "가까운역이름":"NA",
            "가까운역거리":"NA",
            "역세권여부":"NA",
            "30분이내주요거점역":"NA",
            "1시간이내주요거점역":"NA",
            "3km이내백화점수":0,
            "5km이내아울렛몰수":0,
            "1km이내대형먀트수":0,
            "500m이내은행수":0,
            "500m이내병원수":0,
            "5km이내대형병원수":3,
            "500m이내공원수":0,
            "3km이내혐오시설수":0,
            "초등학교학업성취도":89.13,
            "중학교학업성취도":78.9,
            "용적률":267,
            "건폐율":13,
            "Y":35.162331,
            "X":128.065837,
            "rank":59.0,
            "area_info":"34평(113.57), 35평(116.38), 35평(117.82), 47평(156.84), 52평(173.68), 59평(197.18)",
            "last_sales":"2022-01-15,29200.0,34평(113.57)"
        },
        {
            "index":31,
            "아파트명":"포레나신진주",
            "투자타입":"일반",
            "전용면적(m2)":"119.39",
            "전용면적(평)":"36평",
            "법정동주소":"경상남도 진주시 가좌동 2056",
            "도로명주소":"경상남도 진주시 진주역로96번길 15",
            "세대수":50,
            "입주년차":100,
            "용적률점수":"--",
            "건폐율점수":"--",
            "세대당주차수":30,
            "난방방식":30,
            "공급면적":"--",
            "전용률":"--",
            "욕실수":100,
            "현관타입":100,
            "주거총점":65.0,
            "지역구공급총점":100.0,
            "역세권":"NA",
            "30분내 이동가능 거점":"NA",
            "1시간내 이동가능 거점":"NA",
            "교통총점":"NA",
            "백화점":0,
            "아울렛몰":80,
            "대형마트":0,
            "은행":0,
            "병원":0,
            "종합병원":100,
            "공원":80,
            "혐오시설":0,
            "인프라총점":30.4,
            "초등학군":98.22,
            "중학군":42.4,
            "학군총점":53.564,
            "인구수":38.4,
            "인구증감":2.33,
            "인구총점":27.579,
            "일자리":16.8,
            "소득수준":61.15,
            "일자리총점":30.105,
            "가치 총점":48.301,
            "매매실거래년":20190826.0,
            "매매실거래가":65260.0,
            "전세실거래년":null,
            "전세실거래가":null,
            "전세가율":null,
            "장기전세가율평균":78.0,
            "전세가율거품지수":null,
            "검색코드":116846,
            "세대수":424,
            "준공년월":"2020-01-01",
            "준공년차":3,
            "가까운역이름":"NA",
            "가까운역거리":"NA",
            "역세권여부":"NA",
            "30분이내주요거점역":"NA",
            "1시간이내주요거점역":"NA",
            "3km이내백화점수":0,
            "5km이내아울렛몰수":1,
            "1km이내대형먀트수":0,
            "500m이내은행수":0,
            "500m이내병원수":1,
            "5km이내대형병원수":4,
            "500m이내공원수":1,
            "3km이내혐오시설수":0,
            "초등학교학업성취도":98.22,
            "중학교학업성취도":70.4,
            "용적률":0,
            "건폐율":0,
            "Y":35.150887,
            "X":128.114989,
            "rank":60.0,
            "area_info":"36평(119.39), 36평(119.5), 45평(148.9)",
            "last_sales":"2019-08-26,65260.0,45평(148.9)"
        },
        {
            "index":245,
            "아파트명":"한보타워맨션",
            "투자타입":"재건축",
            "전용면적(m2)":"97.98",
            "전용면적(평)":"29평",
            "법정동주소":"경상남도 진주시 신안동 28-4",
            "도로명주소":"경상남도 진주시 남강로491번길 12",
            "세대수":0,
            "입주년차":"--",
            "용적률점수":0,
            "건폐율점수":80,
            "세대당주차수":"--",
            "난방방식":"--",
            "공급면적":70,
            "전용률":80,
            "욕실수":"--",
            "현관타입":"--",
            "주거총점":23.5,
            "지역구공급총점":100.0,
            "역세권":"NA",
            "30분내 이동가능 거점":"NA",
            "1시간내 이동가능 거점":"NA",
            "교통총점":"NA",
            "백화점":100,
            "아울렛몰":0,
            "대형마트":0,
            "은행":70,
            "병원":30,
            "종합병원":100,
            "공원":80,
            "혐오시설":0,
            "인프라총점":62.4,
            "초등학군":90.42,
            "중학군":49.38,
            "학군총점":57.588,
            "인구수":38.4,
            "인구증감":2.33,
            "인구총점":27.579,
            "일자리":16.8,
            "소득수준":61.15,
            "일자리총점":30.105,
            "가치 총점":47.582,
            "매매실거래년":20211223.0,
            "매매실거래가":13000.0,
            "전세실거래년":null,
            "전세실거래가":null,
            "전세가율":null,
            "장기전세가율평균":78.0,
            "전세가율거품지수":null,
            "검색코드":15667,
            "세대수":132,
            "준공년월":"1991-01-23",
            "준공년차":32,
            "가까운역이름":"NA",
            "가까운역거리":"NA",
            "역세권여부":"NA",
            "30분이내주요거점역":"NA",
            "1시간이내주요거점역":"NA",
            "3km이내백화점수":1,
            "5km이내아울렛몰수":0,
            "1km이내대형먀트수":0,
            "500m이내은행수":3,
            "500m이내병원수":7,
            "5km이내대형병원수":3,
            "500m이내공원수":1,
            "3km이내혐오시설수":0,
            "초등학교학업성취도":90.42,
            "중학교학업성취도":82.1,
            "용적률":261,
            "건폐율":24,
            "Y":35.182582,
            "X":128.072573,
            "rank":61.0,
            "area_info":"29평(97.98), 29평(97.13), 30평(100.08), 30평(101.31), 30평(101.88), 31평(103.67)",
            "last_sales":"2021-12-23,13000.0,29평(97.98)"
        },
        {
            "index":0,
            "아파트명":"가좌그린빌주공",
            "투자타입":"일반",
            "전용면적(m2)":"67.74",
            "전용면적(평)":"20평",
            "법정동주소":"경상남도 진주시 가좌동 573-1",
            "도로명주소":"경상남도 진주시 내동로348번길 10",
            "세대수":90,
            "입주년차":40,
            "용적률점수":"--",
            "건폐율점수":"--",
            "세대당주차수":0,
            "난방방식":30,
            "공급면적":"--",
            "전용률":"--",
            "욕실수":50,
            "현관타입":100,
            "주거총점":57.5,
            "지역구공급총점":100.0,
            "역세권":"NA",
            "30분내 이동가능 거점":"NA",
            "1시간내 이동가능 거점":"NA",
            "교통총점":"NA",
            "백화점":0,
            "아울렛몰":80,
            "대형마트":0,
            "은행":0,
            "병원":0,
            "종합병원":100,
            "공원":100,
            "혐오시설":0,
            "인프라총점":31.0,
            "초등학군":98.22,
            "중학군":48.68,
            "학군총점":58.588,
            "인구수":38.4,
            "인구증감":2.33,
            "인구총점":27.579,
            "일자리":16.8,
            "소득수준":61.15,
            "일자리총점":30.105,
            "가치 총점":47.172,
            "매매실거래년":20220115.0,
            "매매실거래가":27400.0,
            "전세실거래년":20220116.0,
            "전세실거래가":16500.0,
            "전세가율":94.29,
            "장기전세가율평균":78.0,
            "전세가율거품지수":-16.29,
            "검색코드":17372,
            "세대수":1372,
            "준공년월":"2005-12-19",
            "준공년차":18,
            "가까운역이름":"NA",
            "가까운역거리":"NA",
            "역세권여부":"NA",
            "30분이내주요거점역":"NA",
            "1시간이내주요거점역":"NA",
            "3km이내백화점수":0,
            "5km이내아울렛몰수":1,
            "1km이내대형먀트수":0,
            "500m이내은행수":1,
            "500m이내병원수":1,
            "5km이내대형병원수":4,
            "500m이내공원수":3,
            "3km이내혐오시설수":0,
            "초등학교학업성취도":98.22,
            "중학교학업성취도":79.8,
            "용적률":190,
            "건폐율":14,
            "Y":35.148713,
            "X":128.101419,
            "rank":62.0,
            "area_info":"20평(67.74), 23평(77.6), 35평(117.21)",
            "last_sales":"2022-01-15,27400.0,35평(117.21)"
        },
        {
            "index":539,
            "아파트명":"진주평거엘크루",
            "투자타입":"일반",
            "전용면적(m2)":"95.94",
            "전용면적(평)":"29평",
            "법정동주소":"경상남도 진주시 평거동 919",
            "도로명주소":"경상남도 진주시 새평거로 112",
            "세대수":50,
            "입주년차":80,
            "용적률점수":"--",
            "건폐율점수":"--",
            "세대당주차수":30,
            "난방방식":30,
            "공급면적":"--",
            "전용률":"--",
            "욕실수":100,
            "현관타입":100,
            "주거총점":61.0,
            "지역구공급총점":100.0,
            "역세권":"NA",
            "30분내 이동가능 거점":"NA",
            "1시간내 이동가능 거점":"NA",
            "교통총점":"NA",
            "백화점":0,
            "아울렛몰":0,
            "대형마트":0,
            "은행":0,
            "병원":60,
            "종합병원":100,
            "공원":100,
            "혐오시설":0,
            "인프라총점":29.0,
            "초등학군":86.52,
            "중학군":48.1,
            "학군총점":55.784,
            "인구수":38.4,
            "인구증감":2.33,
            "인구총점":27.579,
            "일자리":16.8,
            "소득수준":61.15,
            "일자리총점":30.105,
            "가치 총점":46.896,
            "매매실거래년":20211230.0,
            "매매실거래가":36500.0,
            "전세실거래년":20210818.0,
            "전세실거래가":30000.0,
            "전세가율":82.19,
            "장기전세가율평균":78.0,
            "전세가율거품지수":-4.19,
            "검색코드":109894,
            "세대수":472,
            "준공년월":"2016-12-20",
            "준공년차":7,
            "가까운역이름":"NA",
            "가까운역거리":"NA",
            "역세권여부":"NA",
            "30분이내주요거점역":"NA",
            "1시간이내주요거점역":"NA",
            "3km이내백화점수":0,
            "5km이내아울렛몰수":0,
            "1km이내대형먀트수":0,
            "500m이내은행수":0,
            "500m이내병원수":25,
            "5km이내대형병원수":3,
            "500m이내공원수":3,
            "3km이내혐오시설수":0,
            "초등학교학업성취도":86.52,
            "중학교학업성취도":78.9,
            "용적률":168,
            "건폐율":20,
            "Y":35.169291,
            "X":128.060327,
            "rank":63.0,
            "area_info":"29평(95.94), 33평(111.47), 33평(112.3), 39평(129.38)",
            "last_sales":"2021-12-30,36500.0,29평(95.94)"
        },
        {
            "index":34,
            "아파트명":"강남한주한보타운",
            "투자타입":"일반",
            "전용면적(m2)":"85.58",
            "전용면적(평)":"25평",
            "법정동주소":"경상남도 진주시 강남동 170",
            "도로명주소":"경상남도 진주시 망경로296번길 17",
            "세대수":0,
            "입주년차":0,
            "용적률점수":"--",
            "건폐율점수":"--",
            "세대당주차수":60,
            "난방방식":30,
            "공급면적":"--",
            "전용률":"--",
            "욕실수":50,
            "현관타입":10,
            "주거총점":18.0,
            "지역구공급총점":100.0,
            "역세권":"NA",
            "30분내 이동가능 거점":"NA",
            "1시간내 이동가능 거점":"NA",
            "교통총점":"NA",
            "백화점":100,
            "아울렛몰":80,
            "대형마트":0,
            "은행":0,
            "병원":60,
            "종합병원":100,
            "공원":100,
            "혐오시설":0,
            "인프라총점":67.0,
            "초등학군":85.24,
            "중학군":46.76,
            "학군총점":54.456,
            "인구수":38.4,
            "인구증감":2.33,
            "인구총점":27.579,
            "일자리":16.8,
            "소득수준":61.15,
            "일자리총점":30.105,
            "가치 총점":46.714,
            "매매실거래년":20211229.0,
            "매매실거래가":18300.0,
            "전세실거래년":20211108.0,
            "전세실거래가":10000.0,
            "전세가율":85.11,
            "장기전세가율평균":78.0,
            "전세가율거품지수":-7.11,
            "검색코드":7205,
            "세대수":279,
            "준공년월":"1995-05-29",
            "준공년차":28,
            "가까운역이름":"NA",
            "가까운역거리":"NA",
            "역세권여부":"NA",
            "30분이내주요거점역":"NA",
            "1시간이내주요거점역":"NA",
            "3km이내백화점수":1,
            "5km이내아울렛몰수":1,
            "1km이내대형먀트수":0,
            "500m이내은행수":0,
            "500m이내병원수":15,
            "5km이내대형병원수":4,
            "500m이내공원수":5,
            "3km이내혐오시설수":0,
            "초등학교학업성취도":85.24,
            "중학교학업성취도":76.2,
            "용적률":301,
            "건폐율":27,
            "Y":35.184241,
            "X":128.086552,
            "rank":64.0,
            "area_info":"25평(85.58), 27평(92.22), 31평(104.52), 44평(146.48)",
            "last_sales":"2021-12-29,18300.0,31평(104.52)"
        },
        {
            "index":25,
            "아파트명":"진주가좌주공",
            "투자타입":"일반",
            "전용면적(m2)":"51.81",
            "전용면적(평)":"15평",
            "법정동주소":"경상남도 진주시 가좌동 660",
            "도로명주소":"경상남도 진주시 가호로 26",
            "세대수":100,
            "입주년차":0,
            "용적률점수":"--",
            "건폐율점수":"--",
            "세대당주차수":0,
            "난방방식":30,
            "공급면적":"--",
            "전용률":"--",
            "욕실수":50,
            "현관타입":10,
            "주거총점":44.0,
            "지역구공급총점":100.0,
            "역세권":"NA",
            "30분내 이동가능 거점":"NA",
            "1시간내 이동가능 거점":"NA",
            "교통총점":"NA",
            "백화점":0,
            "아울렛몰":80,
            "대형마트":80,
            "은행":0,
            "병원":30,
            "종합병원":100,
            "공원":100,
            "혐오시설":0,
            "인프라총점":46.0,
            "초등학군":87.99,
            "중학군":42.4,
            "학군총점":51.518,
            "인구수":38.4,
            "인구증감":2.33,
            "인구총점":27.579,
            "일자리":16.8,
            "소득수준":61.15,
            "일자리총점":30.105,
            "가치 총점":46.6795,
            "매매실거래년":20220101.0,
            "매매실거래가":15400.0,
            "전세실거래년":20220112.0,
            "전세실거래가":7500.0,
            "전세가율":69.44,
            "장기전세가율평균":78.0,
            "전세가율거품지수":8.56,
            "검색코드":7184,
            "세대수":2157,
            "준공년월":"1993-11-11",
            "준공년차":30,
            "가까운역이름":"NA",
            "가까운역거리":"NA",
            "역세권여부":"NA",
            "30분이내주요거점역":"NA",
            "1시간이내주요거점역":"NA",
            "3km이내백화점수":0,
            "5km이내아울렛몰수":1,
            "1km이내대형먀트수":1,
            "500m이내은행수":0,
            "500m이내병원수":9,
            "5km이내대형병원수":4,
            "500m이내공원수":6,
            "3km이내혐오시설수":0,
            "초등학교학업성취도":87.99,
            "중학교학업성취도":70.4,
            "용적률":0,
            "건폐율":0,
            "Y":35.162173,
            "X":128.109866,
            "rank":65.0,
            "area_info":"15평(51.81), 17평(57.17), 18평(60.34), 18평(60.27), 20평(69.12), 22평(72.95)",
            "last_sales":"2022-01-01,15400.0,22평(72.95)"
        },
        {
            "index":543,
            "아파트명":"진주평거우방아이유쉘스카이팰리스",
            "투자타입":"일반",
            "전용면적(m2)":"66.79",
            "전용면적(평)":"20평",
            "법정동주소":"경상남도 진주시 평거동 1137",
            "도로명주소":"경상남도 진주시 진양호로 221",
            "세대수":30,
            "입주년차":100,
            "용적률점수":"--",
            "건폐율점수":"--",
            "세대당주차수":60,
            "난방방식":30,
            "공급면적":"--",
            "전용률":"--",
            "욕실수":50,
            "현관타입":100,
            "주거총점":57.5,
            "지역구공급총점":100.0,
            "역세권":"NA",
            "30분내 이동가능 거점":"NA",
            "1시간내 이동가능 거점":"NA",
            "교통총점":"NA",
            "백화점":0,
            "아울렛몰":0,
            "대형마트":0,
            "은행":0,
            "병원":80,
            "종합병원":100,
            "공원":100,
            "혐오시설":0,
            "인프라총점":31.0,
            "초등학군":90.15,
            "중학군":48.1,
            "학군총점":56.51,
            "인구수":38.4,
            "인구증감":2.33,
            "인구총점":27.579,
            "일자리":16.8,
            "소득수준":61.15,
            "일자리총점":30.105,
            "가치 총점":46.6525,
            "매매실거래년":20211024.0,
            "매매실거래가":42500.0,
            "전세실거래년":null,
            "전세실거래가":null,
            "전세가율":null,
            "장기전세가율평균":78.0,
            "전세가율거품지수":null,
            "검색코드":113092,
            "세대수":339,
            "준공년월":"2019-07-30",
            "준공년차":4,
            "가까운역이름":"NA",
            "가까운역거리":"NA",
            "역세권여부":"NA",
            "30분이내주요거점역":"NA",
            "1시간이내주요거점역":"NA",
            "3km이내백화점수":0,
            "5km이내아울렛몰수":0,
            "1km이내대형먀트수":0,
            "500m이내은행수":0,
            "500m이내병원수":34,
            "5km이내대형병원수":3,
            "500m이내공원수":2,
            "3km이내혐오시설수":0,
            "초등학교학업성취도":90.15,
            "중학교학업성취도":78.9,
            "용적률":666,
            "건폐율":68,
            "Y":35.174413,
            "X":128.060821,
            "rank":66.0,
            "area_info":"20평(66.79), 20평(67.35), 20평(67.07), 21평(70.7), 22평(73.04), 35평(117.24), 36평(119.64), 36평(121.25)",
            "last_sales":"2021-10-24,42500.0,36평(121.25)"
        },
        {
            "index":218,
            "아파트명":"그린타운",
            "투자타입":"재건축",
            "전용면적(m2)":"81.32",
            "전용면적(평)":"24평",
            "법정동주소":"경상남도 진주시 신안동 412",
            "도로명주소":"경상남도 진주시 석갑로156번길 19",
            "세대수":0,
            "입주년차":"--",
            "용적률점수":0,
            "건폐율점수":80,
            "세대당주차수":"--",
            "난방방식":"--",
            "공급면적":70,
            "전용률":60,
            "욕실수":"--",
            "현관타입":"--",
            "주거총점":22.5,
            "지역구공급총점":100.0,
            "역세권":"NA",
            "30분내 이동가능 거점":"NA",
            "1시간내 이동가능 거점":"NA",
            "교통총점":"NA",
            "백화점":100,
            "아울렛몰":0,
            "대형마트":0,
            "은행":20,
            "병원":60,
            "종합병원":100,
            "공원":100,
            "혐오시설":0,
            "인프라총점":61.0,
            "초등학군":88.92,
            "중학군":49.38,
            "학군총점":57.288,
            "인구수":38.4,
            "인구증감":2.33,
            "인구총점":27.579,
            "일자리":16.8,
            "소득수준":61.15,
            "일자리총점":30.105,
            "가치 총점":46.597,
            "매매실거래년":20220102.0,
            "매매실거래가":11000.0,
            "전세실거래년":20200522.0,
            "전세실거래가":6500.0,
            "전세가율":92.86,
            "장기전세가율평균":78.0,
            "전세가율거품지수":-14.86,
            "검색코드":16720,
            "세대수":112,
            "준공년월":"1992-03-13",
            "준공년차":31,
            "가까운역이름":"NA",
            "가까운역거리":"NA",
            "역세권여부":"NA",
            "30분이내주요거점역":"NA",
            "1시간이내주요거점역":"NA",
            "3km이내백화점수":1,
            "5km이내아울렛몰수":0,
            "1km이내대형먀트수":0,
            "500m이내은행수":2,
            "500m이내병원수":19,
            "5km이내대형병원수":3,
            "500m이내공원수":2,
            "3km이내혐오시설수":0,
            "초등학교학업성취도":88.92,
            "중학교학업성취도":82.1,
            "용적률":263,
            "건폐율":25,
            "Y":35.18303,
            "X":128.06433,
            "rank":67.0,
            "area_info":"24평(81.32), 28평(94.29), 30평(102.26), 30평(102.33)",
            "last_sales":"2022-01-02,11000.0,30평(102.26)"
        },
        {
            "index":687,
            "아파트명":"현대",
            "투자타입":"일반",
            "전용면적(m2)":"79.32",
            "전용면적(평)":"23평",
            "법정동주소":"경상남도 진주시 하대동 101",
            "도로명주소":"경상남도 진주시 하대로 142",
            "세대수":90,
            "입주년차":0,
            "용적률점수":"--",
            "건폐율점수":"--",
            "세대당주차수":0,
            "난방방식":80,
            "공급면적":"--",
            "전용률":"--",
            "욕실수":50,
            "현관타입":10,
            "주거총점":45.5,
            "지역구공급총점":100.0,
            "역세권":"NA",
            "30분내 이동가능 거점":"NA",
            "1시간내 이동가능 거점":"NA",
            "교통총점":"NA",
            "백화점":0,
            "아울렛몰":80,
            "대형마트":80,
            "은행":0,
            "병원":60,
            "종합병원":100,
            "공원":0,
            "혐오시설":0,
            "인프라총점":46.0,
            "초등학군":89.39,
            "중학군":38.78,
            "학군총점":48.902,
            "인구수":38.4,
            "인구증감":2.33,
            "인구총점":27.579,
            "일자리":16.8,
            "소득수준":61.15,
            "일자리총점":30.105,
            "가치 총점":46.5505,
            "매매실거래년":20211222.0,
            "매매실거래가":12000.0,
            "전세실거래년":20211222.0,
            "전세실거래가":12500.0,
            "전세가율":104.17,
            "장기전세가율평균":78.0,
            "전세가율거품지수":-26.17,
            "검색코드":15687,
            "세대수":1108,
            "준공년월":"1996-06-28",
            "준공년차":27,
            "가까운역이름":"NA",
            "가까운역거리":"NA",
            "역세권여부":"NA",
            "30분이내주요거점역":"NA",
            "1시간이내주요거점역":"NA",
            "3km이내백화점수":0,
            "5km이내아울렛몰수":1,
            "1km이내대형먀트수":1,
            "500m이내은행수":0,
            "500m이내병원수":19,
            "5km이내대형병원수":4,
            "500m이내공원수":0,
            "3km이내혐오시설수":0,
            "초등학교학업성취도":89.39,
            "중학교학업성취도":64.1,
            "용적률":324,
            "건폐율":58,
            "Y":35.19204,
            "X":128.12607,
            "rank":68.0,
            "area_info":"23평(79.32), 32평(105.96), 37평(123.71), 46평(154.76), 48평(159.47), 52평(173.57), 64평(214.79)",
            "last_sales":"2021-12-22,12000.0,23평(79.32)"
        },
        {
            "index":164,
            "아파트명":"화인",
            "투자타입":"일반",
            "전용면적(m2)":"83.94",
            "전용면적(평)":"25평",
            "법정동주소":"경상남도 진주시 상봉동 615-2",
            "도로명주소":"경상남도 진주시 상봉대룡길 18",
            "세대수":50,
            "입주년차":0,
            "용적률점수":"--",
            "건폐율점수":"--",
            "세대당주차수":0,
            "난방방식":30,
            "공급면적":"--",
            "전용률":"--",
            "욕실수":50,
            "현관타입":100,
            "주거총점":35.5,
            "지역구공급총점":100.0,
            "역세권":"NA",
            "30분내 이동가능 거점":"NA",
            "1시간내 이동가능 거점":"NA",
            "교통총점":"NA",
            "백화점":100,
            "아울렛몰":0,
            "대형마트":0,
            "은행":0,
            "병원":10,
            "종합병원":100,
            "공원":100,
            "혐오시설":0,
            "인프라총점":54.0,
            "초등학군":87.76,
            "중학군":39.36,
            "학군총점":49.04,
            "인구수":38.4,
            "인구증감":2.33,
            "인구총점":27.579,
            "일자리":16.8,
            "소득수준":61.15,
            "일자리총점":30.105,
            "가치 총점":46.285,
            "매매실거래년":20211214.0,
            "매매실거래가":9500.0,
            "전세실거래년":20111003.0,
            "전세실거래가":6900.0,
            "전세가율":72.63,
            "장기전세가율평균":78.0,
            "전세가율거품지수":5.37,
            "검색코드":7262,
            "세대수":459,
            "준공년월":"1994-06-07",
            "준공년차":29,
            "가까운역이름":"NA",
            "가까운역거리":"NA",
            "역세권여부":"NA",
            "30분이내주요거점역":"NA",
            "1시간이내주요거점역":"NA",
            "3km이내백화점수":1,
            "5km이내아울렛몰수":0,
            "1km이내대형먀트수":0,
            "500m이내은행수":0,
            "500m이내병원수":2,
            "5km이내대형병원수":3,
            "500m이내공원수":2,
            "3km이내혐오시설수":0,
            "초등학교학업성취도":87.76,
            "중학교학업성취도":65.6,
            "용적률":307,
            "건폐율":30,
            "Y":35.201767,
            "X":128.069109,
            "rank":69.0,
            "area_info":"25평(83.94), 26평(87.23), 27평(89.84), 28평(94.75), 30평(99.88), 30평(100.01), 31평(104.36), 37평(124.52), 39평(129.78)",
            "last_sales":"2021-12-14,9500.0,30평(100.01)"
        },
        {
            "index":23,
            "아파트명":"제일풍경채",
            "투자타입":"일반",
            "전용면적(m2)":"133.5",
            "전용면적(평)":"40평",
            "법정동주소":"경상남도 진주시 가좌동 479-1",
            "도로명주소":"경상남도 진주시 가좌안골길21번길 5",
            "세대수":0,
            "입주년차":40,
            "용적률점수":"--",
            "건폐율점수":"--",
            "세대당주차수":80,
            "난방방식":30,
            "공급면적":"--",
            "전용률":"--",
            "욕실수":100,
            "현관타입":100,
            "주거총점":43.0,
            "지역구공급총점":100.0,
            "역세권":"NA",
            "30분내 이동가능 거점":"NA",
            "1시간내 이동가능 거점":"NA",
            "교통총점":"NA",
            "백화점":0,
            "아울렛몰":80,
            "대형마트":80,
            "은행":0,
            "병원":10,
            "종합병원":100,
            "공원":100,
            "혐오시설":0,
            "인프라총점":44.0,
            "초등학군":98.22,
            "중학군":42.4,
            "학군총점":53.564,
            "인구수":38.4,
            "인구증감":2.33,
            "인구총점":27.579,
            "일자리":16.8,
            "소득수준":61.15,
            "일자리총점":30.105,
            "가치 총점":46.041,
            "매매실거래년":20211222.0,
            "매매실거래가":48500.0,
            "전세실거래년":20200214.0,
            "전세실거래가":26500.0,
            "전세가율":77.94,
            "장기전세가율평균":78.0,
            "전세가율거품지수":0.06,
            "검색코드":23958,
            "세대수":218,
            "준공년월":"2007-11-28",
            "준공년차":16,
            "가까운역이름":"NA",
            "가까운역거리":"NA",
            "역세권여부":"NA",
            "30분이내주요거점역":"NA",
            "1시간이내주요거점역":"NA",
            "3km이내백화점수":0,
            "5km이내아울렛몰수":1,
            "1km이내대형먀트수":1,
            "500m이내은행수":0,
            "500m이내병원수":3,
            "5km이내대형병원수":4,
            "500m이내공원수":2,
            "3km이내혐오시설수":0,
            "초등학교학업성취도":98.22,
            "중학교학업성취도":70.4,
            "용적률":210,
            "건폐율":18,
            "Y":35.154178,
            "X":128.108187,
            "rank":70.0,
            "area_info":"40평(133.5), 50평(165.44)",
            "last_sales":"2021-12-22,48500.0,50평(165.44)"
        },
        {
            "index":497,
            "아파트명":"들말한보타운",
            "투자타입":"일반",
            "전용면적(m2)":"77.12",
            "전용면적(평)":"23평",
            "법정동주소":"경상남도 진주시 평거동 192-1",
            "도로명주소":"경상남도 진주시 평거로39번길 9",
            "세대수":80,
            "입주년차":0,
            "용적률점수":"--",
            "건폐율점수":"--",
            "세대당주차수":30,
            "난방방식":80,
            "공급면적":"--",
            "전용률":"--",
            "욕실수":50,
            "현관타입":100,
            "주거총점":55.5,
            "지역구공급총점":100.0,
            "역세권":"NA",
            "30분내 이동가능 거점":"NA",
            "1시간내 이동가능 거점":"NA",
            "교통총점":"NA",
            "백화점":0,
            "아울렛몰":0,
            "대형마트":0,
            "은행":0,
            "병원":80,
            "종합병원":100,
            "공원":100,
            "혐오시설":0,
            "인프라총점":31.0,
            "초등학군":90.15,
            "중학군":48.1,
            "학군총점":56.51,
            "인구수":38.4,
            "인구증감":2.33,
            "인구총점":27.579,
            "일자리":16.8,
            "소득수준":61.15,
            "일자리총점":30.105,
            "가치 총점":45.9525,
            "매매실거래년":20211229.0,
            "매매실거래가":38800.0,
            "전세실거래년":20220103.0,
            "전세실거래가":17500.0,
            "전세가율":90.44,
            "장기전세가율평균":78.0,
            "전세가율거품지수":-12.44,
            "검색코드":7452,
            "세대수":791,
            "준공년월":"1997-12-02",
            "준공년차":26,
            "가까운역이름":"NA",
            "가까운역거리":"NA",
            "역세권여부":"NA",
            "30분이내주요거점역":"NA",
            "1시간이내주요거점역":"NA",
            "3km이내백화점수":0,
            "5km이내아울렛몰수":0,
            "1km이내대형먀트수":0,
            "500m이내은행수":0,
            "500m이내병원수":34,
            "5km이내대형병원수":3,
            "500m이내공원수":7,
            "3km이내혐오시설수":0,
            "초등학교학업성취도":90.15,
            "중학교학업성취도":78.9,
            "용적률":220,
            "건폐율":19,
            "Y":35.173546,
            "X":128.063431,
            "rank":71.0,
            "area_info":"23평(77.12), 28평(95.18), 31평(104.33), 43평(142.84), 52평(174.98)",
            "last_sales":"2021-12-29,38800.0,43평(142.84)"
        },
        {
            "index":660,
            "아파트명":"진주쌍용",
            "투자타입":"일반",
            "전용면적(m2)":"69.93",
            "전용면적(평)":"21평",
            "법정동주소":"경상남도 진주시 하대동 641-33",
            "도로명주소":"경상남도 진주시 말티고개로108번길 5",
            "세대수":0,
            "입주년차":0,
            "용적률점수":"--",
            "건폐율점수":"--",
            "세대당주차수":30,
            "난방방식":30,
            "공급면적":"--",
            "전용률":"--",
            "욕실수":50,
            "현관타입":100,
            "주거총점":22.5,
            "지역구공급총점":100.0,
            "역세권":"NA",
            "30분내 이동가능 거점":"NA",
            "1시간내 이동가능 거점":"NA",
            "교통총점":"NA",
            "백화점":100,
            "아울렛몰":80,
            "대형마트":0,
            "은행":0,
            "병원":0,
            "종합병원":100,
            "공원":0,
            "혐오시설":0,
            "인프라총점":58.0,
            "초등학군":87.37,
            "중학군":50.62,
            "학군총점":57.97,
            "인구수":38.4,
            "인구증감":2.33,
            "인구총점":27.579,
            "일자리":16.8,
            "소득수준":61.15,
            "일자리총점":30.105,
            "가치 총점":45.5675,
            "매매실거래년":20211125.0,
            "매매실거래가":15000.0,
            "전세실거래년":null,
            "전세실거래가":null,
            "전세가율":null,
            "장기전세가율평균":78.0,
            "전세가율거품지수":null,
            "검색코드":7525,
            "세대수":156,
            "준공년월":"1996-05-31",
            "준공년차":27,
            "가까운역이름":"NA",
            "가까운역거리":"NA",
            "역세권여부":"NA",
            "30분이내주요거점역":"NA",
            "1시간이내주요거점역":"NA",
            "3km이내백화점수":1,
            "5km이내아울렛몰수":1,
            "1km이내대형먀트수":0,
            "500m이내은행수":0,
            "500m이내병원수":1,
            "5km이내대형병원수":4,
            "500m이내공원수":0,
            "3km이내혐오시설수":0,
            "초등학교학업성취도":87.37,
            "중학교학업성취도":83.7,
            "용적률":0,
            "건폐율":0,
            "Y":35.196253,
            "X":128.113623,
            "rank":72.0,
            "area_info":"21평(69.93), 23평(78.89), 31평(104.8)",
            "last_sales":"2021-11-25,15000.0,31평(104.8)"
        },
        {
            "index":559,
            "아파트명":"평거휴먼시아3단지",
            "투자타입":"일반",
            "전용면적(m2)":"110.73",
            "전용면적(평)":"33평",
            "법정동주소":"경상남도 진주시 평거동 897",
            "도로명주소":"경상남도 진주시 새평거로 111",
            "세대수":50,
            "입주년차":60,
            "용적률점수":"--",
            "건폐율점수":"--",
            "세대당주차수":30,
            "난방방식":30,
            "공급면적":"--",
            "전용률":"--",
            "욕실수":100,
            "현관타입":100,
            "주거총점":57.0,
            "지역구공급총점":100.0,
            "역세권":"NA",
            "30분내 이동가능 거점":"NA",
            "1시간내 이동가능 거점":"NA",
            "교통총점":"NA",
            "백화점":0,
            "아울렛몰":0,
            "대형마트":0,
            "은행":0,
            "병원":60,
            "종합병원":100,
            "공원":100,
            "혐오시설":0,
            "인프라총점":29.0,
            "초등학군":86.52,
            "중학군":48.1,
            "학군총점":55.784,
            "인구수":38.4,
            "인구증감":2.33,
            "인구총점":27.579,
            "일자리":16.8,
            "소득수준":61.15,
            "일자리총점":30.105,
            "가치 총점":45.496,
            "매매실거래년":20220105.0,
            "매매실거래가":42300.0,
            "전세실거래년":20211119.0,
            "전세실거래가":22050.0,
            "전세가율":52.13,
            "장기전세가율평균":78.0,
            "전세가율거품지수":25.87,
            "검색코드":103568,
            "세대수":588,
            "준공년월":"2011-09-21",
            "준공년차":12,
            "가까운역이름":"NA",
            "가까운역거리":"NA",
            "역세권여부":"NA",
            "30분이내주요거점역":"NA",
            "1시간이내주요거점역":"NA",
            "3km이내백화점수":0,
            "5km이내아울렛몰수":0,
            "1km이내대형먀트수":0,
            "500m이내은행수":0,
            "500m이내병원수":28,
            "5km이내대형병원수":3,
            "500m이내공원수":3,
            "3km이내혐오시설수":0,
            "초등학교학업성취도":86.52,
            "중학교학업성취도":78.9,
            "용적률":160,
            "건폐율":20,
            "Y":35.170474,
            "X":128.059125,
            "rank":73.0,
            "area_info":"33평(110.73), 33평(110.95), 33평(110.35), 33평(110.65)",
            "last_sales":"2022-01-05,42300.0,33평(110.73)"
        },
        {
            "index":694,
            "아파트명":"대경빌라트",
            "투자타입":"일반",
            "전용면적(m2)":"93.45",
            "전용면적(평)":"28평",
            "법정동주소":"경상남도 진주시 호탄동 602-1",
            "도로명주소":"경상남도 진주시 가호로 79",
            "세대수":30,
            "입주년차":20,
            "용적률점수":"--",
            "건폐율점수":"--",
            "세대당주차수":30,
            "난방방식":30,
            "공급면적":"--",
            "전용률":"--",
            "욕실수":100,
            "현관타입":100,
            "주거총점":42.0,
            "지역구공급총점":100.0,
            "역세권":"NA",
            "30분내 이동가능 거점":"NA",
            "1시간내 이동가능 거점":"NA",
            "교통총점":"NA",
            "백화점":0,
            "아울렛몰":80,
            "대형마트":80,
            "은행":0,
            "병원":10,
            "종합병원":100,
            "공원":100,
            "혐오시설":0,
            "인프라총점":44.0,
            "초등학군":87.99,
            "중학군":42.4,
            "학군총점":51.518,
            "인구수":38.4,
            "인구증감":2.33,
            "인구총점":27.579,
            "일자리":16.8,
            "소득수준":61.15,
            "일자리총점":30.105,
            "가치 총점":45.1795,
            "매매실거래년":20211213.0,
            "매매실거래가":24300.0,
            "전세실거래년":20170202.0,
            "전세실거래가":19000.0,
            "전세가율":102.7,
            "장기전세가율평균":78.0,
            "전세가율거품지수":-24.7,
            "검색코드":7539,
            "세대수":304,
            "준공년월":"2000-12-28",
            "준공년차":23,
            "가까운역이름":"NA",
            "가까운역거리":"NA",
            "역세권여부":"NA",
            "30분이내주요거점역":"NA",
            "1시간이내주요거점역":"NA",
            "3km이내백화점수":0,
            "5km이내아울렛몰수":1,
            "1km이내대형먀트수":1,
            "500m이내은행수":0,
            "500m이내병원수":4,
            "5km이내대형병원수":4,
            "500m이내공원수":4,
            "3km이내혐오시설수":0,
            "초등학교학업성취도":87.99,
            "중학교학업성취도":70.4,
            "용적률":219,
            "건폐율":22,
            "Y":35.164837,
            "X":128.114085,
            "rank":74.0,
            "area_info":"28평(93.45), 33평(110.05)",
            "last_sales":"2021-12-13,24300.0,33평(110.05)"
        },
        {
            "index":698,
            "아파트명":"대동디지털황토",
            "투자타입":"일반",
            "전용면적(m2)":"83.59",
            "전용면적(평)":"25평",
            "법정동주소":"경상남도 진주시 호탄동 579-1",
            "도로명주소":"경상남도 진주시 가호로44번길 7",
            "세대수":50,
            "입주년차":20,
            "용적률점수":"--",
            "건폐율점수":"--",
            "세대당주차수":0,
            "난방방식":30,
            "공급면적":"--",
            "전용률":"--",
            "욕실수":50,
            "현관타입":100,
            "주거총점":39.5,
            "지역구공급총점":100.0,
            "역세권":"NA",
            "30분내 이동가능 거점":"NA",
            "1시간내 이동가능 거점":"NA",
            "교통총점":"NA",
            "백화점":0,
            "아울렛몰":80,
            "대형마트":80,
            "은행":0,
            "병원":30,
            "종합병원":100,
            "공원":100,
            "혐오시설":0,
            "인프라총점":46.0,
            "초등학군":87.99,
            "중학군":42.4,
            "학군총점":51.518,
            "인구수":38.4,
            "인구증감":2.33,
            "인구총점":27.579,
            "일자리":16.8,
            "소득수준":61.15,
            "일자리총점":30.105,
            "가치 총점":45.1045,
            "매매실거래년":20220111.0,
            "매매실거래가":18950.0,
            "전세실거래년":20211211.0,
            "전세실거래가":17500.0,
            "전세가율":92.35,
            "장기전세가율평균":78.0,
            "전세가율거품지수":-14.35,
            "검색코드":16713,
            "세대수":496,
            "준공년월":"2003-05-29",
            "준공년차":20,
            "가까운역이름":"NA",
            "가까운역거리":"NA",
            "역세권여부":"NA",
            "30분이내주요거점역":"NA",
            "1시간이내주요거점역":"NA",
            "3km이내백화점수":0,
            "5km이내아울렛몰수":1,
            "1km이내대형먀트수":1,
            "500m이내은행수":0,
            "500m이내병원수":7,
            "5km이내대형병원수":4,
            "500m이내공원수":6,
            "3km이내혐오시설수":0,
            "초등학교학업성취도":87.99,
            "중학교학업성취도":70.4,
            "용적률":201,
            "건폐율":19,
            "Y":35.162802,
            "X":128.112139,
            "rank":75.0,
            "area_info":"25평(83.59), 33평(111.67), 33평(112.23)",
            "last_sales":"2022-01-11,18950.0,25평(83.59)"
        },
        {
            "index":324,
            "아파트명":"한보은빛마을",
            "투자타입":"일반",
            "전용면적(m2)":"103.93",
            "전용면적(평)":"31평",
            "법정동주소":"경상남도 진주시 주약동 360-2",
            "도로명주소":"경상남도 진주시 천수로 30",
            "세대수":50,
            "입주년차":20,
            "용적률점수":"--",
            "건폐율점수":"--",
            "세대당주차수":60,
            "난방방식":30,
            "공급면적":"--",
            "전용률":"--",
            "욕실수":100,
            "현관타입":100,
            "주거총점":53.5,
            "지역구공급총점":100.0,
            "역세권":"NA",
            "30분내 이동가능 거점":"NA",
            "1시간내 이동가능 거점":"NA",
            "교통총점":"NA",
            "백화점":0,
            "아울렛몰":80,
            "대형마트":0,
            "은행":0,
            "병원":30,
            "종합병원":100,
            "공원":0,
            "혐오시설":0,
            "인프라총점":31.0,
            "초등학군":89.05,
            "중학군":46.76,
            "학군총점":55.218,
            "인구수":38.4,
            "인구증감":2.33,
            "인구총점":27.579,
            "일자리":16.8,
            "소득수준":61.15,
            "일자리총점":30.105,
            "가치 총점":44.9295,
            "매매실거래년":20220101.0,
            "매매실거래가":24300.0,
            "전세실거래년":20201227.0,
            "전세실거래가":17000.0,
            "전세가율":100.0,
            "장기전세가율평균":78.0,
            "전세가율거품지수":-22.0,
            "검색코드":15674,
            "세대수":516,
            "준공년월":"2002-03-28",
            "준공년차":21,
            "가까운역이름":"NA",
            "가까운역거리":"NA",
            "역세권여부":"NA",
            "30분이내주요거점역":"NA",
            "1시간이내주요거점역":"NA",
            "3km이내백화점수":0,
            "5km이내아울렛몰수":1,
            "1km이내대형먀트수":0,
            "500m이내은행수":0,
            "500m이내병원수":6,
            "5km이내대형병원수":4,
            "500m이내공원수":0,
            "3km이내혐오시설수":0,
            "초등학교학업성취도":89.05,
            "중학교학업성취도":76.2,
            "용적률":240,
            "건폐율":25,
            "Y":35.171192,
            "X":128.093729,
            "rank":76.0,
            "area_info":"31평(103.93), 39평(131.69), 44평(148.53)",
            "last_sales":"2022-01-01,24300.0,39평(131.69)"
        },
        {
            "index":656,
            "아파트명":"일신",
            "투자타입":"재건축",
            "전용면적(m2)":"92.68",
            "전용면적(평)":"28평",
            "법정동주소":"경상남도 진주시 하대동 610-2",
            "도로명주소":"경상남도 진주시 하대로34번길 10",
            "세대수":0,
            "입주년차":"--",
            "용적률점수":0,
            "건폐율점수":0,
            "세대당주차수":"--",
            "난방방식":"--",
            "공급면적":70,
            "전용률":80,
            "욕실수":"--",
            "현관타입":"--",
            "주거총점":7.5,
            "지역구공급총점":100.0,
            "역세권":"NA",
            "30분내 이동가능 거점":"NA",
            "1시간내 이동가능 거점":"NA",
            "교통총점":"NA",
            "백화점":100,
            "아울렛몰":80,
            "대형마트":100,
            "은행":0,
            "병원":0,
            "종합병원":100,
            "공원":80,
            "혐오시설":0,
            "인프라총점":75.4,
            "초등학군":86.75,
            "중학군":38.78,
            "학군총점":48.374,
            "인구수":38.4,
            "인구증감":2.33,
            "인구총점":27.579,
            "일자리":16.8,
            "소득수준":61.15,
            "일자리총점":30.105,
            "가치 총점":44.8785,
            "매매실거래년":20211126.0,
            "매매실거래가":12800.0,
            "전세실거래년":20201008.0,
            "전세실거래가":8500.0,
            "전세가율":79.07,
            "장기전세가율평균":78.0,
            "전세가율거품지수":-1.07,
            "검색코드":7528,
            "세대수":258,
            "준공년월":"1991-09-09",
            "준공년차":32,
            "가까운역이름":"NA",
            "가까운역거리":"NA",
            "역세권여부":"NA",
            "30분이내주요거점역":"NA",
            "1시간이내주요거점역":"NA",
            "3km이내백화점수":1,
            "5km이내아울렛몰수":1,
            "1km이내대형먀트수":2,
            "500m이내은행수":0,
            "500m이내병원수":1,
            "5km이내대형병원수":4,
            "500m이내공원수":1,
            "3km이내혐오시설수":0,
            "초등학교학업성취도":86.75,
            "중학교학업성취도":64.1,
            "용적률":0,
            "건폐율":0,
            "Y":35.193556,
            "X":128.114773,
            "rank":77.0,
            "area_info":"28평(92.68), 30평(101.26), 30평(101.22), 33평(112.16)",
            "last_sales":"2021-11-26,12800.0,30평(101.22)"
        },
        {
            "index":372,
            "아파트명":"초전일동",
            "투자타입":"일반",
            "전용면적(m2)":"81.97",
            "전용면적(평)":"24평",
            "법정동주소":"경상남도 진주시 초전동 1426",
            "도로명주소":"경상남도 진주시 초전북로 20",
            "세대수":0,
            "입주년차":0,
            "용적률점수":"--",
            "건폐율점수":"--",
            "세대당주차수":0,
            "난방방식":30,
            "공급면적":"--",
            "전용률":"--",
            "욕실수":50,
            "현관타입":100,
            "주거총점":18.0,
            "지역구공급총점":100.0,
            "역세권":"NA",
            "30분내 이동가능 거점":"NA",
            "1시간내 이동가능 거점":"NA",
            "교통총점":"NA",
            "백화점":100,
            "아울렛몰":80,
            "대형마트":0,
            "은행":0,
            "병원":10,
            "종합병원":100,
            "공원":0,
            "혐오시설":0,
            "인프라총점":59.0,
            "초등학군":91.45,
            "중학군":50.62,
            "학군총점":58.786,
            "인구수":38.4,
            "인구증감":2.33,
            "인구총점":27.579,
            "일자리":16.8,
            "소득수준":61.15,
            "일자리총점":30.105,
            "가치 총점":44.5965,
            "매매실거래년":20211219.0,
            "매매실거래가":10500.0,
            "전세실거래년":20211029.0,
            "전세실거래가":11000.0,
            "전세가율":104.76,
            "장기전세가율평균":78.0,
            "전세가율거품지수":-26.76,
            "검색코드":7412,
            "세대수":180,
            "준공년월":"1994-11-16",
            "준공년차":29,
            "가까운역이름":"NA",
            "가까운역거리":"NA",
            "역세권여부":"NA",
            "30분이내주요거점역":"NA",
            "1시간이내주요거점역":"NA",
            "3km이내백화점수":1,
            "5km이내아울렛몰수":1,
            "1km이내대형먀트수":0,
            "500m이내은행수":1,
            "500m이내병원수":4,
            "5km이내대형병원수":4,
            "500m이내공원수":0,
            "3km이내혐오시설수":0,
            "초등학교학업성취도":91.45,
            "중학교학업성취도":83.7,
            "용적률":303,
            "건폐율":25,
            "Y":35.207569,
            "X":128.109443,
            "rank":78.0,
            "area_info":"24평(81.97), 33평(111.55)",
            "last_sales":"2021-12-19,10500.0,24평(81.97)"
        },
        {
            "index":366,
            "아파트명":"초전대림",
            "투자타입":"일반",
            "전용면적(m2)":"78.73",
            "전용면적(평)":"23평",
            "법정동주소":"경상남도 진주시 초전동 702-22",
            "도로명주소":"경상남도 진주시 말티고개로 113",
            "세대수":30,
            "입주년차":0,
            "용적률점수":"--",
            "건폐율점수":"--",
            "세대당주차수":0,
            "난방방식":30,
            "공급면적":"--",
            "전용률":"--",
            "욕실수":50,
            "현관타입":10,
            "주거총점":19.5,
            "지역구공급총점":100.0,
            "역세권":"NA",
            "30분내 이동가능 거점":"NA",
            "1시간내 이동가능 거점":"NA",
            "교통총점":"NA",
            "백화점":100,
            "아울렛몰":80,
            "대형마트":0,
            "은행":0,
            "병원":0,
            "종합병원":100,
            "공원":0,
            "혐오시설":0,
            "인프라총점":58.0,
            "초등학군":87.37,
            "중학군":50.62,
            "학군총점":57.97,
            "인구수":38.4,
            "인구증감":2.33,
            "인구총점":27.579,
            "일자리":16.8,
            "소득수준":61.15,
            "일자리총점":30.105,
            "가치 총점":44.5175,
            "매매실거래년":20210827.0,
            "매매실거래가":16900.0,
            "전세실거래년":null,
            "전세실거래가":null,
            "전세가율":null,
            "장기전세가율평균":78.0,
            "전세가율거품지수":null,
            "검색코드":7422,
            "세대수":305,
            "준공년월":"1995-07-05",
            "준공년차":28,
            "가까운역이름":"NA",
            "가까운역거리":"NA",
            "역세권여부":"NA",
            "30분이내주요거점역":"NA",
            "1시간이내주요거점역":"NA",
            "3km이내백화점수":1,
            "5km이내아울렛몰수":1,
            "1km이내대형먀트수":0,
            "500m이내은행수":0,
            "500m이내병원수":1,
            "5km이내대형병원수":4,
            "500m이내공원수":0,
            "3km이내혐오시설수":0,
            "초등학교학업성취도":87.37,
            "중학교학업성취도":83.7,
            "용적률":275,
            "건폐율":21,
            "Y":35.197361,
            "X":128.113987,
            "rank":79.0,
            "area_info":"23평(78.73), 23평(78.15), 25평(83.49), 29평(96.37), 31평(102.97), 40평(132.47)",
            "last_sales":"2021-08-27,16900.0,40평(132.47)"
        },
        {
            "index":463,
            "아파트명":"칠암한주",
            "투자타입":"일반",
            "전용면적(m2)":"75.52",
            "전용면적(평)":"22평",
            "법정동주소":"경상남도 진주시 칠암동 78",
            "도로명주소":"경상남도 진주시 강남로 101",
            "세대수":0,
            "입주년차":0,
            "용적률점수":"--",
            "건폐율점수":"--",
            "세대당주차수":0,
            "난방방식":30,
            "공급면적":"--",
            "전용률":"--",
            "욕실수":50,
            "현관타입":100,
            "주거총점":18.0,
            "지역구공급총점":100.0,
            "역세권":"NA",
            "30분내 이동가능 거점":"NA",
            "1시간내 이동가능 거점":"NA",
            "교통총점":"NA",
            "백화점":100,
            "아울렛몰":80,
            "대형마트":0,
            "은행":0,
            "병원":30,
            "종합병원":100,
            "공원":0,
            "혐오시설":0,
            "인프라총점":61.0,
            "초등학군":81.13,
            "중학군":46.76,
            "학군총점":53.634,
            "인구수":38.4,
            "인구증감":2.33,
            "인구총점":27.579,
            "일자리":16.8,
            "소득수준":61.15,
            "일자리총점":30.105,
            "가치 총점":44.1085,
            "매매실거래년":20211229.0,
            "매매실거래가":19500.0,
            "전세실거래년":20211214.0,
            "전세실거래가":13500.0,
            "전세가율":84.38,
            "장기전세가율평균":78.0,
            "전세가율거품지수":-6.38,
            "검색코드":7436,
            "세대수":190,
            "준공년월":"1995-10-23",
            "준공년차":28,
            "가까운역이름":"NA",
            "가까운역거리":"NA",
            "역세권여부":"NA",
            "30분이내주요거점역":"NA",
            "1시간이내주요거점역":"NA",
            "3km이내백화점수":1,
            "5km이내아울렛몰수":1,
            "1km이내대형먀트수":0,
            "500m이내은행수":0,
            "500m이내병원수":7,
            "5km이내대형병원수":4,
            "500m이내공원수":0,
            "3km이내혐오시설수":0,
            "초등학교학업성취도":81.13,
            "중학교학업성취도":76.2,
            "용적률":327,
            "건폐율":25,
            "Y":35.17755,
            "X":128.0972,
            "rank":80.0,
            "area_info":"22평(75.52), 32평(106.68), 34평(112.92), 41평(137.05)",
            "last_sales":"2021-12-29,19500.0,32평(106.68)"
        },
        {
            "index":187,
            "아파트명":"상평동일스위트",
            "투자타입":"일반",
            "전용면적(m2)":"87.61",
            "전용면적(평)":"26평",
            "법정동주소":"경상남도 진주시 상평동 1068-1",
            "도로명주소":"경상남도 진주시 공단로 30",
            "세대수":50,
            "입주년차":40,
            "용적률점수":"--",
            "건폐율점수":"--",
            "세대당주차수":30,
            "난방방식":30,
            "공급면적":"--",
            "전용률":"--",
            "욕실수":100,
            "현관타입":100,
            "주거총점":53.0,
            "지역구공급총점":100.0,
            "역세권":"NA",
            "30분내 이동가능 거점":"NA",
            "1시간내 이동가능 거점":"NA",
            "교통총점":"NA",
            "백화점":0,
            "아울렛몰":80,
            "대형마트":0,
            "은행":0,
            "병원":0,
            "종합병원":100,
            "공원":0,
            "혐오시설":0,
            "인프라총점":28.0,
            "초등학군":81.13,
            "중학군":51.32,
            "학군총점":57.282,
            "인구수":38.4,
            "인구증감":2.33,
            "인구총점":27.579,
            "일자리":16.8,
            "소득수준":61.15,
            "일자리총점":30.105,
            "가치 총점":44.0705,
            "매매실거래년":20211231.0,
            "매매실거래가":26500.0,
            "전세실거래년":20210718.0,
            "전세실거래가":17000.0,
            "전세가율":92.9,
            "장기전세가율평균":78.0,
            "전세가율거품지수":-14.9,
            "검색코드":103795,
            "세대수":652,
            "준공년월":"2008-12-19",
            "준공년차":15,
            "가까운역이름":"NA",
            "가까운역거리":"NA",
            "역세권여부":"NA",
            "30분이내주요거점역":"NA",
            "1시간이내주요거점역":"NA",
            "3km이내백화점수":0,
            "5km이내아울렛몰수":1,
            "1km이내대형먀트수":0,
            "500m이내은행수":0,
            "500m이내병원수":0,
            "5km이내대형병원수":4,
            "500m이내공원수":0,
            "3km이내혐오시설수":0,
            "초등학교학업성취도":81.13,
            "중학교학업성취도":85.2,
            "용적률":232,
            "건폐율":17,
            "Y":35.174015,
            "X":128.102943,
            "rank":81.0,
            "area_info":"26평(87.61), 30평(99.37), 34평(113.05), 34평(113.18), 34평(114.81), 48평(160.7), 77평(254.98)",
            "last_sales":"2021-12-31,26500.0,48평(160.7)"
        },
        {
            "index":111,
            "아파트명":"진주문산코아루",
            "투자타입":"일반",
            "전용면적(m2)":"111.11",
            "전용면적(평)":"33평",
            "법정동주소":"경상남도 진주시 문산읍 소문리 2421",
            "도로명주소":"경상남도 진주시 월아산로1117번길 5",
            "세대수":50,
            "입주년차":60,
            "용적률점수":"--",
            "건폐율점수":"--",
            "세대당주차수":60,
            "난방방식":30,
            "공급면적":"--",
            "전용률":"--",
            "욕실수":100,
            "현관타입":100,
            "주거총점":61.5,
            "지역구공급총점":100.0,
            "역세권":"NA",
            "30분내 이동가능 거점":"NA",
            "1시간내 이동가능 거점":"NA",
            "교통총점":"NA",
            "백화점":0,
            "아울렛몰":80,
            "대형마트":0,
            "은행":0,
            "병원":10,
            "종합병원":80,
            "공원":80,
            "혐오시설":0,
            "인프라총점":27.4,
            "초등학군":84.54,
            "중학군":36.42,
            "학군총점":46.044,
            "인구수":38.4,
            "인구증감":2.33,
            "인구총점":27.579,
            "일자리":16.8,
            "소득수준":61.15,
            "일자리총점":30.105,
            "가치 총점":43.996,
            "매매실거래년":20211231.0,
            "매매실거래가":33000.0,
            "전세실거래년":20210512.0,
            "전세실거래가":16000.0,
            "전세가율":66.95,
            "장기전세가율평균":78.0,
            "전세가율거품지수":11.05,
            "검색코드":102430,
            "세대수":520,
            "준공년월":"2010-06-30",
            "준공년차":13,
            "가까운역이름":"NA",
            "가까운역거리":"NA",
            "역세권여부":"NA",
            "30분이내주요거점역":"NA",
            "1시간이내주요거점역":"NA",
            "3km이내백화점수":0,
            "5km이내아울렛몰수":1,
            "1km이내대형먀트수":0,
            "500m이내은행수":0,
            "500m이내병원수":3,
            "5km이내대형병원수":1,
            "500m이내공원수":1,
            "3km이내혐오시설수":0,
            "초등학교학업성취도":84.54,
            "중학교학업성취도":60.7,
            "용적률":229,
            "건폐율":49,
            "Y":35.169859,
            "X":128.160704,
            "rank":82.0,
            "area_info":"33평(111.11), 33평(112.07), 34평(115.23), 45평(150.7), 45평(151.63), 54평(180.69)",
            "last_sales":"2021-12-31,33000.0,54평(180.69)"
        },
        {
            "index":233,
            "아파트명":"신안흥한타운1차",
            "투자타입":"일반",
            "전용면적(m2)":"80.23",
            "전용면적(평)":"24평",
            "법정동주소":"경상남도 진주시 신안동 454-1",
            "도로명주소":"경상남도 진주시 진양호로328번길 4",
            "세대수":0,
            "입주년차":0,
            "용적률점수":"--",
            "건폐율점수":"--",
            "세대당주차수":0,
            "난방방식":30,
            "공급면적":"--",
            "전용률":"--",
            "욕실수":50,
            "현관타입":10,
            "주거총점":9.0,
            "지역구공급총점":100.0,
            "역세권":"NA",
            "30분내 이동가능 거점":"NA",
            "1시간내 이동가능 거점":"NA",
            "교통총점":"NA",
            "백화점":100,
            "아울렛몰":0,
            "대형마트":0,
            "은행":70,
            "병원":60,
            "종합병원":100,
            "공원":100,
            "혐오시설":0,
            "인프라총점":66.0,
            "초등학군":90.42,
            "중학군":49.38,
            "학군총점":57.588,
            "인구수":38.4,
            "인구증감":2.33,
            "인구총점":27.579,
            "일자리":16.8,
            "소득수준":61.15,
            "일자리총점":30.105,
            "가치 총점":43.947,
            "매매실거래년":20211127.0,
            "매매실거래가":19900.0,
            "전세실거래년":20211117.0,
            "전세실거래가":3500.0,
            "전세가율":27.13,
            "장기전세가율평균":78.0,
            "전세가율거품지수":50.87,
            "검색코드":7342,
            "세대수":225,
            "준공년월":"1993-12-17",
            "준공년차":30,
            "가까운역이름":"NA",
            "가까운역거리":"NA",
            "역세권여부":"NA",
            "30분이내주요거점역":"NA",
            "1시간이내주요거점역":"NA",
            "3km이내백화점수":1,
            "5km이내아울렛몰수":0,
            "1km이내대형먀트수":0,
            "500m이내은행수":4,
            "500m이내병원수":21,
            "5km이내대형병원수":3,
            "500m이내공원수":5,
            "3km이내혐오시설수":0,
            "초등학교학업성취도":90.42,
            "중학교학업성취도":82.1,
            "용적률":220,
            "건폐율":20,
            "Y":35.181558,
            "X":128.067554,
            "rank":83.0,
            "area_info":"24평(80.23), 31평(102.5), 51평(171.72)",
            "last_sales":"2021-11-27,19900.0,31평(102.5)"
        },
        {
            "index":157,
            "아파트명":"에스디푸른마을",
            "투자타입":"일반",
            "전용면적(m2)":"57.8",
            "전용면적(평)":"17평",
            "법정동주소":"경상남도 진주시 상봉동 740",
            "도로명주소":"경상남도 진주시 상봉대룡길 37",
            "세대수":0,
            "입주년차":60,
            "용적률점수":"--",
            "건폐율점수":"--",
            "세대당주차수":0,
            "난방방식":30,
            "공급면적":"--",
            "전용률":"--",
            "욕실수":50,
            "현관타입":100,
            "주거총점":30.0,
            "지역구공급총점":100.0,
            "역세권":"NA",
            "30분내 이동가능 거점":"NA",
            "1시간내 이동가능 거점":"NA",
            "교통총점":"NA",
            "백화점":100,
            "아울렛몰":0,
            "대형마트":0,
            "은행":0,
            "병원":0,
            "종합병원":100,
            "공원":80,
            "혐오시설":0,
            "인프라총점":52.4,
            "초등학군":87.76,
            "중학군":39.36,
            "학군총점":49.04,
            "인구수":38.4,
            "인구증감":2.33,
            "인구총점":27.579,
            "일자리":16.8,
            "소득수준":61.15,
            "일자리총점":30.105,
            "가치 총점":43.72,
            "매매실거래년":20210818.0,
            "매매실거래가":17400.0,
            "전세실거래년":20111015.0,
            "전세실거래가":6500.0,
            "전세가율":69.15,
            "장기전세가율평균":78.0,
            "전세가율거품지수":8.85,
            "검색코드":104855,
            "세대수":116,
            "준공년월":"2010-08-13",
            "준공년차":13,
            "가까운역이름":"NA",
            "가까운역거리":"NA",
            "역세권여부":"NA",
            "30분이내주요거점역":"NA",
            "1시간이내주요거점역":"NA",
            "3km이내백화점수":1,
            "5km이내아울렛몰수":0,
            "1km이내대형먀트수":0,
            "500m이내은행수":0,
            "500m이내병원수":0,
            "5km이내대형병원수":3,
            "500m이내공원수":1,
            "3km이내혐오시설수":0,
            "초등학교학업성취도":87.76,
            "중학교학업성취도":65.6,
            "용적률":210,
            "건폐율":28,
            "Y":35.202714,
            "X":128.067275,
            "rank":84.0,
            "area_info":"17평(57.8), 23평(79.03), 25평(85.05), 26평(88.01), 32평(108.43), 32평(108.42), 33평(110.35)",
            "last_sales":"2021-08-18,17400.0,33평(110.35)"
        },
        {
            "index":3,
            "아파트명":"가좌대화리네르빌",
            "투자타입":"일반",
            "전용면적(m2)":"107.11",
            "전용면적(평)":"32평",
            "법정동주소":"경상남도 진주시 가좌동 721-1",
            "도로명주소":"경상남도 진주시 진주대로 652-15",
            "세대수":0,
            "입주년차":40,
            "용적률점수":"--",
            "건폐율점수":"--",
            "세대당주차수":30,
            "난방방식":30,
            "공급면적":"--",
            "전용률":"--",
            "욕실수":100,
            "현관타입":100,
            "주거총점":35.5,
            "지역구공급총점":100.0,
            "역세권":"NA",
            "30분내 이동가능 거점":"NA",
            "1시간내 이동가능 거점":"NA",
            "교통총점":"NA",
            "백화점":0,
            "아울렛몰":80,
            "대형마트":80,
            "은행":0,
            "병원":30,
            "종합병원":100,
            "공원":100,
            "혐오시설":0,
            "인프라총점":46.0,
            "초등학군":87.99,
            "중학군":42.4,
            "학군총점":51.518,
            "인구수":38.4,
            "인구증감":2.33,
            "인구총점":27.579,
            "일자리":16.8,
            "소득수준":61.15,
            "일자리총점":30.105,
            "가치 총점":43.7045,
            "매매실거래년":20211027.0,
            "매매실거래가":21500.0,
            "전세실거래년":20210605.0,
            "전세실거래가":19000.0,
            "전세가율":88.37,
            "장기전세가율평균":78.0,
            "전세가율거품지수":-10.37,
            "검색코드":25750,
            "세대수":137,
            "준공년월":"2007-02-09",
            "준공년차":16,
            "가까운역이름":"NA",
            "가까운역거리":"NA",
            "역세권여부":"NA",
            "30분이내주요거점역":"NA",
            "1시간이내주요거점역":"NA",
            "3km이내백화점수":0,
            "5km이내아울렛몰수":1,
            "1km이내대형먀트수":1,
            "500m이내은행수":0,
            "500m이내병원수":7,
            "5km이내대형병원수":4,
            "500m이내공원수":3,
            "3km이내혐오시설수":0,
            "초등학교학업성취도":87.99,
            "중학교학업성취도":70.4,
            "용적률":171,
            "건폐율":18,
            "Y":35.165051,
            "X":128.107147,
            "rank":85.0,
            "area_info":"32평(107.11)",
            "last_sales":"2021-10-27,21500.0,32평(107.11)"
        },
        {
            "index":42,
            "아파트명":"동성가든타워",
            "투자타입":"일반",
            "전용면적(m2)":"70.29",
            "전용면적(평)":"21평",
            "법정동주소":"경상남도 진주시 강남동 219",
            "도로명주소":"경상남도 진주시 진주대로 901",
            "세대수":0,
            "입주년차":0,
            "용적률점수":"--",
            "건폐율점수":"--",
            "세대당주차수":0,
            "난방방식":30,
            "공급면적":"--",
            "전용률":"--",
            "욕실수":50,
            "현관타입":10,
            "주거총점":9.0,
            "지역구공급총점":100.0,
            "역세권":"NA",
            "30분내 이동가능 거점":"NA",
            "1시간내 이동가능 거점":"NA",
            "교통총점":"NA",
            "백화점":100,
            "아울렛몰":80,
            "대형마트":0,
            "은행":0,
            "병원":60,
            "종합병원":100,
            "공원":80,
            "혐오시설":0,
            "인프라총점":66.4,
            "초등학군":85.24,
            "중학군":46.76,
            "학군총점":54.456,
            "인구수":38.4,
            "인구증감":2.33,
            "인구총점":27.579,
            "일자리":16.8,
            "소득수준":61.15,
            "일자리총점":30.105,
            "가치 총점":43.324,
            "매매실거래년":20211219.0,
            "매매실거래가":9300.0,
            "전세실거래년":20211209.0,
            "전세실거래가":9500.0,
            "전세가율":102.15,
            "장기전세가율평균":78.0,
            "전세가율거품지수":-24.15,
            "검색코드":7199,
            "세대수":195,
            "준공년월":"1994-07-01",
            "준공년차":29,
            "가까운역이름":"NA",
            "가까운역거리":"NA",
            "역세권여부":"NA",
            "30분이내주요거점역":"NA",
            "1시간이내주요거점역":"NA",
            "3km이내백화점수":1,
            "5km이내아울렛몰수":1,
            "1km이내대형먀트수":0,
            "500m이내은행수":1,
            "500m이내병원수":27,
            "5km이내대형병원수":4,
            "500m이내공원수":1,
            "3km이내혐오시설수":0,
            "초등학교학업성취도":85.24,
            "중학교학업성취도":76.2,
            "용적률":357,
            "건폐율":62,
            "Y":35.181084,
            "X":128.089469,
            "rank":86.0,
            "area_info":"21평(70.29), 30평(100.49), 45평(151.27)",
            "last_sales":"2021-12-19,9300.0,21평(70.29)"
        },
        {
            "index":251,
            "아파트명":"한주파크맨션",
            "투자타입":"재건축",
            "전용면적(m2)":"83.43",
            "전용면적(평)":"25평",
            "법정동주소":"경상남도 진주시 신안동 33-16",
            "도로명주소":"경상남도 진주시 남강로 479",
            "세대수":0,
            "입주년차":"--",
            "용적률점수":0,
            "건폐율점수":20,
            "세대당주차수":"--",
            "난방방식":"--",
            "공급면적":70,
            "전용률":60,
            "욕실수":"--",
            "현관타입":"--",
            "주거총점":10.5,
            "지역구공급총점":100.0,
            "역세권":"NA",
            "30분내 이동가능 거점":"NA",
            "1시간내 이동가능 거점":"NA",
            "교통총점":"NA",
            "백화점":100,
            "아울렛몰":0,
            "대형마트":0,
            "은행":70,
            "병원":30,
            "종합병원":100,
            "공원":100,
            "혐오시설":0,
            "인프라총점":63.0,
            "초등학군":90.42,
            "중학군":49.38,
            "학군총점":57.588,
            "인구수":38.4,
            "인구증감":2.33,
            "인구총점":27.579,
            "일자리":16.8,
            "소득수준":61.15,
            "일자리총점":30.105,
            "가치 총점":43.272,
            "매매실거래년":20211008.0,
            "매매실거래가":16200.0,
            "전세실거래년":20200523.0,
            "전세실거래가":8000.0,
            "전세가율":83.33,
            "장기전세가율평균":78.0,
            "전세가율거품지수":-5.33,
            "검색코드":7333,
            "세대수":195,
            "준공년월":"1990-08-09",
            "준공년차":33,
            "가까운역이름":"NA",
            "가까운역거리":"NA",
            "역세권여부":"NA",
            "30분이내주요거점역":"NA",
            "1시간이내주요거점역":"NA",
            "3km이내백화점수":1,
            "5km이내아울렛몰수":0,
            "1km이내대형먀트수":0,
            "500m이내은행수":3,
            "500m이내병원수":6,
            "5km이내대형병원수":3,
            "500m이내공원수":2,
            "3km이내혐오시설수":0,
            "초등학교학업성취도":90.42,
            "중학교학업성취도":82.1,
            "용적률":293,
            "건폐율":43,
            "Y":35.18142,
            "X":128.072363,
            "rank":87.0,
            "area_info":"25평(83.43), 28평(93.84), 28평(94.84), 30평(101.89), 31평(102.72)",
            "last_sales":"2021-10-08,16200.0,30평(101.89)"
        },
        {
            "index":310,
            "아파트명":"진주정촌대경파미르",
            "투자타입":"일반",
            "전용면적(m2)":"89.6",
            "전용면적(평)":"27평",
            "법정동주소":"경상남도 진주시 정촌면 예하리 1286",
            "도로명주소":"경상남도 진주시 삼일로106번길 8",
            "세대수":90,
            "입주년차":100,
            "용적률점수":"--",
            "건폐율점수":"--",
            "세대당주차수":30,
            "난방방식":30,
            "공급면적":"--",
            "전용률":"--",
            "욕실수":100,
            "현관타입":100,
            "주거총점":79.0,
            "지역구공급총점":100.0,
            "역세권":"NA",
            "30분내 이동가능 거점":"NA",
            "1시간내 이동가능 거점":"NA",
            "교통총점":"NA",
            "백화점":0,
            "아울렛몰":0,
            "대형마트":0,
            "은행":0,
            "병원":0,
            "종합병원":0,
            "공원":80,
            "혐오시설":0,
            "인프라총점":2.4,
            "초등학군":98.0,
            "중학군":48.68,
            "학군총점":58.544,
            "인구수":38.4,
            "인구증감":2.33,
            "인구총점":27.579,
            "일자리":16.8,
            "소득수준":61.15,
            "일자리총점":30.105,
            "가치 총점":43.246,
            "매매실거래년":20211101.0,
            "매매실거래가":34700.0,
            "전세실거래년":20211108.0,
            "전세실거래가":25000.0,
            "전세가율":87.11,
            "장기전세가율평균":78.0,
            "전세가율거품지수":-9.11,
            "검색코드":114289,
            "세대수":1465,
            "준공년월":"2019-01-31",
            "준공년차":4,
            "가까운역이름":"NA",
            "가까운역거리":"NA",
            "역세권여부":"NA",
            "30분이내주요거점역":"NA",
            "1시간이내주요거점역":"NA",
            "3km이내백화점수":0,
            "5km이내아울렛몰수":0,
            "1km이내대형먀트수":0,
            "500m이내은행수":0,
            "500m이내병원수":0,
            "5km이내대형병원수":0,
            "500m이내공원수":1,
            "3km이내혐오시설수":0,
            "초등학교학업성취도":98.0,
            "중학교학업성취도":79.8,
            "용적률":199,
            "건폐율":16,
            "Y":35.126921,
            "X":128.09987,
            "rank":88.0,
            "area_info":"27평(89.6), 27평(90.02), 30평(100.62), 33평(110.35), 33평(111.16)",
            "last_sales":"2021-11-01,34700.0,33평(111.16)"
        },
        {
            "index":38,
            "아파트명":"대경강남타운",
            "투자타입":"일반",
            "전용면적(m2)":"44.19",
            "전용면적(평)":"13평",
            "법정동주소":"경상남도 진주시 강남동 233",
            "도로명주소":"경상남도 진주시 진주대로891번길 16",
            "세대수":0,
            "입주년차":0,
            "용적률점수":"--",
            "건폐율점수":"--",
            "세대당주차수":0,
            "난방방식":30,
            "공급면적":"--",
            "전용률":"--",
            "욕실수":50,
            "현관타입":10,
            "주거총점":9.0,
            "지역구공급총점":100.0,
            "역세권":"NA",
            "30분내 이동가능 거점":"NA",
            "1시간내 이동가능 거점":"NA",
            "교통총점":"NA",
            "백화점":100,
            "아울렛몰":80,
            "대형마트":0,
            "은행":0,
            "병원":60,
            "종합병원":100,
            "공원":80,
            "혐오시설":0,
            "인프라총점":66.4,
            "초등학군":82.38,
            "중학군":46.76,
            "학군총점":53.884,
            "인구수":38.4,
            "인구증감":2.33,
            "인구총점":27.579,
            "일자리":16.8,
            "소득수준":61.15,
            "일자리총점":30.105,
            "가치 총점":43.181,
            "매매실거래년":20211220.0,
            "매매실거래가":7500.0,
            "전세실거래년":20201111.0,
            "전세실거래가":5500.0,
            "전세가율":73.33,
            "장기전세가율평균":78.0,
            "전세가율거품지수":4.67,
            "검색코드":7196,
            "세대수":179,
            "준공년월":"1997-12-31",
            "준공년차":26,
            "가까운역이름":"NA",
            "가까운역거리":"NA",
            "역세권여부":"NA",
            "30분이내주요거점역":"NA",
            "1시간이내주요거점역":"NA",
            "3km이내백화점수":1,
            "5km이내아울렛몰수":1,
            "1km이내대형먀트수":0,
            "500m이내은행수":1,
            "500m이내병원수":24,
            "5km이내대형병원수":4,
            "500m이내공원수":1,
            "3km이내혐오시설수":0,
            "초등학교학업성취도":82.38,
            "중학교학업성취도":76.2,
            "용적률":0,
            "건폐율":0,
            "Y":35.18034,
            "X":128.08954,
            "rank":89.0,
            "area_info":"13평(44.19), 23평(78.67), 27평(90.64), 35평(116.5)",
            "last_sales":"2021-12-20,7500.0,13평(44.19)"
        },
        {
            "index":69,
            "아파트명":"진주금산두산위브",
            "투자타입":"일반",
            "전용면적(m2)":"82.23",
            "전용면적(평)":"24평",
            "법정동주소":"경상남도 진주시 금산면 장사리 705",
            "도로명주소":"경상남도 진주시 중장로154번길 49",
            "세대수":90,
            "입주년차":60,
            "용적률점수":"--",
            "건폐율점수":"--",
            "세대당주차수":60,
            "난방방식":30,
            "공급면적":"--",
            "전용률":"--",
            "욕실수":50,
            "현관타입":100,
            "주거총점":70.5,
            "지역구공급총점":100.0,
            "역세권":"NA",
            "30분내 이동가능 거점":"NA",
            "1시간내 이동가능 거점":"NA",
            "교통총점":"NA",
            "백화점":0,
            "아울렛몰":80,
            "대형마트":0,
            "은행":0,
            "병원":10,
            "종합병원":0,
            "공원":0,
            "혐오시설":0,
            "인프라총점":9.0,
            "초등학군":87.23,
            "중학군":52.58,
            "학군총점":59.51,
            "인구수":38.4,
            "인구증감":2.33,
            "인구총점":27.579,
            "일자리":16.8,
            "소득수준":61.15,
            "일자리총점":30.105,
            "가치 총점":43.1525,
            "매매실거래년":20211007.0,
            "매매실거래가":33000.0,
            "전세실거래년":null,
            "전세실거래가":null,
            "전세가율":null,
            "장기전세가율평균":78.0,
            "전세가율거품지수":null,
            "검색코드":25624,
            "세대수":970,
            "준공년월":"2009-01-30",
            "준공년차":14,
            "가까운역이름":"NA",
            "가까운역거리":"NA",
            "역세권여부":"NA",
            "30분이내주요거점역":"NA",
            "1시간이내주요거점역":"NA",
            "3km이내백화점수":0,
            "5km이내아울렛몰수":1,
            "1km이내대형먀트수":0,
            "500m이내은행수":0,
            "500m이내병원수":4,
            "5km이내대형병원수":0,
            "500m이내공원수":0,
            "3km이내혐오시설수":0,
            "초등학교학업성취도":87.23,
            "중학교학업성취도":86.5,
            "용적률":226,
            "건폐율":15,
            "Y":35.220941,
            "X":128.148612,
            "rank":90.0,
            "area_info":"24평(82.23), 33평(110.57), 33평(111.43), 33평(111.19), 42평(139.9), 42평(139.05), 42평(139.48), 50평(165.32), 50평(167.41), 60평(199.44)",
            "last_sales":"2021-10-07,33000.0,60평(199.44)"
        },
        {
            "index":591,
            "아파트명":"도동대림",
            "투자타입":"재건축",
            "전용면적(m2)":"89.76",
            "전용면적(평)":"27평",
            "법정동주소":"경상남도 진주시 하대동 585-2",
            "도로명주소":"경상남도 진주시 하대로40번길 4",
            "세대수":0,
            "입주년차":"--",
            "용적률점수":20,
            "건폐율점수":100,
            "세대당주차수":"--",
            "난방방식":"--",
            "공급면적":70,
            "전용률":80,
            "욕실수":"--",
            "현관타입":"--",
            "주거총점":35.5,
            "지역구공급총점":100.0,
            "역세권":"NA",
            "30분내 이동가능 거점":"NA",
            "1시간내 이동가능 거점":"NA",
            "교통총점":"NA",
            "백화점":0,
            "아울렛몰":80,
            "대형마트":100,
            "은행":0,
            "병원":10,
            "종합병원":100,
            "공원":80,
            "혐오시설":0,
            "인프라총점":46.4,
            "초등학군":86.75,
            "중학군":38.78,
            "학군총점":48.374,
            "인구수":38.4,
            "인구증감":2.33,
            "인구총점":27.579,
            "일자리":16.8,
            "소득수준":61.15,
            "일자리총점":30.105,
            "가치 총점":43.0785,
            "매매실거래년":20211116.0,
            "매매실거래가":17000.0,
            "전세실거래년":20210409.0,
            "전세실거래가":10000.0,
            "전세가율":95.24,
            "장기전세가율평균":78.0,
            "전세가율거품지수":-17.24,
            "검색코드":101098,
            "세대수":283,
            "준공년월":"1992-12-03",
            "준공년차":31,
            "가까운역이름":"NA",
            "가까운역거리":"NA",
            "역세권여부":"NA",
            "30분이내주요거점역":"NA",
            "1시간이내주요거점역":"NA",
            "3km이내백화점수":0,
            "5km이내아울렛몰수":1,
            "1km이내대형먀트수":2,
            "500m이내은행수":0,
            "500m이내병원수":4,
            "5km이내대형병원수":4,
            "500m이내공원수":1,
            "3km이내혐오시설수":0,
            "초등학교학업성취도":86.75,
            "중학교학업성취도":64.1,
            "용적률":208,
            "건폐율":16,
            "Y":35.192618,
            "X":128.115232,
            "rank":91.0,
            "area_info":"27평(89.76), 31평(103.04), 51평(171.65)",
            "last_sales":"2021-11-16,17000.0,31평(103.04)"
        },
        {
            "index":467,
            "아파트명":"현대(칠암현대)",
            "투자타입":"재건축",
            "전용면적(m2)":"110.69",
            "전용면적(평)":"33평",
            "법정동주소":"경상남도 진주시 칠암동 277",
            "도로명주소":"경상남도 진주시 강남로255번길 18",
            "세대수":0,
            "입주년차":"--",
            "용적률점수":0,
            "건폐율점수":0,
            "세대당주차수":"--",
            "난방방식":"--",
            "공급면적":90,
            "전용률":60,
            "욕실수":"--",
            "현관타입":"--",
            "주거총점":7.5,
            "지역구공급총점":100.0,
            "역세권":"NA",
            "30분내 이동가능 거점":"NA",
            "1시간내 이동가능 거점":"NA",
            "교통총점":"NA",
            "백화점":100,
            "아울렛몰":80,
            "대형마트":0,
            "은행":0,
            "병원":60,
            "종합병원":100,
            "공원":100,
            "혐오시설":0,
            "인프라총점":67.0,
            "초등학군":85.24,
            "중학군":46.76,
            "학군총점":54.456,
            "인구수":38.4,
            "인구증감":2.33,
            "인구총점":27.579,
            "일자리":16.8,
            "소득수준":61.15,
            "일자리총점":30.105,
            "가치 총점":43.039,
            "매매실거래년":20210208.0,
            "매매실거래가":15000.0,
            "전세실거래년":null,
            "전세실거래가":null,
            "전세가율":null,
            "장기전세가율평균":78.0,
            "전세가율거품지수":null,
            "검색코드":7440,
            "세대수":190,
            "준공년월":"1985-08-16",
            "준공년차":38,
            "가까운역이름":"NA",
            "가까운역거리":"NA",
            "역세권여부":"NA",
            "30분이내주요거점역":"NA",
            "1시간이내주요거점역":"NA",
            "3km이내백화점수":1,
            "5km이내아울렛몰수":1,
            "1km이내대형먀트수":0,
            "500m이내은행수":0,
            "500m이내병원수":12,
            "5km이내대형병원수":4,
            "500m이내공원수":2,
            "3km이내혐오시설수":0,
            "초등학교학업성취도":85.24,
            "중학교학업성취도":76.2,
            "용적률":0,
            "건폐율":0,
            "Y":35.187223,
            "X":128.089081,
            "rank":92.0,
            "area_info":"33평(110.69), 34평(113.39), 42평(141.0)",
            "last_sales":"2021-02-08,15000.0,42평(141.0)"
        },
        {
            "index":285,
            "아파트명":"우신파크맨션",
            "투자타입":"재건축",
            "전용면적(m2)":"89.73",
            "전용면적(평)":"27평",
            "법정동주소":"경상남도 진주시 이현동 270",
            "도로명주소":"경상남도 진주시 서장대로 226",
            "세대수":0,
            "입주년차":"--",
            "용적률점수":0,
            "건폐율점수":80,
            "세대당주차수":"--",
            "난방방식":"--",
            "공급면적":70,
            "전용률":80,
            "욕실수":"--",
            "현관타입":"--",
            "주거총점":23.5,
            "지역구공급총점":100.0,
            "역세권":"NA",
            "30분내 이동가능 거점":"NA",
            "1시간내 이동가능 거점":"NA",
            "교통총점":"NA",
            "백화점":100,
            "아울렛몰":0,
            "대형마트":0,
            "은행":0,
            "병원":10,
            "종합병원":100,
            "공원":100,
            "혐오시설":0,
            "인프라총점":54.0,
            "초등학군":87.95,
            "중학군":43.38,
            "학군총점":52.294,
            "인구수":38.4,
            "인구증감":2.33,
            "인구총점":27.579,
            "일자리":16.8,
            "소득수준":61.15,
            "일자리총점":30.105,
            "가치 총점":42.8985,
            "매매실거래년":20211001.0,
            "매매실거래가":9350.0,
            "전세실거래년":20210409.0,
            "전세실거래가":7000.0,
            "전세가율":77.78,
            "장기전세가율평균":78.0,
            "전세가율거품지수":0.22,
            "검색코드":16731,
            "세대수":104,
            "준공년월":"1992-05-01",
            "준공년차":31,
            "가까운역이름":"NA",
            "가까운역거리":"NA",
            "역세권여부":"NA",
            "30분이내주요거점역":"NA",
            "1시간이내주요거점역":"NA",
            "3km이내백화점수":1,
            "5km이내아울렛몰수":0,
            "1km이내대형먀트수":0,
            "500m이내은행수":0,
            "500m이내병원수":3,
            "5km이내대형병원수":3,
            "500m이내공원수":2,
            "3km이내혐오시설수":0,
            "초등학교학업성취도":87.95,
            "중학교학업성취도":71.9,
            "용적률":318,
            "건폐율":24,
            "Y":35.190496,
            "X":128.058261,
            "rank":93.0,
            "area_info":"27평(89.73), 28평(93.55), 30평(99.78), 30평(101.18), 31평(103.64)",
            "last_sales":"2021-10-01,9350.0,30평(99.78)"
        },
        {
            "index":299,
            "아파트명":"주공",
            "투자타입":"재건축",
            "전용면적(m2)":"47.57",
            "전용면적(평)":"14평",
            "법정동주소":"경상남도 진주시 이현동 9-13",
            "도로명주소":"경상남도 진주시 서장대로 235",
            "세대수":50,
            "입주년차":"--",
            "용적률점수":0,
            "건폐율점수":0,
            "세대당주차수":"--",
            "난방방식":"--",
            "공급면적":50,
            "전용률":100,
            "욕실수":"--",
            "현관타입":"--",
            "주거총점":22.5,
            "지역구공급총점":100.0,
            "역세권":"NA",
            "30분내 이동가능 거점":"NA",
            "1시간내 이동가능 거점":"NA",
            "교통총점":"NA",
            "백화점":100,
            "아울렛몰":0,
            "대형마트":0,
            "은행":0,
            "병원":10,
            "종합병원":100,
            "공원":100,
            "혐오시설":0,
            "인프라총점":54.0,
            "초등학군":87.95,
            "중학군":43.38,
            "학군총점":52.294,
            "인구수":38.4,
            "인구증감":2.33,
            "인구총점":27.579,
            "일자리":16.8,
            "소득수준":61.15,
            "일자리총점":30.105,
            "가치 총점":42.5485,
            "매매실거래년":20220103.0,
            "매매실거래가":19200.0,
            "전세실거래년":20210407.0,
            "전세실거래가":3500.0,
            "전세가율":36.84,
            "장기전세가율평균":78.0,
            "전세가율거품지수":41.16,
            "검색코드":7385,
            "세대수":640,
            "준공년월":"1983-12-15",
            "준공년차":40,
            "가까운역이름":"NA",
            "가까운역거리":"NA",
            "역세권여부":"NA",
            "30분이내주요거점역":"NA",
            "1시간이내주요거점역":"NA",
            "3km이내백화점수":1,
            "5km이내아울렛몰수":0,
            "1km이내대형먀트수":0,
            "500m이내은행수":0,
            "500m이내병원수":3,
            "5km이내대형병원수":3,
            "500m이내공원수":2,
            "3km이내혐오시설수":0,
            "초등학교학업성취도":87.95,
            "중학교학업성취도":71.9,
            "용적률":0,
            "건폐율":0,
            "Y":35.191911,
            "X":128.058592,
            "rank":94.0,
            "area_info":"14평(47.57), 16평(53.63), 16평(54.12), 18평(61.57), 19평(65.2)",
            "last_sales":"2022-01-03,19200.0,19평(65.2)"
        },
        {
            "index":470,
            "아파트명":"현대",
            "투자타입":"재건축",
            "전용면적(m2)":"87.31",
            "전용면적(평)":"26평",
            "법정동주소":"경상남도 진주시 판문동 269-13",
            "도로명주소":"경상남도 진주시 진양호로51번길 6-7",
            "세대수":0,
            "입주년차":"--",
            "용적률점수":60,
            "건폐율점수":100,
            "세대당주차수":"--",
            "난방방식":"--",
            "공급면적":70,
            "전용률":80,
            "욕실수":"--",
            "현관타입":"--",
            "주거총점":51.5,
            "지역구공급총점":100.0,
            "역세권":"NA",
            "30분내 이동가능 거점":"NA",
            "1시간내 이동가능 거점":"NA",
            "교통총점":"NA",
            "백화점":0,
            "아울렛몰":0,
            "대형마트":0,
            "은행":0,
            "병원":0,
            "종합병원":100,
            "공원":100,
            "혐오시설":0,
            "인프라총점":23.0,
            "초등학군":85.67,
            "중학군":53.74,
            "학군총점":60.126,
            "인구수":38.4,
            "인구증감":2.33,
            "인구총점":27.579,
            "일자리":16.8,
            "소득수준":61.15,
            "일자리총점":30.105,
            "가치 총점":42.2565,
            "매매실거래년":20211227.0,
            "매매실거래가":15000.0,
            "전세실거래년":20211015.0,
            "전세실거래가":13000.0,
            "전세가율":106.56,
            "장기전세가율평균":78.0,
            "전세가율거품지수":-28.56,
            "검색코드":7443,
            "세대수":294,
            "준공년월":"1992-03-28",
            "준공년차":31,
            "가까운역이름":"NA",
            "가까운역거리":"NA",
            "역세권여부":"NA",
            "30분이내주요거점역":"NA",
            "1시간이내주요거점역":"NA",
            "3km이내백화점수":0,
            "5km이내아울렛몰수":0,
            "1km이내대형먀트수":0,
            "500m이내은행수":0,
            "500m이내병원수":1,
            "5km이내대형병원수":3,
            "500m이내공원수":3,
            "3km이내혐오시설수":0,
            "초등학교학업성취도":85.67,
            "중학교학업성취도":88.5,
            "용적률":199,
            "건폐율":16,
            "Y":35.1681,
            "X":128.046202,
            "rank":95.0,
            "area_info":"26평(87.31), 31평(104.21)",
            "last_sales":"2021-12-27,15000.0,31평(104.21)"
        },
        {
            "index":554,
            "아파트명":"평거하우스토리",
            "투자타입":"일반",
            "전용면적(m2)":"130.52",
            "전용면적(평)":"39평",
            "법정동주소":"경상남도 진주시 평거동 150-4",
            "도로명주소":"경상남도 진주시 진양호로239번길 13",
            "세대수":0,
            "입주년차":60,
            "용적률점수":"--",
            "건폐율점수":"--",
            "세대당주차수":60,
            "난방방식":30,
            "공급면적":"--",
            "전용률":"--",
            "욕실수":100,
            "현관타입":100,
            "주거총점":44.0,
            "지역구공급총점":100.0,
            "역세권":"NA",
            "30분내 이동가능 거점":"NA",
            "1시간내 이동가능 거점":"NA",
            "교통총점":"NA",
            "백화점":0,
            "아울렛몰":0,
            "대형마트":0,
            "은행":0,
            "병원":80,
            "종합병원":100,
            "공원":100,
            "혐오시설":0,
            "인프라총점":31.0,
            "초등학군":90.15,
            "중학군":48.1,
            "학군총점":56.51,
            "인구수":38.4,
            "인구증감":2.33,
            "인구총점":27.579,
            "일자리":16.8,
            "소득수준":61.15,
            "일자리총점":30.105,
            "가치 총점":41.9275,
            "매매실거래년":20211227.0,
            "매매실거래가":41000.0,
            "전세실거래년":20180412.0,
            "전세실거래가":30000.0,
            "전세가율":75.0,
            "장기전세가율평균":78.0,
            "전세가율거품지수":3.0,
            "검색코드":108777,
            "세대수":115,
            "준공년월":"2009-09-23",
            "준공년차":14,
            "가까운역이름":"NA",
            "가까운역거리":"NA",
            "역세권여부":"NA",
            "30분이내주요거점역":"NA",
            "1시간이내주요거점역":"NA",
            "3km이내백화점수":0,
            "5km이내아울렛몰수":0,
            "1km이내대형먀트수":0,
            "500m이내은행수":0,
            "500m이내병원수":32,
            "5km이내대형병원수":3,
            "500m이내공원수":2,
            "3km이내혐오시설수":0,
            "초등학교학업성취도":90.15,
            "중학교학업성취도":78.9,
            "용적률":221,
            "건폐율":35,
            "Y":35.175495,
            "X":128.060095,
            "rank":96.0,
            "area_info":"39평(130.52), 47평(155.8), 54평(181.41), 59평(196.72), 67평(223.55)",
            "last_sales":"2021-12-27,41000.0,47평(155.8)"
        },
        {
            "index":282,
            "아파트명":"신익무지개",
            "투자타입":"재건축",
            "전용면적(m2)":"51.76",
            "전용면적(평)":"15평",
            "법정동주소":"경상남도 진주시 이현동 111-4",
            "도로명주소":"경상남도 진주시 숙호산로 64-5",
            "세대수":0,
            "입주년차":"--",
            "용적률점수":20,
            "건폐율점수":40,
            "세대당주차수":"--",
            "난방방식":"--",
            "공급면적":50,
            "전용률":60,
            "욕실수":"--",
            "현관타입":"--",
            "주거총점":21.5,
            "지역구공급총점":100.0,
            "역세권":"NA",
            "30분내 이동가능 거점":"NA",
            "1시간내 이동가능 거점":"NA",
            "교통총점":"NA",
            "백화점":100,
            "아울렛몰":0,
            "대형마트":0,
            "은행":0,
            "병원":0,
            "종합병원":100,
            "공원":0,
            "혐오시설":0,
            "인프라총점":50.0,
            "초등학군":87.95,
            "중학군":49.38,
            "학군총점":57.094,
            "인구수":38.4,
            "인구증감":2.33,
            "인구총점":27.579,
            "일자리":16.8,
            "소득수준":61.15,
            "일자리총점":30.105,
            "가치 총점":41.7985,
            "매매실거래년":20210930.0,
            "매매실거래가":7350.0,
            "전세실거래년":20200512.0,
            "전세실거래가":3500.0,
            "전세가율":70.0,
            "장기전세가율평균":78.0,
            "전세가율거품지수":8.0,
            "검색코드":7381,
            "세대수":168,
            "준공년월":"1987-08-14",
            "준공년차":36,
            "가까운역이름":"NA",
            "가까운역거리":"NA",
            "역세권여부":"NA",
            "30분이내주요거점역":"NA",
            "1시간이내주요거점역":"NA",
            "3km이내백화점수":1,
            "5km이내아울렛몰수":0,
            "1km이내대형먀트수":0,
            "500m이내은행수":0,
            "500m이내병원수":1,
            "5km이내대형병원수":3,
            "500m이내공원수":0,
            "3km이내혐오시설수":0,
            "초등학교학업성취도":87.95,
            "중학교학업성취도":82.1,
            "용적률":204,
            "건폐율":36,
            "Y":35.186455,
            "X":128.061893,
            "rank":97.0,
            "area_info":"15평(51.76), 18평(60.87), 22평(73.57)",
            "last_sales":"2021-09-30,7350.0,18평(60.87)"
        },
        {
            "index":528,
            "아파트명":"진주평거건영아모리움",
            "투자타입":"일반",
            "전용면적(m2)":"100.85",
            "전용면적(평)":"30평",
            "법정동주소":"경상남도 진주시 평거동 141",
            "도로명주소":"경상남도 진주시 진양호로225번길 13",
            "세대수":0,
            "입주년차":80,
            "용적률점수":"--",
            "건폐율점수":"--",
            "세대당주차수":30,
            "난방방식":30,
            "공급면적":"--",
            "전용률":"--",
            "욕실수":100,
            "현관타입":100,
            "주거총점":43.5,
            "지역구공급총점":100.0,
            "역세권":"NA",
            "30분내 이동가능 거점":"NA",
            "1시간내 이동가능 거점":"NA",
            "교통총점":"NA",
            "백화점":0,
            "아울렛몰":0,
            "대형마트":0,
            "은행":0,
            "병원":80,
            "종합병원":100,
            "공원":100,
            "혐오시설":0,
            "인프라총점":31.0,
            "초등학군":90.15,
            "중학군":48.1,
            "학군총점":56.51,
            "인구수":38.4,
            "인구증감":2.33,
            "인구총점":27.579,
            "일자리":16.8,
            "소득수준":61.15,
            "일자리총점":30.105,
            "가치 총점":41.7525,
            "매매실거래년":20220107.0,
            "매매실거래가":26300.0,
            "전세실거래년":20200123.0,
            "전세실거래가":20000.0,
            "전세가율":69.93,
            "장기전세가율평균":78.0,
            "전세가율거품지수":8.07,
            "검색코드":111853,
            "세대수":236,
            "준공년월":"2017-11-17",
            "준공년차":6,
            "가까운역이름":"NA",
            "가까운역거리":"NA",
            "역세권여부":"NA",
            "30분이내주요거점역":"NA",
            "1시간이내주요거점역":"NA",
            "3km이내백화점수":0,
            "5km이내아울렛몰수":0,
            "1km이내대형먀트수":0,
            "500m이내은행수":0,
            "500m이내병원수":34,
            "5km이내대형병원수":3,
            "500m이내공원수":2,
            "3km이내혐오시설수":0,
            "초등학교학업성취도":90.15,
            "중학교학업성취도":78.9,
            "용적률":727,
            "건폐율":73,
            "Y":35.174734,
            "X":128.059885,
            "rank":98.0,
            "area_info":"30평(100.85), 30평(101.11), 30평(101.89), 30평(101.7), 31평(102.58), 31평(104.14), 31평(104.03), 31평(105.18), 31평(105.57), 32평(106.74), 32평(107.4)",
            "last_sales":"2022-01-07,26300.0,31평(105.57)"
        },
        {
            "index":141,
            "아파트명":"상봉1차",
            "투자타입":"재건축",
            "전용면적(m2)":"40.44",
            "전용면적(평)":"12평",
            "법정동주소":"경상남도 진주시 상봉동 800-1",
            "도로명주소":"경상남도 진주시 창렬로 129",
            "세대수":50,
            "입주년차":"--",
            "용적률점수":0,
            "건폐율점수":0,
            "세대당주차수":"--",
            "난방방식":"--",
            "공급면적":50,
            "전용률":100,
            "욕실수":"--",
            "현관타입":"--",
            "주거총점":22.5,
            "지역구공급총점":100.0,
            "역세권":"NA",
            "30분내 이동가능 거점":"NA",
            "1시간내 이동가능 거점":"NA",
            "교통총점":"NA",
            "백화점":100,
            "아울렛몰":0,
            "대형마트":0,
            "은행":0,
            "병원":10,
            "종합병원":100,
            "공원":100,
            "혐오시설":0,
            "인프라총점":54.0,
            "초등학군":87.76,
            "중학군":39.36,
            "학군총점":49.04,
            "인구수":38.4,
            "인구증감":2.33,
            "인구총점":27.579,
            "일자리":16.8,
            "소득수준":61.15,
            "일자리총점":30.105,
            "가치 총점":41.735,
            "매매실거래년":20211223.0,
            "매매실거래가":8750.0,
            "전세실거래년":20220103.0,
            "전세실거래가":2500.0,
            "전세가율":27.93,
            "장기전세가율평균":78.0,
            "전세가율거품지수":50.07,
            "검색코드":7247,
            "세대수":650,
            "준공년월":"1979-06-01",
            "준공년차":44,
            "가까운역이름":"NA",
            "가까운역거리":"NA",
            "역세권여부":"NA",
            "30분이내주요거점역":"NA",
            "1시간이내주요거점역":"NA",
            "3km이내백화점수":1,
            "5km이내아울렛몰수":0,
            "1km이내대형먀트수":0,
            "500m이내은행수":0,
            "500m이내병원수":4,
            "5km이내대형병원수":3,
            "500m이내공원수":2,
            "3km이내혐오시설수":0,
            "초등학교학업성취도":87.76,
            "중학교학업성취도":65.6,
            "용적률":0,
            "건폐율":0,
            "Y":35.198816,
            "X":128.070706,
            "rank":99.0,
            "area_info":"12평(40.44), 12평(40.47), 12평(40.96), 12평(41.9), 12평(41.38)",
            "last_sales":"2021-12-23,8750.0,12평(41.9)"
        },
        {
            "index":522,
            "아파트명":"원정로얄팰리스",
            "투자타입":"일반",
            "전용면적(m2)":"98.04",
            "전용면적(평)":"29평",
            "법정동주소":"경상남도 진주시 평거동 146",
            "도로명주소":"경상남도 진주시 진양호로225번길 8",
            "세대수":0,
            "입주년차":40,
            "용적률점수":"--",
            "건폐율점수":"--",
            "세대당주차수":80,
            "난방방식":30,
            "공급면적":"--",
            "전용률":"--",
            "욕실수":100,
            "현관타입":100,
            "주거총점":43.0,
            "지역구공급총점":100.0,
            "역세권":"NA",
            "30분내 이동가능 거점":"NA",
            "1시간내 이동가능 거점":"NA",
            "교통총점":"NA",
            "백화점":0,
            "아울렛몰":0,
            "대형마트":0,
            "은행":0,
            "병원":80,
            "종합병원":100,
            "공원":100,
            "혐오시설":0,
            "인프라총점":31.0,
            "초등학군":90.15,
            "중학군":48.1,
            "학군총점":56.51,
            "인구수":38.4,
            "인구증감":2.33,
            "인구총점":27.579,
            "일자리":16.8,
            "소득수준":61.15,
            "일자리총점":30.105,
            "가치 총점":41.5775,
            "매매실거래년":20211229.0,
            "매매실거래가":26500.0,
            "전세실거래년":20190306.0,
            "전세실거래가":16000.0,
            "전세가율":82.05,
            "장기전세가율평균":78.0,
            "전세가율거품지수":-4.05,
            "검색코드":18532,
            "세대수":100,
            "준공년월":"2005-07-14",
            "준공년차":18,
            "가까운역이름":"NA",
            "가까운역거리":"NA",
            "역세권여부":"NA",
            "30분이내주요거점역":"NA",
            "1시간이내주요거점역":"NA",
            "3km이내백화점수":0,
            "5km이내아울렛몰수":0,
            "1km이내대형먀트수":0,
            "500m이내은행수":0,
            "500m이내병원수":36,
            "5km이내대형병원수":3,
            "500m이내공원수":3,
            "3km이내혐오시설수":0,
            "초등학교학업성취도":90.15,
            "중학교학업성취도":78.9,
            "용적률":422,
            "건폐율":35,
            "Y":35.174755,
            "X":128.061137,
            "rank":100.0,
            "area_info":"29평(98.04), 38평(125.63)",
            "last_sales":"2021-12-29,26500.0,38평(125.63)"
        },
        {
            "index":383,
            "아파트명":"초전흥한황토방",
            "투자타입":"일반",
            "전용면적(m2)":"79.49",
            "전용면적(평)":"24평",
            "법정동주소":"경상남도 진주시 초전동 676-3",
            "도로명주소":"경상남도 진주시 초전남로 30",
            "세대수":50,
            "입주년차":20,
            "용적률점수":"--",
            "건폐율점수":"--",
            "세대당주차수":30,
            "난방방식":30,
            "공급면적":"--",
            "전용률":"--",
            "욕실수":50,
            "현관타입":100,
            "주거총점":44.0,
            "지역구공급총점":100.0,
            "역세권":"NA",
            "30분내 이동가능 거점":"NA",
            "1시간내 이동가능 거점":"NA",
            "교통총점":"NA",
            "백화점":0,
            "아울렛몰":80,
            "대형마트":0,
            "은행":0,
            "병원":10,
            "종합병원":100,
            "공원":0,
            "혐오시설":0,
            "인프라총점":29.0,
            "초등학군":87.37,
            "중학군":50.62,
            "학군총점":57.97,
            "인구수":38.4,
            "인구증감":2.33,
            "인구총점":27.579,
            "일자리":16.8,
            "소득수준":61.15,
            "일자리총점":30.105,
            "가치 총점":41.4925,
            "매매실거래년":20211105.0,
            "매매실거래가":20300.0,
            "전세실거래년":20211110.0,
            "전세실거래가":15000.0,
            "전세가율":91.46,
            "장기전세가율평균":78.0,
            "전세가율거품지수":-13.46,
            "검색코드":7430,
            "세대수":456,
            "준공년월":"2001-04-18",
            "준공년차":22,
            "가까운역이름":"NA",
            "가까운역거리":"NA",
            "역세권여부":"NA",
            "30분이내주요거점역":"NA",
            "1시간이내주요거점역":"NA",
            "3km이내백화점수":0,
            "5km이내아울렛몰수":1,
            "1km이내대형먀트수":0,
            "500m이내은행수":0,
            "500m이내병원수":4,
            "5km이내대형병원수":4,
            "500m이내공원수":0,
            "3km이내혐오시설수":0,
            "초등학교학업성취도":87.37,
            "중학교학업성취도":83.7,
            "용적률":229,
            "건폐율":23,
            "Y":35.199117,
            "X":128.115384,
            "rank":101.0,
            "area_info":"24평(79.49), 28평(95.77), 32평(105.89), 37평(124.18)",
            "last_sales":"2021-11-05,20300.0,28평(95.77)"
        },
        {
            "index":208,
            "아파트명":"국제",
            "투자타입":"재건축",
            "전용면적(m2)":"46.15",
            "전용면적(평)":"13평",
            "법정동주소":"경상남도 진주시 신안동 409-2",
            "도로명주소":"경상남도 진주시 석갑로 138",
            "세대수":0,
            "입주년차":"--",
            "용적률점수":0,
            "건폐율점수":0,
            "세대당주차수":"--",
            "난방방식":"--",
            "공급면적":50,
            "전용률":80,
            "욕실수":"--",
            "현관타입":"--",
            "주거총점":6.5,
            "지역구공급총점":100.0,
            "역세권":"NA",
            "30분내 이동가능 거점":"NA",
            "1시간내 이동가능 거점":"NA",
            "교통총점":"NA",
            "백화점":100,
            "아울렛몰":0,
            "대형마트":0,
            "은행":20,
            "병원":60,
            "종합병원":100,
            "공원":100,
            "혐오시설":0,
            "인프라총점":61.0,
            "초등학군":90.42,
            "중학군":49.38,
            "학군총점":57.588,
            "인구수":38.4,
            "인구증감":2.33,
            "인구총점":27.579,
            "일자리":16.8,
            "소득수준":61.15,
            "일자리총점":30.105,
            "가치 총점":41.072,
            "매매실거래년":20211129.0,
            "매매실거래가":5500.0,
            "전세실거래년":20150725.0,
            "전세실거래가":3500.0,
            "전세가율":89.74,
            "장기전세가율평균":78.0,
            "전세가율거품지수":-11.74,
            "검색코드":7296,
            "세대수":151,
            "준공년월":"1987-09-10",
            "준공년차":36,
            "가까운역이름":"NA",
            "가까운역거리":"NA",
            "역세권여부":"NA",
            "30분이내주요거점역":"NA",
            "1시간이내주요거점역":"NA",
            "3km이내백화점수":1,
            "5km이내아울렛몰수":0,
            "1km이내대형먀트수":0,
            "500m이내은행수":2,
            "500m이내병원수":22,
            "5km이내대형병원수":3,
            "500m이내공원수":3,
            "3km이내혐오시설수":0,
            "초등학교학업성취도":90.42,
            "중학교학업성취도":82.1,
            "용적률":0,
            "건폐율":0,
            "Y":35.181975,
            "X":128.06335,
            "rank":102.0,
            "area_info":"13평(46.15), 14평(46.95), 14평(47.86), 14평(48.02), 15평(50.96), 15평(52.56), 16평(53.97), 18평(60.31), 23평(77.54), 26평(87.23)",
            "last_sales":"2021-11-29,5500.0,23평(77.54)"
        },
        {
            "index":652,
            "아파트명":"상대주공",
            "투자타입":"재건축",
            "전용면적(m2)":"40.99",
            "전용면적(평)":"12평",
            "법정동주소":"경상남도 진주시 하대동 72",
            "도로명주소":"경상남도 진주시 상대로 101",
            "세대수":50,
            "입주년차":"--",
            "용적률점수":0,
            "건폐율점수":0,
            "세대당주차수":"--",
            "난방방식":"--",
            "공급면적":50,
            "전용률":100,
            "욕실수":"--",
            "현관타입":"--",
            "주거총점":22.5,
            "지역구공급총점":100.0,
            "역세권":"NA",
            "30분내 이동가능 거점":"NA",
            "1시간내 이동가능 거점":"NA",
            "교통총점":"NA",
            "백화점":0,
            "아울렛몰":80,
            "대형마트":100,
            "은행":0,
            "병원":60,
            "종합병원":100,
            "공원":0,
            "혐오시설":0,
            "인프라총점":49.0,
            "초등학군":86.22,
            "중학군":45.58,
            "학군총점":53.708,
            "인구수":38.4,
            "인구증감":2.33,
            "인구총점":27.579,
            "일자리":16.8,
            "소득수준":61.15,
            "일자리총점":30.105,
            "가치 총점":40.902,
            "매매실거래년":20211101.0,
            "매매실거래가":11000.0,
            "전세실거래년":20220106.0,
            "전세실거래가":3000.0,
            "전세가율":27.33,
            "장기전세가율평균":78.0,
            "전세가율거품지수":50.67,
            "검색코드":15688,
            "세대수":510,
            "준공년월":"1980-09-01",
            "준공년차":43,
            "가까운역이름":"NA",
            "가까운역거리":"NA",
            "역세권여부":"NA",
            "30분이내주요거점역":"NA",
            "1시간이내주요거점역":"NA",
            "3km이내백화점수":0,
            "5km이내아울렛몰수":1,
            "1km이내대형먀트수":2,
            "500m이내은행수":0,
            "500m이내병원수":11,
            "5km이내대형병원수":4,
            "500m이내공원수":0,
            "3km이내혐오시설수":0,
            "초등학교학업성취도":86.22,
            "중학교학업성취도":75.3,
            "용적률":0,
            "건폐율":0,
            "Y":35.185281,
            "X":128.123885,
            "rank":103.0,
            "area_info":"12평(40.99), 12평(41.52), 12평(41.55), 12평(42.12)",
            "last_sales":"2021-11-01,11000.0,12평(42.12)"
        },
        {
            "index":60,
            "아파트명":"금산아이파크",
            "투자타입":"일반",
            "전용면적(m2)":"82.26",
            "전용면적(평)":"24평",
            "법정동주소":"경상남도 진주시 금산면 장사리 965-1",
            "도로명주소":"경상남도 진주시 중천로 82",
            "세대수":80,
            "입주년차":40,
            "용적률점수":"--",
            "건폐율점수":"--",
            "세대당주차수":30,
            "난방방식":30,
            "공급면적":"--",
            "전용률":"--",
            "욕실수":50,
            "현관타입":100,
            "주거총점":58.5,
            "지역구공급총점":100.0,
            "역세권":"NA",
            "30분내 이동가능 거점":"NA",
            "1시간내 이동가능 거점":"NA",
            "교통총점":"NA",
            "백화점":0,
            "아울렛몰":80,
            "대형마트":0,
            "은행":0,
            "병원":30,
            "종합병원":0,
            "공원":100,
            "혐오시설":0,
            "인프라총점":14.0,
            "초등학군":85.21,
            "중학군":52.58,
            "학군총점":59.106,
            "인구수":38.4,
            "인구증감":2.33,
            "인구총점":27.579,
            "일자리":16.8,
            "소득수준":61.15,
            "일자리총점":30.105,
            "가치 총점":40.8515,
            "매매실거래년":20220116.0,
            "매매실거래가":14500.0,
            "전세실거래년":20211103.0,
            "전세실거래가":10500.0,
            "전세가율":72.41,
            "장기전세가율평균":78.0,
            "전세가율거품지수":5.59,
            "검색코드":17374,
            "세대수":735,
            "준공년월":"2004-08-27",
            "준공년차":19,
            "가까운역이름":"NA",
            "가까운역거리":"NA",
            "역세권여부":"NA",
            "30분이내주요거점역":"NA",
            "1시간이내주요거점역":"NA",
            "3km이내백화점수":0,
            "5km이내아울렛몰수":1,
            "1km이내대형먀트수":0,
            "500m이내은행수":0,
            "500m이내병원수":9,
            "5km이내대형병원수":0,
            "500m이내공원수":2,
            "3km이내혐오시설수":0,
            "초등학교학업성취도":85.21,
            "중학교학업성취도":86.5,
            "용적률":224,
            "건폐율":19,
            "Y":35.216444,
            "X":128.145773,
            "rank":104.0,
            "area_info":"24평(82.26), 34평(115.18), 39평(131.16), 42평(140.11)",
            "last_sales":"2022-01-16,14500.0,24평(82.26)"
        },
        {
            "index":264,
            "아파트명":"유곡한보",
            "투자타입":"일반",
            "전용면적(m2)":"81.59",
            "전용면적(평)":"24평",
            "법정동주소":"경상남도 진주시 유곡동 72-1",
            "도로명주소":"경상남도 진주시 진주대로 1278",
            "세대수":0,
            "입주년차":0,
            "용적률점수":"--",
            "건폐율점수":"--",
            "세대당주차수":0,
            "난방방식":30,
            "공급면적":"--",
            "전용률":"--",
            "욕실수":50,
            "현관타입":100,
            "주거총점":18.0,
            "지역구공급총점":100.0,
            "역세권":"NA",
            "30분내 이동가능 거점":"NA",
            "1시간내 이동가능 거점":"NA",
            "교통총점":"NA",
            "백화점":100,
            "아울렛몰":0,
            "대형마트":0,
            "은행":0,
            "병원":10,
            "종합병원":100,
            "공원":80,
            "혐오시설":0,
            "인프라총점":53.4,
            "초등학군":87.95,
            "중학군":43.38,
            "학군총점":52.294,
            "인구수":38.4,
            "인구증감":2.33,
            "인구총점":27.579,
            "일자리":16.8,
            "소득수준":61.15,
            "일자리총점":30.105,
            "가치 총점":40.7335,
            "매매실거래년":20211218.0,
            "매매실거래가":9500.0,
            "전세실거래년":20200312.0,
            "전세실거래가":7500.0,
            "전세가율":78.95,
            "장기전세가율평균":78.0,
            "전세가율거품지수":-0.95,
            "검색코드":16740,
            "세대수":204,
            "준공년월":"1994-05-01",
            "준공년차":29,
            "가까운역이름":"NA",
            "가까운역거리":"NA",
            "역세권여부":"NA",
            "30분이내주요거점역":"NA",
            "1시간이내주요거점역":"NA",
            "3km이내백화점수":1,
            "5km이내아울렛몰수":0,
            "1km이내대형먀트수":0,
            "500m이내은행수":0,
            "500m이내병원수":3,
            "5km이내대형병원수":3,
            "500m이내공원수":1,
            "3km이내혐오시설수":0,
            "초등학교학업성취도":87.95,
            "중학교학업성취도":71.9,
            "용적률":396,
            "건폐율":32,
            "Y":35.19419,
            "X":128.06348,
            "rank":105.0,
            "area_info":"24평(81.59), 32평(106.05), 32평(106.02)",
            "last_sales":"2021-12-18,9500.0,24평(81.59)"
        },
        {
            "index":79,
            "아파트명":"진주금산진흥더루벤스",
            "투자타입":"일반",
            "전용면적(m2)":"110.51",
            "전용면적(평)":"33평",
            "법정동주소":"경상남도 진주시 금산면 중천리 330",
            "도로명주소":"경상남도 진주시 금산로 22",
            "세대수":50,
            "입주년차":60,
            "용적률점수":"--",
            "건폐율점수":"--",
            "세대당주차수":60,
            "난방방식":30,
            "공급면적":"--",
            "전용률":"--",
            "욕실수":100,
            "현관타입":100,
            "주거총점":61.5,
            "지역구공급총점":100.0,
            "역세권":"NA",
            "30분내 이동가능 거점":"NA",
            "1시간내 이동가능 거점":"NA",
            "교통총점":"NA",
            "백화점":0,
            "아울렛몰":80,
            "대형마트":0,
            "은행":0,
            "병원":0,
            "종합병원":0,
            "공원":80,
            "혐오시설":0,
            "인프라총점":10.4,
            "초등학군":85.21,
            "중학군":52.58,
            "학군총점":59.106,
            "인구수":38.4,
            "인구증감":2.33,
            "인구총점":27.579,
            "일자리":16.8,
            "소득수준":61.15,
            "일자리총점":30.105,
            "가치 총점":40.4615,
            "매매실거래년":20220114.0,
            "매매실거래가":25000.0,
            "전세실거래년":20200203.0,
            "전세실거래가":15000.0,
            "전세가율":75.76,
            "장기전세가율평균":78.0,
            "전세가율거품지수":2.24,
            "검색코드":104253,
            "세대수":404,
            "준공년월":"2009-10-30",
            "준공년차":14,
            "가까운역이름":"NA",
            "가까운역거리":"NA",
            "역세권여부":"NA",
            "30분이내주요거점역":"NA",
            "1시간이내주요거점역":"NA",
            "3km이내백화점수":0,
            "5km이내아울렛몰수":1,
            "1km이내대형먀트수":0,
            "500m이내은행수":0,
            "500m이내병원수":1,
            "5km이내대형병원수":0,
            "500m이내공원수":1,
            "3km이내혐오시설수":0,
            "초등학교학업성취도":85.21,
            "중학교학업성취도":86.5,
            "용적률":224,
            "건폐율":18,
            "Y":35.21356,
            "X":128.139591,
            "rank":106.0,
            "area_info":"33평(110.51), 33평(110.51), 33평(111.18), 33평(111.59), 33평(111.77), 48평(159.23), 48평(160.15), 78평(257.97)",
            "last_sales":"2022-01-14,25000.0,48평(160.15)"
        },
        {
            "index":180,
            "아파트명":"동국강변타워2차",
            "투자타입":"재건축",
            "전용면적(m2)":"76.79",
            "전용면적(평)":"23평",
            "법정동주소":"경상남도 진주시 상평동 209-2",
            "도로명주소":"경상남도 진주시 돗골로19번길 12",
            "세대수":0,
            "입주년차":"--",
            "용적률점수":0,
            "건폐율점수":100,
            "세대당주차수":"--",
            "난방방식":"--",
            "공급면적":50,
            "전용률":60,
            "욕실수":"--",
            "현관타입":"--",
            "주거총점":25.5,
            "지역구공급총점":100.0,
            "역세권":"NA",
            "30분내 이동가능 거점":"NA",
            "1시간내 이동가능 거점":"NA",
            "교통총점":"NA",
            "백화점":0,
            "아울렛몰":80,
            "대형마트":80,
            "은행":0,
            "병원":0,
            "종합병원":100,
            "공원":80,
            "혐오시설":0,
            "인프라총점":42.4,
            "초등학군":81.13,
            "중학군":51.32,
            "학군총점":57.282,
            "인구수":38.4,
            "인구증감":2.33,
            "인구총점":27.579,
            "일자리":16.8,
            "소득수준":61.15,
            "일자리총점":30.105,
            "가치 총점":40.2055,
            "매매실거래년":20211224.0,
            "매매실거래가":13500.0,
            "전세실거래년":20110613.0,
            "전세실거래가":6500.0,
            "전세가율":81.25,
            "장기전세가율평균":78.0,
            "전세가율거품지수":-3.25,
            "검색코드":17292,
            "세대수":162,
            "준공년월":"1992-10-19",
            "준공년차":31,
            "가까운역이름":"NA",
            "가까운역거리":"NA",
            "역세권여부":"NA",
            "30분이내주요거점역":"NA",
            "1시간이내주요거점역":"NA",
            "3km이내백화점수":0,
            "5km이내아울렛몰수":1,
            "1km이내대형먀트수":1,
            "500m이내은행수":0,
            "500m이내병원수":0,
            "5km이내대형병원수":4,
            "500m이내공원수":1,
            "3km이내혐오시설수":0,
            "초등학교학업성취도":81.13,
            "중학교학업성취도":85.2,
            "용적률":297,
            "건폐율":19,
            "Y":35.170103,
            "X":128.112039,
            "rank":107.0,
            "area_info":"23평(76.79), 24평(79.44), 31평(102.49)",
            "last_sales":"2021-12-24,13500.0,31평(102.49)"
        },
        {
            "index":173,
            "아파트명":"대림",
            "투자타입":"재건축",
            "전용면적(m2)":"78.67",
            "전용면적(평)":"23평",
            "법정동주소":"경상남도 진주시 상평동 277-1",
            "도로명주소":"경상남도 진주시 남강로 951",
            "세대수":0,
            "입주년차":"--",
            "용적률점수":0,
            "건폐율점수":0,
            "세대당주차수":"--",
            "난방방식":"--",
            "공급면적":50,
            "전용률":80,
            "욕실수":"--",
            "현관타입":"--",
            "주거총점":6.5,
            "지역구공급총점":100.0,
            "역세권":"NA",
            "30분내 이동가능 거점":"NA",
            "1시간내 이동가능 거점":"NA",
            "교통총점":"NA",
            "백화점":100,
            "아울렛몰":80,
            "대형마트":0,
            "은행":0,
            "병원":10,
            "종합병원":100,
            "공원":0,
            "혐오시설":0,
            "인프라총점":59.0,
            "초등학군":81.13,
            "중학군":51.32,
            "학군총점":57.282,
            "인구수":38.4,
            "인구증감":2.33,
            "인구총점":27.579,
            "일자리":16.8,
            "소득수준":61.15,
            "일자리총점":30.105,
            "가치 총점":40.1955,
            "매매실거래년":20211026.0,
            "매매실거래가":17000.0,
            "전세실거래년":null,
            "전세실거래가":null,
            "전세가율":null,
            "장기전세가율평균":78.0,
            "전세가율거품지수":null,
            "검색코드":7269,
            "세대수":157,
            "준공년월":"1989-12-23",
            "준공년차":34,
            "가까운역이름":"NA",
            "가까운역거리":"NA",
            "역세권여부":"NA",
            "30분이내주요거점역":"NA",
            "1시간이내주요거점역":"NA",
            "3km이내백화점수":1,
            "5km이내아울렛몰수":1,
            "1km이내대형먀트수":0,
            "500m이내은행수":0,
            "500m이내병원수":3,
            "5km이내대형병원수":4,
            "500m이내공원수":0,
            "3km이내혐오시설수":0,
            "초등학교학업성취도":81.13,
            "중학교학업성취도":85.2,
            "용적률":0,
            "건폐율":0,
            "Y":35.174368,
            "X":128.100407,
            "rank":108.0,
            "area_info":"23평(78.67), 24평(80.29), 25평(82.93), 29평(96.17), 42평(140.8)",
            "last_sales":"2021-10-26,17000.0,42평(140.8)"
        },
        {
            "index":117,
            "아파트명":"진주문산파란채",
            "투자타입":"일반",
            "전용면적(m2)":"111.6",
            "전용면적(평)":"33평",
            "법정동주소":"경상남도 진주시 문산읍 삼곡리 1224",
            "도로명주소":"경상남도 진주시 월아산로1048번길 15",
            "세대수":30,
            "입주년차":60,
            "용적률점수":"--",
            "건폐율점수":"--",
            "세대당주차수":30,
            "난방방식":30,
            "공급면적":"--",
            "전용률":"--",
            "욕실수":100,
            "현관타입":100,
            "주거총점":50.0,
            "지역구공급총점":100.0,
            "역세권":"NA",
            "30분내 이동가능 거점":"NA",
            "1시간내 이동가능 거점":"NA",
            "교통총점":"NA",
            "백화점":0,
            "아울렛몰":80,
            "대형마트":0,
            "은행":0,
            "병원":10,
            "종합병원":80,
            "공원":80,
            "혐오시설":0,
            "인프라총점":27.4,
            "초등학군":84.54,
            "중학군":36.42,
            "학군총점":46.044,
            "인구수":38.4,
            "인구증감":2.33,
            "인구총점":27.579,
            "일자리":16.8,
            "소득수준":61.15,
            "일자리총점":30.105,
            "가치 총점":39.971,
            "매매실거래년":20211222.0,
            "매매실거래가":18000.0,
            "전세실거래년":20210720.0,
            "전세실거래가":13000.0,
            "전세가율":63.41,
            "장기전세가율평균":78.0,
            "전세가율거품지수":14.59,
            "검색코드":105652,
            "세대수":351,
            "준공년월":"2010-09-06",
            "준공년차":13,
            "가까운역이름":"NA",
            "가까운역거리":"NA",
            "역세권여부":"NA",
            "30분이내주요거점역":"NA",
            "1시간이내주요거점역":"NA",
            "3km이내백화점수":0,
            "5km이내아울렛몰수":1,
            "1km이내대형먀트수":0,
            "500m이내은행수":0,
            "500m이내병원수":3,
            "5km이내대형병원수":1,
            "500m이내공원수":1,
            "3km이내혐오시설수":0,
            "초등학교학업성취도":84.54,
            "중학교학업성취도":60.7,
            "용적률":229,
            "건폐율":23,
            "Y":35.164985,
            "X":128.16581,
            "rank":109.0,
            "area_info":"33평(111.6), 34평(114.13), 34평(115.07), 41평(136.61)",
            "last_sales":"2021-12-22,18000.0,34평(115.07)"
        },
        {
            "index":669,
            "아파트명":"하대대영",
            "투자타입":"재건축",
            "전용면적(m2)":"80.13",
            "전용면적(평)":"24평",
            "법정동주소":"경상남도 진주시 하대동 654-2",
            "도로명주소":"경상남도 진주시 말티고개로 102-5",
            "세대수":0,
            "입주년차":"--",
            "용적률점수":0,
            "건폐율점수":0,
            "세대당주차수":"--",
            "난방방식":"--",
            "공급면적":50,
            "전용률":80,
            "욕실수":"--",
            "현관타입":"--",
            "주거총점":6.5,
            "지역구공급총점":100.0,
            "역세권":"NA",
            "30분내 이동가능 거점":"NA",
            "1시간내 이동가능 거점":"NA",
            "교통총점":"NA",
            "백화점":100,
            "아울렛몰":80,
            "대형마트":0,
            "은행":0,
            "병원":0,
            "종합병원":100,
            "공원":0,
            "혐오시설":0,
            "인프라총점":58.0,
            "초등학군":87.37,
            "중학군":50.62,
            "학군총점":57.97,
            "인구수":38.4,
            "인구증감":2.33,
            "인구총점":27.579,
            "일자리":16.8,
            "소득수준":61.15,
            "일자리총점":30.105,
            "가치 총점":39.9675,
            "매매실거래년":20220101.0,
            "매매실거래가":8800.0,
            "전세실거래년":20200826.0,
            "전세실거래가":8500.0,
            "전세가율":96.59,
            "장기전세가율평균":78.0,
            "전세가율거품지수":-18.59,
            "검색코드":7517,
            "세대수":210,
            "준공년월":"1992-04-09",
            "준공년차":31,
            "가까운역이름":"NA",
            "가까운역거리":"NA",
            "역세권여부":"NA",
            "30분이내주요거점역":"NA",
            "1시간이내주요거점역":"NA",
            "3km이내백화점수":1,
            "5km이내아울렛몰수":1,
            "1km이내대형먀트수":0,
            "500m이내은행수":0,
            "500m이내병원수":1,
            "5km이내대형병원수":4,
            "500m이내공원수":0,
            "3km이내혐오시설수":0,
            "초등학교학업성취도":87.37,
            "중학교학업성취도":83.7,
            "용적률":0,
            "건폐율":0,
            "Y":35.196298,
            "X":128.112712,
            "rank":110.0,
            "area_info":"24평(80.13), 28평(92.88), 31평(103.05)",
            "last_sales":"2022-01-01,8800.0,24평(80.13)"
        },
        {
            "index":178,
            "아파트명":"동국강변1차",
            "투자타입":"재건축",
            "전용면적(m2)":"91.73",
            "전용면적(평)":"27평",
            "법정동주소":"경상남도 진주시 상평동 227",
            "도로명주소":"경상남도 진주시 큰들로66번길 12",
            "세대수":0,
            "입주년차":"--",
            "용적률점수":0,
            "건폐율점수":80,
            "세대당주차수":"--",
            "난방방식":"--",
            "공급면적":70,
            "전용률":80,
            "욕실수":"--",
            "현관타입":"--",
            "주거총점":23.5,
            "지역구공급총점":100.0,
            "역세권":"NA",
            "30분내 이동가능 거점":"NA",
            "1시간내 이동가능 거점":"NA",
            "교통총점":"NA",
            "백화점":0,
            "아울렛몰":80,
            "대형마트":80,
            "은행":0,
            "병원":0,
            "종합병원":100,
            "공원":80,
            "혐오시설":0,
            "인프라총점":42.4,
            "초등학군":81.13,
            "중학군":51.32,
            "학군총점":57.282,
            "인구수":38.4,
            "인구증감":2.33,
            "인구총점":27.579,
            "일자리":16.8,
            "소득수준":61.15,
            "일자리총점":30.105,
            "가치 총점":39.5055,
            "매매실거래년":20211231.0,
            "매매실거래가":11500.0,
            "전세실거래년":20210217.0,
            "전세실거래가":8000.0,
            "전세가율":88.89,
            "장기전세가율평균":78.0,
            "전세가율거품지수":-10.89,
            "검색코드":7281,
            "세대수":126,
            "준공년월":"1991-08-26",
            "준공년차":32,
            "가까운역이름":"NA",
            "가까운역거리":"NA",
            "역세권여부":"NA",
            "30분이내주요거점역":"NA",
            "1시간이내주요거점역":"NA",
            "3km이내백화점수":0,
            "5km이내아울렛몰수":1,
            "1km이내대형먀트수":1,
            "500m이내은행수":0,
            "500m이내병원수":0,
            "5km이내대형병원수":4,
            "500m이내공원수":1,
            "3km이내혐오시설수":0,
            "초등학교학업성취도":81.13,
            "중학교학업성취도":85.2,
            "용적률":244,
            "건폐율":26,
            "Y":35.17012,
            "X":128.1095,
            "rank":111.0,
            "area_info":"27평(91.73), 29평(98.9)",
            "last_sales":"2021-12-31,11500.0,29평(98.9)"
        },
        {
            "index":304,
            "아파트명":"진주덕산",
            "투자타입":"일반",
            "전용면적(m2)":"87.0",
            "전용면적(평)":"26평",
            "법정동주소":"경상남도 진주시 이현동 235-1",
            "도로명주소":"경상남도 진주시 서장대로178번길 17",
            "세대수":0,
            "입주년차":0,
            "용적률점수":"--",
            "건폐율점수":"--",
            "세대당주차수":0,
            "난방방식":30,
            "공급면적":"--",
            "전용률":"--",
            "욕실수":50,
            "현관타입":100,
            "주거총점":18.0,
            "지역구공급총점":100.0,
            "역세권":"NA",
            "30분내 이동가능 거점":"NA",
            "1시간내 이동가능 거점":"NA",
            "교통총점":"NA",
            "백화점":100,
            "아울렛몰":0,
            "대형마트":0,
            "은행":0,
            "병원":0,
            "종합병원":100,
            "공원":0,
            "혐오시설":0,
            "인프라총점":50.0,
            "초등학군":87.95,
            "중학군":43.38,
            "학군총점":52.294,
            "인구수":38.4,
            "인구증감":2.33,
            "인구총점":27.579,
            "일자리":16.8,
            "소득수준":61.15,
            "일자리총점":30.105,
            "가치 총점":39.3735,
            "매매실거래년":20211216.0,
            "매매실거래가":13200.0,
            "전세실거래년":20180504.0,
            "전세실거래가":7000.0,
            "전세가율":93.33,
            "장기전세가율평균":78.0,
            "전세가율거품지수":-15.33,
            "검색코드":7379,
            "세대수":231,
            "준공년월":"1995-05-12",
            "준공년차":28,
            "가까운역이름":"NA",
            "가까운역거리":"NA",
            "역세권여부":"NA",
            "30분이내주요거점역":"NA",
            "1시간이내주요거점역":"NA",
            "3km이내백화점수":1,
            "5km이내아울렛몰수":0,
            "1km이내대형먀트수":0,
            "500m이내은행수":0,
            "500m이내병원수":1,
            "5km이내대형병원수":3,
            "500m이내공원수":0,
            "3km이내혐오시설수":0,
            "초등학교학업성취도":87.95,
            "중학교학업성취도":71.9,
            "용적률":373,
            "건폐율":27,
            "Y":35.187512,
            "X":128.058753,
            "rank":112.0,
            "area_info":"26평(87.0), 29평(96.69), 32평(106.85)",
            "last_sales":"2021-12-16,13200.0,32평(106.85)"
        },
        {
            "index":679,
            "아파트명":"한보타워맨션1차",
            "투자타입":"재건축",
            "전용면적(m2)":"46.22",
            "전용면적(평)":"13평",
            "법정동주소":"경상남도 진주시 하대동 109-5",
            "도로명주소":"경상남도 진주시 모덕로306번길 2",
            "세대수":0,
            "입주년차":"--",
            "용적률점수":0,
            "건폐율점수":80,
            "세대당주차수":"--",
            "난방방식":"--",
            "공급면적":50,
            "전용률":60,
            "욕실수":"--",
            "현관타입":"--",
            "주거총점":21.5,
            "지역구공급총점":100.0,
            "역세권":"NA",
            "30분내 이동가능 거점":"NA",
            "1시간내 이동가능 거점":"NA",
            "교통총점":"NA",
            "백화점":0,
            "아울렛몰":80,
            "대형마트":80,
            "은행":0,
            "병원":60,
            "종합병원":100,
            "공원":0,
            "혐오시설":0,
            "인프라총점":46.0,
            "초등학군":86.22,
            "중학군":45.58,
            "학군총점":53.708,
            "인구수":38.4,
            "인구증감":2.33,
            "인구총점":27.579,
            "일자리":16.8,
            "소득수준":61.15,
            "일자리총점":30.105,
            "가치 총점":39.352,
            "매매실거래년":20211228.0,
            "매매실거래가":7500.0,
            "전세실거래년":20181009.0,
            "전세실거래가":6000.0,
            "전세가율":113.21,
            "장기전세가율평균":78.0,
            "전세가율거품지수":-35.21,
            "검색코드":7532,
            "세대수":155,
            "준공년월":"1992-01-04",
            "준공년차":31,
            "가까운역이름":"NA",
            "가까운역거리":"NA",
            "역세권여부":"NA",
            "30분이내주요거점역":"NA",
            "1시간이내주요거점역":"NA",
            "3km이내백화점수":0,
            "5km이내아울렛몰수":1,
            "1km이내대형먀트수":1,
            "500m이내은행수":0,
            "500m이내병원수":15,
            "5km이내대형병원수":4,
            "500m이내공원수":0,
            "3km이내혐오시설수":0,
            "초등학교학업성취도":86.22,
            "중학교학업성취도":75.3,
            "용적률":351,
            "건폐율":28,
            "Y":35.188766,
            "X":128.127075,
            "rank":113.0,
            "area_info":"13평(46.22), 15평(50.03), 21평(71.39), 23평(77.72), 36평(121.06)",
            "last_sales":"2021-12-28,7500.0,21평(71.39)"
        },
        {
            "index":64,
            "아파트명":"금산흥한골든빌",
            "투자타입":"일반",
            "전용면적(m2)":"53.64",
            "전용면적(평)":"16평",
            "법정동주소":"경상남도 진주시 금산면 장사리 1000",
            "도로명주소":"경상남도 진주시 금산로 123",
            "세대수":100,
            "입주년차":20,
            "용적률점수":"--",
            "건폐율점수":"--",
            "세대당주차수":0,
            "난방방식":30,
            "공급면적":"--",
            "전용률":"--",
            "욕실수":50,
            "현관타입":100,
            "주거총점":57.0,
            "지역구공급총점":100.0,
            "역세권":"NA",
            "30분내 이동가능 거점":"NA",
            "1시간내 이동가능 거점":"NA",
            "교통총점":"NA",
            "백화점":0,
            "아울렛몰":80,
            "대형마트":0,
            "은행":0,
            "병원":30,
            "종합병원":0,
            "공원":0,
            "혐오시설":0,
            "인프라총점":11.0,
            "초등학군":85.21,
            "중학군":52.58,
            "학군총점":59.106,
            "인구수":38.4,
            "인구증감":2.33,
            "인구총점":27.579,
            "일자리":16.8,
            "소득수준":61.15,
            "일자리총점":30.105,
            "가치 총점":39.1265,
            "매매실거래년":20220115.0,
            "매매실거래가":18000.0,
            "전세실거래년":20211203.0,
            "전세실거래가":5200.0,
            "전세가율":100.0,
            "장기전세가율평균":78.0,
            "전세가율거품지수":-22.0,
            "검색코드":22166,
            "세대수":1709,
            "준공년월":"2002-01-26",
            "준공년차":21,
            "가까운역이름":"NA",
            "가까운역거리":"NA",
            "역세권여부":"NA",
            "30분이내주요거점역":"NA",
            "1시간이내주요거점역":"NA",
            "3km이내백화점수":0,
            "5km이내아울렛몰수":1,
            "1km이내대형먀트수":0,
            "500m이내은행수":0,
            "500m이내병원수":6,
            "5km이내대형병원수":0,
            "500m이내공원수":0,
            "3km이내혐오시설수":0,
            "초등학교학업성취도":85.21,
            "중학교학업성취도":86.5,
            "용적률":208,
            "건폐율":21,
            "Y":35.21517,
            "X":128.150373,
            "rank":114.0,
            "area_info":"16평(53.64), 20평(68.49), 24평(82.39), 31평(104.36), 36평(120.33)",
            "last_sales":"2022-01-15,18000.0,36평(120.33)"
        },
        {
            "index":649,
            "아파트명":"삼전프라자",
            "투자타입":"일반",
            "전용면적(m2)":"72.97",
            "전용면적(평)":"22평",
            "법정동주소":"경상남도 진주시 하대동 315",
            "도로명주소":"경상남도 진주시 도동로 251",
            "세대수":0,
            "입주년차":0,
            "용적률점수":"--",
            "건폐율점수":"--",
            "세대당주차수":0,
            "난방방식":30,
            "공급면적":"--",
            "전용률":"--",
            "욕실수":50,
            "현관타입":100,
            "주거총점":18.0,
            "지역구공급총점":100.0,
            "역세권":"NA",
            "30분내 이동가능 거점":"NA",
            "1시간내 이동가능 거점":"NA",
            "교통총점":"NA",
            "백화점":0,
            "아울렛몰":80,
            "대형마트":100,
            "은행":0,
            "병원":60,
            "종합병원":100,
            "공원":80,
            "혐오시설":0,
            "인프라총점":51.4,
            "초등학군":89.39,
            "중학군":38.78,
            "학군총점":48.902,
            "인구수":38.4,
            "인구증감":2.33,
            "인구총점":27.579,
            "일자리":16.8,
            "소득수준":61.15,
            "일자리총점":30.105,
            "가치 총점":39.0855,
            "매매실거래년":20211120.0,
            "매매실거래가":12000.0,
            "전세실거래년":20190109.0,
            "전세실거래가":9700.0,
            "전세가율":100.0,
            "장기전세가율평균":78.0,
            "전세가율거품지수":-22.0,
            "검색코드":7523,
            "세대수":176,
            "준공년월":"1996-02-29",
            "준공년차":27,
            "가까운역이름":"NA",
            "가까운역거리":"NA",
            "역세권여부":"NA",
            "30분이내주요거점역":"NA",
            "1시간이내주요거점역":"NA",
            "3km이내백화점수":0,
            "5km이내아울렛몰수":1,
            "1km이내대형먀트수":2,
            "500m이내은행수":0,
            "500m이내병원수":22,
            "5km이내대형병원수":4,
            "500m이내공원수":1,
            "3km이내혐오시설수":0,
            "초등학교학업성취도":89.39,
            "중학교학업성취도":64.1,
            "용적률":299,
            "건폐율":74,
            "Y":35.192748,
            "X":128.121272,
            "rank":115.0,
            "area_info":"22평(72.97), 28평(93.18), 31평(102.93)",
            "last_sales":"2021-11-20,12000.0,31평(102.93)"
        },
        {
            "index":87,
            "아파트명":"진주푸르지오1단지",
            "투자타입":"일반",
            "전용면적(m2)":"85.13",
            "전용면적(평)":"25평",
            "법정동주소":"경상남도 진주시 금산면 장사리 962-1",
            "도로명주소":"경상남도 진주시 덕의길 15",
            "세대수":50,
            "입주년차":40,
            "용적률점수":"--",
            "건폐율점수":"--",
            "세대당주차수":30,
            "난방방식":30,
            "공급면적":"--",
            "전용률":"--",
            "욕실수":100,
            "현관타입":100,
            "주거총점":53.0,
            "지역구공급총점":100.0,
            "역세권":"NA",
            "30분내 이동가능 거점":"NA",
            "1시간내 이동가능 거점":"NA",
            "교통총점":"NA",
            "백화점":0,
            "아울렛몰":80,
            "대형마트":0,
            "은행":0,
            "병원":30,
            "종합병원":0,
            "공원":80,
            "혐오시설":0,
            "인프라총점":13.4,
            "초등학군":87.23,
            "중학군":52.58,
            "학군총점":59.51,
            "인구수":38.4,
            "인구증감":2.33,
            "인구총점":27.579,
            "일자리":16.8,
            "소득수준":61.15,
            "일자리총점":30.105,
            "가치 총점":38.7875,
            "매매실거래년":20211123.0,
            "매매실거래가":25800.0,
            "전세실거래년":20210813.0,
            "전세실거래가":13000.0,
            "전세가율":72.22,
            "장기전세가율평균":78.0,
            "전세가율거품지수":5.78,
            "검색코드":22978,
            "세대수":475,
            "준공년월":"2007-08-29",
            "준공년차":16,
            "가까운역이름":"NA",
            "가까운역거리":"NA",
            "역세권여부":"NA",
            "30분이내주요거점역":"NA",
            "1시간이내주요거점역":"NA",
            "3km이내백화점수":0,
            "5km이내아울렛몰수":1,
            "1km이내대형먀트수":0,
            "500m이내은행수":0,
            "500m이내병원수":6,
            "5km이내대형병원수":0,
            "500m이내공원수":1,
            "3km이내혐오시설수":0,
            "초등학교학업성취도":87.23,
            "중학교학업성취도":86.5,
            "용적률":224,
            "건폐율":17,
            "Y":35.218988,
            "X":128.146104,
            "rank":116.0,
            "area_info":"25평(85.13), 33평(109.12), 34평(114.65), 44평(146.29)",
            "last_sales":"2021-11-23,25800.0,44평(146.29)"
        },
        {
            "index":672,
            "아파트명":"하대주공",
            "투자타입":"재건축",
            "전용면적(m2)":"41.99",
            "전용면적(평)":"12평",
            "법정동주소":"경상남도 진주시 하대동 73-1",
            "도로명주소":"경상남도 진주시 상대로 125",
            "세대수":50,
            "입주년차":"--",
            "용적률점수":0,
            "건폐율점수":0,
            "세대당주차수":"--",
            "난방방식":"--",
            "공급면적":50,
            "전용률":80,
            "욕실수":"--",
            "현관타입":"--",
            "주거총점":21.5,
            "지역구공급총점":100.0,
            "역세권":"NA",
            "30분내 이동가능 거점":"NA",
            "1시간내 이동가능 거점":"NA",
            "교통총점":"NA",
            "백화점":0,
            "아울렛몰":80,
            "대형마트":100,
            "은행":0,
            "병원":10,
            "종합병원":100,
            "공원":0,
            "혐오시설":0,
            "인프라총점":44.0,
            "초등학군":86.22,
            "중학군":45.58,
            "학군총점":53.708,
            "인구수":38.4,
            "인구증감":2.33,
            "인구총점":27.579,
            "일자리":16.8,
            "소득수준":61.15,
            "일자리총점":30.105,
            "가치 총점":38.552,
            "매매실거래년":20211124.0,
            "매매실거래가":14000.0,
            "전세실거래년":20211221.0,
            "전세실거래가":7000.0,
            "전세가율":63.64,
            "장기전세가율평균":78.0,
            "전세가율거품지수":14.36,
            "검색코드":7531,
            "세대수":500,
            "준공년월":"1982-07-06",
            "준공년차":41,
            "가까운역이름":"NA",
            "가까운역거리":"NA",
            "역세권여부":"NA",
            "30분이내주요거점역":"NA",
            "1시간이내주요거점역":"NA",
            "3km이내백화점수":0,
            "5km이내아울렛몰수":1,
            "1km이내대형먀트수":2,
            "500m이내은행수":0,
            "500m이내병원수":3,
            "5km이내대형병원수":4,
            "500m이내공원수":0,
            "3km이내혐오시설수":0,
            "초등학교학업성취도":86.22,
            "중학교학업성취도":75.3,
            "용적률":0,
            "건폐율":0,
            "Y":35.185342,
            "X":128.12629,
            "rank":117.0,
            "area_info":"12평(41.99), 12평(42.55), 15평(50.38), 15평(50.65)",
            "last_sales":"2021-11-24,14000.0,15평(50.65)"
        },
        {
            "index":53,
            "아파트명":"금산e-편한세상",
            "투자타입":"일반",
            "전용면적(m2)":"114.84",
            "전용면적(평)":"34평",
            "법정동주소":"경상남도 진주시 금산면 장사리 768",
            "도로명주소":"경상남도 진주시 금산순환로80번길 16",
            "세대수":50,
            "입주년차":40,
            "용적률점수":"--",
            "건폐율점수":"--",
            "세대당주차수":60,
            "난방방식":30,
            "공급면적":"--",
            "전용률":"--",
            "욕실수":100,
            "현관타입":100,
            "주거총점":57.5,
            "지역구공급총점":100.0,
            "역세권":"NA",
            "30분내 이동가능 거점":"NA",
            "1시간내 이동가능 거점":"NA",
            "교통총점":"NA",
            "백화점":0,
            "아울렛몰":80,
            "대형마트":0,
            "은행":0,
            "병원":0,
            "종합병원":0,
            "공원":0,
            "혐오시설":0,
            "인프라총점":8.0,
            "초등학군":87.23,
            "중학군":52.58,
            "학군총점":59.51,
            "인구수":38.4,
            "인구증감":2.33,
            "인구총점":27.579,
            "일자리":16.8,
            "소득수준":61.15,
            "일자리총점":30.105,
            "가치 총점":38.2025,
            "매매실거래년":20220109.0,
            "매매실거래가":27200.0,
            "전세실거래년":20210422.0,
            "전세실거래가":15000.0,
            "전세가율":68.18,
            "장기전세가율평균":78.0,
            "전세가율거품지수":9.82,
            "검색코드":25497,
            "세대수":400,
            "준공년월":"2008-10-23",
            "준공년차":15,
            "가까운역이름":"NA",
            "가까운역거리":"NA",
            "역세권여부":"NA",
            "30분이내주요거점역":"NA",
            "1시간이내주요거점역":"NA",
            "3km이내백화점수":0,
            "5km이내아울렛몰수":1,
            "1km이내대형먀트수":0,
            "500m이내은행수":0,
            "500m이내병원수":0,
            "5km이내대형병원수":0,
            "500m이내공원수":0,
            "3km이내혐오시설수":0,
            "초등학교학업성취도":87.23,
            "중학교학업성취도":86.5,
            "용적률":223,
            "건폐율":16,
            "Y":35.220521,
            "X":128.15306,
            "rank":118.0,
            "area_info":"34평(114.84), 47평(155.86), 47평(156.37), 54평(180.15)",
            "last_sales":"2022-01-09,27200.0,47평(156.37)"
        },
        {
            "index":259,
            "아파트명":"대림",
            "투자타입":"일반",
            "전용면적(m2)":"60.19",
            "전용면적(평)":"18평",
            "법정동주소":"경상남도 진주시 옥봉동 176-1",
            "도로명주소":"경상남도 진주시 향교로115번길 10",
            "세대수":0,
            "입주년차":0,
            "용적률점수":"--",
            "건폐율점수":"--",
            "세대당주차수":0,
            "난방방식":30,
            "공급면적":"--",
            "전용률":"--",
            "욕실수":50,
            "현관타입":10,
            "주거총점":9.0,
            "지역구공급총점":100.0,
            "역세권":"NA",
            "30분내 이동가능 거점":"NA",
            "1시간내 이동가능 거점":"NA",
            "교통총점":"NA",
            "백화점":100,
            "아울렛몰":80,
            "대형마트":0,
            "은행":0,
            "병원":0,
            "종합병원":100,
            "공원":0,
            "혐오시설":0,
            "인프라총점":58.0,
            "초등학군":87.45,
            "중학군":34.8,
            "학군총점":45.33,
            "인구수":38.4,
            "인구증감":2.33,
            "인구총점":27.579,
            "일자리":16.8,
            "소득수준":61.15,
            "일자리총점":30.105,
            "가치 총점":37.6825,
            "매매실거래년":20220111.0,
            "매매실거래가":9500.0,
            "전세실거래년":20200331.0,
            "전세실거래가":4800.0,
            "전세가율":96.0,
            "장기전세가율평균":78.0,
            "전세가율거품지수":-18.0,
            "검색코드":15671,
            "세대수":145,
            "준공년월":"1993-06-19",
            "준공년차":30,
            "가까운역이름":"NA",
            "가까운역거리":"NA",
            "역세권여부":"NA",
            "30분이내주요거점역":"NA",
            "1시간이내주요거점역":"NA",
            "3km이내백화점수":1,
            "5km이내아울렛몰수":1,
            "1km이내대형먀트수":0,
            "500m이내은행수":0,
            "500m이내병원수":1,
            "5km이내대형병원수":4,
            "500m이내공원수":0,
            "3km이내혐오시설수":0,
            "초등학교학업성취도":87.45,
            "중학교학업성취도":57.2,
            "용적률":244,
            "건폐율":24,
            "Y":35.19583,
            "X":128.0939,
            "rank":119.0,
            "area_info":"18평(60.19), 23평(76.1), 28평(94.16), 31평(105.27), 50평(166.02)",
            "last_sales":"2022-01-11,9500.0,31평(105.27)"
        },
        {
            "index":616,
            "아파트명":"럭키강변",
            "투자타입":"재건축",
            "전용면적(m2)":"91.88",
            "전용면적(평)":"27평",
            "법정동주소":"경상남도 진주시 하대동 75-3",
            "도로명주소":"경상남도 진주시 남강로 1407",
            "세대수":0,
            "입주년차":"--",
            "용적률점수":0,
            "건폐율점수":80,
            "세대당주차수":"--",
            "난방방식":"--",
            "공급면적":70,
            "전용률":80,
            "욕실수":"--",
            "현관타입":"--",
            "주거총점":23.5,
            "지역구공급총점":100.0,
            "역세권":"NA",
            "30분내 이동가능 거점":"NA",
            "1시간내 이동가능 거점":"NA",
            "교통총점":"NA",
            "백화점":0,
            "아울렛몰":80,
            "대형마트":80,
            "은행":0,
            "병원":0,
            "종합병원":100,
            "공원":0,
            "혐오시설":0,
            "인프라총점":40.0,
            "초등학군":86.22,
            "중학군":45.58,
            "학군총점":53.708,
            "인구수":38.4,
            "인구증감":2.33,
            "인구총점":27.579,
            "일자리":16.8,
            "소득수준":61.15,
            "일자리총점":30.105,
            "가치 총점":37.652,
            "매매실거래년":20211124.0,
            "매매실거래가":14900.0,
            "전세실거래년":20180816.0,
            "전세실거래가":12000.0,
            "전세가율":80.54,
            "장기전세가율평균":78.0,
            "전세가율거품지수":-2.54,
            "검색코드":7521,
            "세대수":150,
            "준공년월":"1991-07-16",
            "준공년차":32,
            "가까운역이름":"NA",
            "가까운역거리":"NA",
            "역세권여부":"NA",
            "30분이내주요거점역":"NA",
            "1시간이내주요거점역":"NA",
            "3km이내백화점수":0,
            "5km이내아울렛몰수":1,
            "1km이내대형먀트수":1,
            "500m이내은행수":0,
            "500m이내병원수":0,
            "5km이내대형병원수":4,
            "500m이내공원수":0,
            "3km이내혐오시설수":0,
            "초등학교학업성취도":86.22,
            "중학교학업성취도":75.3,
            "용적률":293,
            "건폐율":23,
            "Y":35.186503,
            "X":128.128213,
            "rank":120.0,
            "area_info":"27평(91.88), 27평(92.18), 27평(92.29)",
            "last_sales":"2021-11-24,14900.0,27평(91.88)"
        },
        {
            "index":684,
            "아파트명":"한보힐타워맨션",
            "투자타입":"재건축",
            "전용면적(m2)":"76.95",
            "전용면적(평)":"23평",
            "법정동주소":"경상남도 진주시 하대동 141-3",
            "도로명주소":"경상남도 진주시 상대로143번길 11-2",
            "세대수":0,
            "입주년차":"--",
            "용적률점수":0,
            "건폐율점수":80,
            "세대당주차수":"--",
            "난방방식":"--",
            "공급면적":50,
            "전용률":60,
            "욕실수":"--",
            "현관타입":"--",
            "주거총점":21.5,
            "지역구공급총점":100.0,
            "역세권":"NA",
            "30분내 이동가능 거점":"NA",
            "1시간내 이동가능 거점":"NA",
            "교통총점":"NA",
            "백화점":0,
            "아울렛몰":80,
            "대형마트":80,
            "은행":0,
            "병원":10,
            "종합병원":100,
            "공원":0,
            "혐오시설":0,
            "인프라총점":41.0,
            "초등학군":86.22,
            "중학군":45.58,
            "학군총점":53.708,
            "인구수":38.4,
            "인구증감":2.33,
            "인구총점":27.579,
            "일자리":16.8,
            "소득수준":61.15,
            "일자리총점":30.105,
            "가치 총점":37.352,
            "매매실거래년":20211230.0,
            "매매실거래가":7300.0,
            "전세실거래년":20211019.0,
            "전세실거래가":8000.0,
            "전세가율":115.94,
            "장기전세가율평균":78.0,
            "전세가율거품지수":-37.94,
            "검색코드":7535,
            "세대수":152,
            "준공년월":"1992-03-25",
            "준공년차":31,
            "가까운역이름":"NA",
            "가까운역거리":"NA",
            "역세권여부":"NA",
            "30분이내주요거점역":"NA",
            "1시간이내주요거점역":"NA",
            "3km이내백화점수":0,
            "5km이내아울렛몰수":1,
            "1km이내대형먀트수":1,
            "500m이내은행수":0,
            "500m이내병원수":3,
            "5km이내대형병원수":4,
            "500m이내공원수":0,
            "3km이내혐오시설수":0,
            "초등학교학업성취도":86.22,
            "중학교학업성취도":75.3,
            "용적률":323,
            "건폐율":29,
            "Y":35.1861,
            "X":128.12715,
            "rank":121.0,
            "area_info":"23평(76.95), 23평(78.4), 24평(82.44)",
            "last_sales":"2021-12-30,7300.0,24평(82.44)"
        },
        {
            "index":551,
            "아파트명":"평거대화리네르빌",
            "투자타입":"일반",
            "전용면적(m2)":"89.11",
            "전용면적(평)":"26평",
            "법정동주소":"경상남도 진주시 평거동 297-1",
            "도로명주소":"경상남도 진주시 순환로559번길 7",
            "세대수":0,
            "입주년차":40,
            "용적률점수":"--",
            "건폐율점수":"--",
            "세대당주차수":30,
            "난방방식":30,
            "공급면적":"--",
            "전용률":"--",
            "욕실수":100,
            "현관타입":50,
            "주거총점":30.5,
            "지역구공급총점":100.0,
            "역세권":"NA",
            "30분내 이동가능 거점":"NA",
            "1시간내 이동가능 거점":"NA",
            "교통총점":"NA",
            "백화점":0,
            "아울렛몰":0,
            "대형마트":0,
            "은행":0,
            "병원":80,
            "종합병원":100,
            "공원":100,
            "혐오시설":0,
            "인프라총점":31.0,
            "초등학군":86.52,
            "중학군":48.1,
            "학군총점":55.784,
            "인구수":38.4,
            "인구증감":2.33,
            "인구총점":27.579,
            "일자리":16.8,
            "소득수준":61.15,
            "일자리총점":30.105,
            "가치 총점":37.021,
            "매매실거래년":20210806.0,
            "매매실거래가":23500.0,
            "전세실거래년":20200928.0,
            "전세실거래가":13000.0,
            "전세가율":80.25,
            "장기전세가율평균":78.0,
            "전세가율거품지수":-2.25,
            "검색코드":23726,
            "세대수":114,
            "준공년월":"2004-01-03",
            "준공년차":19,
            "가까운역이름":"NA",
            "가까운역거리":"NA",
            "역세권여부":"NA",
            "30분이내주요거점역":"NA",
            "1시간이내주요거점역":"NA",
            "3km이내백화점수":0,
            "5km이내아울렛몰수":0,
            "1km이내대형먀트수":0,
            "500m이내은행수":0,
            "500m이내병원수":32,
            "5km이내대형병원수":3,
            "500m이내공원수":4,
            "3km이내혐오시설수":0,
            "초등학교학업성취도":86.52,
            "중학교학업성취도":78.9,
            "용적률":467,
            "건폐율":36,
            "Y":35.173404,
            "X":128.059017,
            "rank":122.0,
            "area_info":"26평(89.11), 31평(104.47), 33평(110.55)",
            "last_sales":"2021-08-06,23500.0,31평(104.47)"
        },
        {
            "index":91,
            "아파트명":"진주푸르지오2단지",
            "투자타입":"일반",
            "전용면적(m2)":"85.13",
            "전용면적(평)":"25평",
            "법정동주소":"경상남도 진주시 금산면 장사리 964-1",
            "도로명주소":"경상남도 진주시 덕의길 11",
            "세대수":30,
            "입주년차":40,
            "용적률점수":"--",
            "건폐율점수":"--",
            "세대당주차수":60,
            "난방방식":30,
            "공급면적":"--",
            "전용률":"--",
            "욕실수":100,
            "현관타입":100,
            "주거총점":50.5,
            "지역구공급총점":100.0,
            "역세권":"NA",
            "30분내 이동가능 거점":"NA",
            "1시간내 이동가능 거점":"NA",
            "교통총점":"NA",
            "백화점":0,
            "아울렛몰":80,
            "대형마트":0,
            "은행":0,
            "병원":30,
            "종합병원":0,
            "공원":0,
            "혐오시설":0,
            "인프라총점":11.0,
            "초등학군":87.23,
            "중학군":52.58,
            "학군총점":59.51,
            "인구수":38.4,
            "인구증감":2.33,
            "인구총점":27.579,
            "일자리":16.8,
            "소득수준":61.15,
            "일자리총점":30.105,
            "가치 총점":36.9525,
            "매매실거래년":20211206.0,
            "매매실거래가":23400.0,
            "전세실거래년":20200718.0,
            "전세실거래가":11000.0,
            "전세가율":68.75,
            "장기전세가율평균":78.0,
            "전세가율거품지수":9.25,
            "검색코드":22979,
            "세대수":337,
            "준공년월":"2007-08-29",
            "준공년차":16,
            "가까운역이름":"NA",
            "가까운역거리":"NA",
            "역세권여부":"NA",
            "30분이내주요거점역":"NA",
            "1시간이내주요거점역":"NA",
            "3km이내백화점수":0,
            "5km이내아울렛몰수":1,
            "1km이내대형먀트수":0,
            "500m이내은행수":0,
            "500m이내병원수":9,
            "5km이내대형병원수":0,
            "500m이내공원수":0,
            "3km이내혐오시설수":0,
            "초등학교학업성취도":87.23,
            "중학교학업성취도":86.5,
            "용적률":224,
            "건폐율":16,
            "Y":35.217842,
            "X":128.147354,
            "rank":123.0,
            "area_info":"25평(85.13), 33평(109.56), 34평(115.03), 44평(146.89), 51평(170.8)",
            "last_sales":"2021-12-06,23400.0,44평(146.89)"
        },
        {
            "index":315,
            "아파트명":"항공신도시진주우방아이유쉘",
            "투자타입":"일반",
            "전용면적(m2)":"113.39",
            "전용면적(평)":"34평",
            "법정동주소":"경상남도 진주시 정촌면 예하리 1296",
            "도로명주소":"경상남도 진주시 삼일로 13",
            "세대수":50,
            "입주년차":80,
            "용적률점수":"--",
            "건폐율점수":"--",
            "세대당주차수":30,
            "난방방식":30,
            "공급면적":"--",
            "전용률":"--",
            "욕실수":100,
            "현관타입":100,
            "주거총점":61.0,
            "지역구공급총점":100.0,
            "역세권":"NA",
            "30분내 이동가능 거점":"NA",
            "1시간내 이동가능 거점":"NA",
            "교통총점":"NA",
            "백화점":0,
            "아울렛몰":0,
            "대형마트":0,
            "은행":0,
            "병원":0,
            "종합병원":0,
            "공원":80,
            "혐오시설":0,
            "인프라총점":2.4,
            "초등학군":98.0,
            "중학군":48.68,
            "학군총점":58.544,
            "인구수":38.4,
            "인구증감":2.33,
            "인구총점":27.579,
            "일자리":16.8,
            "소득수준":61.15,
            "일자리총점":30.105,
            "가치 총점":36.946,
            "매매실거래년":20211207.0,
            "매매실거래가":33000.0,
            "전세실거래년":20211218.0,
            "전세실거래가":26000.0,
            "전세가율":78.79,
            "장기전세가율평균":78.0,
            "전세가율거품지수":-0.79,
            "검색코드":111391,
            "세대수":430,
            "준공년월":"2017-12-15",
            "준공년차":6,
            "가까운역이름":"NA",
            "가까운역거리":"NA",
            "역세권여부":"NA",
            "30분이내주요거점역":"NA",
            "1시간이내주요거점역":"NA",
            "3km이내백화점수":0,
            "5km이내아울렛몰수":0,
            "1km이내대형먀트수":0,
            "500m이내은행수":0,
            "500m이내병원수":0,
            "5km이내대형병원수":0,
            "500m이내공원수":1,
            "3km이내혐오시설수":0,
            "초등학교학업성취도":98.0,
            "중학교학업성취도":79.8,
            "용적률":190,
            "건폐율":15,
            "Y":35.121978,
            "X":128.097369,
            "rank":124.0,
            "area_info":"34평(113.39), 34평(113.41), 34평(113.41)",
            "last_sales":"2021-12-07,33000.0,34평(113.41)"
        },
        {
            "index":701,
            "아파트명":"삼성",
            "투자타입":"일반",
            "전용면적(m2)":"78.21",
            "전용면적(평)":"23평",
            "법정동주소":"경상남도 진주시 호탄동 579-14",
            "도로명주소":"경상남도 진주시 동부로43번길 10-13",
            "세대수":0,
            "입주년차":0,
            "용적률점수":"--",
            "건폐율점수":"--",
            "세대당주차수":0,
            "난방방식":30,
            "공급면적":"--",
            "전용률":"--",
            "욕실수":50,
            "현관타입":100,
            "주거총점":18.0,
            "지역구공급총점":100.0,
            "역세권":"NA",
            "30분내 이동가능 거점":"NA",
            "1시간내 이동가능 거점":"NA",
            "교통총점":"NA",
            "백화점":0,
            "아울렛몰":80,
            "대형마트":80,
            "은행":0,
            "병원":10,
            "종합병원":100,
            "공원":100,
            "혐오시설":0,
            "인프라총점":44.0,
            "초등학군":87.99,
            "중학군":42.4,
            "학군총점":51.518,
            "인구수":38.4,
            "인구증감":2.33,
            "인구총점":27.579,
            "일자리":16.8,
            "소득수준":61.15,
            "일자리총점":30.105,
            "가치 총점":36.7795,
            "매매실거래년":20211117.0,
            "매매실거래가":15300.0,
            "전세실거래년":20211023.0,
            "전세실거래가":13000.0,
            "전세가율":84.97,
            "장기전세가율평균":78.0,
            "전세가율거품지수":-6.97,
            "검색코드":7541,
            "세대수":200,
            "준공년월":"1996-09-23",
            "준공년차":27,
            "가까운역이름":"NA",
            "가까운역거리":"NA",
            "역세권여부":"NA",
            "30분이내주요거점역":"NA",
            "1시간이내주요거점역":"NA",
            "3km이내백화점수":0,
            "5km이내아울렛몰수":1,
            "1km이내대형먀트수":1,
            "500m이내은행수":0,
            "500m이내병원수":4,
            "5km이내대형병원수":4,
            "500m이내공원수":6,
            "3km이내혐오시설수":0,
            "초등학교학업성취도":87.99,
            "중학교학업성취도":70.4,
            "용적률":221,
            "건폐율":21,
            "Y":35.162674,
            "X":128.113511,
            "rank":125.0,
            "area_info":"23평(78.21), 33평(110.91)",
            "last_sales":"2021-11-17,15300.0,23평(78.21)"
        },
        {
            "index":578,
            "아파트명":"한보타운",
            "투자타입":"일반",
            "전용면적(m2)":"77.91",
            "전용면적(평)":"23평",
            "법정동주소":"경상남도 진주시 평거동 737",
            "도로명주소":"경상남도 진주시 진양호로97번길 19-6",
            "세대수":50,
            "입주년차":0,
            "용적률점수":"--",
            "건폐율점수":"--",
            "세대당주차수":0,
            "난방방식":30,
            "공급면적":"--",
            "전용률":"--",
            "욕실수":100,
            "현관타입":10,
            "주거총점":31.5,
            "지역구공급총점":100.0,
            "역세권":"NA",
            "30분내 이동가능 거점":"NA",
            "1시간내 이동가능 거점":"NA",
            "교통총점":"NA",
            "백화점":0,
            "아울렛몰":0,
            "대형마트":0,
            "은행":0,
            "병원":30,
            "종합병원":100,
            "공원":100,
            "혐오시설":0,
            "인프라총점":26.0,
            "초등학군":85.67,
            "중학군":53.74,
            "학군총점":60.126,
            "인구수":38.4,
            "인구증감":2.33,
            "인구총점":27.579,
            "일자리":16.8,
            "소득수준":61.15,
            "일자리총점":30.105,
            "가치 총점":36.4565,
            "매매실거래년":20210704.0,
            "매매실거래가":10500.0,
            "전세실거래년":null,
            "전세실거래가":null,
            "전세가율":null,
            "장기전세가율평균":78.0,
            "전세가율거품지수":null,
            "검색코드":7484,
            "세대수":485,
            "준공년월":"1993-05-01",
            "준공년차":30,
            "가까운역이름":"NA",
            "가까운역거리":"NA",
            "역세권여부":"NA",
            "30분이내주요거점역":"NA",
            "1시간이내주요거점역":"NA",
            "3km이내백화점수":0,
            "5km이내아울렛몰수":0,
            "1km이내대형먀트수":0,
            "500m이내은행수":0,
            "500m이내병원수":7,
            "5km이내대형병원수":3,
            "500m이내공원수":2,
            "3km이내혐오시설수":0,
            "초등학교학업성취도":85.67,
            "중학교학업성취도":88.5,
            "용적률":373,
            "건폐율":29,
            "Y":35.169631,
            "X":128.049914,
            "rank":126.0,
            "area_info":"23평(77.91), 26평(88.73), 33평(111.45), 35평(118.87)",
            "last_sales":"2021-07-04,10500.0,35평(118.87)"
        },
        {
            "index":696,
            "아파트명":"대경아르떼빌",
            "투자타입":"일반",
            "전용면적(m2)":"43.97",
            "전용면적(평)":"13평",
            "법정동주소":"경상남도 진주시 호탄동 620-1",
            "도로명주소":"경상남도 진주시 동부로67번길 10",
            "세대수":0,
            "입주년차":20,
            "용적률점수":"--",
            "건폐율점수":"--",
            "세대당주차수":0,
            "난방방식":30,
            "공급면적":"--",
            "전용률":"--",
            "욕실수":50,
            "현관타입":50,
            "주거총점":17.0,
            "지역구공급총점":100.0,
            "역세권":"NA",
            "30분내 이동가능 거점":"NA",
            "1시간내 이동가능 거점":"NA",
            "교통총점":"NA",
            "백화점":0,
            "아울렛몰":80,
            "대형마트":80,
            "은행":0,
            "병원":10,
            "종합병원":100,
            "공원":100,
            "혐오시설":0,
            "인프라총점":44.0,
            "초등학군":87.99,
            "중학군":42.4,
            "학군총점":51.518,
            "인구수":38.4,
            "인구증감":2.33,
            "인구총점":27.579,
            "일자리":16.8,
            "소득수준":61.15,
            "일자리총점":30.105,
            "가치 총점":36.4295,
            "매매실거래년":20211221.0,
            "매매실거래가":9000.0,
            "전세실거래년":20210902.0,
            "전세실거래가":8000.0,
            "전세가율":88.89,
            "장기전세가율평균":78.0,
            "전세가율거품지수":-10.89,
            "검색코드":106610,
            "세대수":131,
            "준공년월":"2002-02-25",
            "준공년차":21,
            "가까운역이름":"NA",
            "가까운역거리":"NA",
            "역세권여부":"NA",
            "30분이내주요거점역":"NA",
            "1시간이내주요거점역":"NA",
            "3km이내백화점수":0,
            "5km이내아울렛몰수":1,
            "1km이내대형먀트수":1,
            "500m이내은행수":0,
            "500m이내병원수":4,
            "5km이내대형병원수":4,
            "500m이내공원수":4,
            "3km이내혐오시설수":0,
            "초등학교학업성취도":87.99,
            "중학교학업성취도":70.4,
            "용적률":179,
            "건폐율":22,
            "Y":35.162123,
            "X":128.114509,
            "rank":127.0,
            "area_info":"13평(43.97), 16평(53.99)",
            "last_sales":"2021-12-21,9000.0,13평(43.97)"
        },
        {
            "index":183,
            "아파트명":"상평동신",
            "투자타입":"일반",
            "전용면적(m2)":"36.69",
            "전용면적(평)":"11평",
            "법정동주소":"경상남도 진주시 상평동 218-4",
            "도로명주소":"경상남도 진주시 돗골로117번길 15",
            "세대수":0,
            "입주년차":0,
            "용적률점수":"--",
            "건폐율점수":"--",
            "세대당주차수":0,
            "난방방식":30,
            "공급면적":"--",
            "전용률":"--",
            "욕실수":50,
            "현관타입":10,
            "주거총점":9.0,
            "지역구공급총점":100.0,
            "역세권":"NA",
            "30분내 이동가능 거점":"NA",
            "1시간내 이동가능 거점":"NA",
            "교통총점":"NA",
            "백화점":0,
            "아울렛몰":80,
            "대형마트":0,
            "은행":100,
            "병원":60,
            "종합병원":100,
            "공원":80,
            "혐오시설":0,
            "인프라총점":46.4,
            "초등학군":87.09,
            "중학군":51.32,
            "학군총점":58.474,
            "인구수":38.4,
            "인구증감":2.33,
            "인구총점":27.579,
            "일자리":16.8,
            "소득수준":61.15,
            "일자리총점":30.105,
            "가치 총점":36.3285,
            "매매실거래년":20210222.0,
            "매매실거래가":15000.0,
            "전세실거래년":20210818.0,
            "전세실거래가":4000.0,
            "전세가율":97.56,
            "장기전세가율평균":78.0,
            "전세가율거품지수":-19.56,
            "검색코드":7287,
            "세대수":107,
            "준공년월":"1997-10-17",
            "준공년차":26,
            "가까운역이름":"NA",
            "가까운역거리":"NA",
            "역세권여부":"NA",
            "30분이내주요거점역":"NA",
            "1시간이내주요거점역":"NA",
            "3km이내백화점수":0,
            "5km이내아울렛몰수":1,
            "1km이내대형먀트수":0,
            "500m이내은행수":8,
            "500m이내병원수":26,
            "5km이내대형병원수":4,
            "500m이내공원수":1,
            "3km이내혐오시설수":0,
            "초등학교학업성취도":87.09,
            "중학교학업성취도":85.2,
            "용적률":275,
            "건폐율":26,
            "Y":35.17832,
            "X":128.1107,
            "rank":128.0,
            "area_info":"11평(36.69), 15평(52.22), 23평(77.09), 33평(109.16)",
            "last_sales":"2021-02-22,15000.0,33평(109.16)"
        },
        {
            "index":203,
            "아파트명":"촉석",
            "투자타입":"재건축",
            "전용면적(m2)":"52.46",
            "전용면적(평)":"15평",
            "법정동주소":"경상남도 진주시 상평동 219-91",
            "도로명주소":"경상남도 진주시 솔밭로92번길 5",
            "세대수":0,
            "입주년차":"--",
            "용적률점수":0,
            "건폐율점수":0,
            "세대당주차수":"--",
            "난방방식":"--",
            "공급면적":50,
            "전용률":100,
            "욕실수":"--",
            "현관타입":"--",
            "주거총점":7.5,
            "지역구공급총점":100.0,
            "역세권":"NA",
            "30분내 이동가능 거점":"NA",
            "1시간내 이동가능 거점":"NA",
            "교통총점":"NA",
            "백화점":0,
            "아울렛몰":80,
            "대형마트":0,
            "은행":100,
            "병원":60,
            "종합병원":100,
            "공원":80,
            "혐오시설":0,
            "인프라총점":46.4,
            "초등학군":87.09,
            "중학군":51.32,
            "학군총점":58.474,
            "인구수":38.4,
            "인구증감":2.33,
            "인구총점":27.579,
            "일자리":16.8,
            "소득수준":61.15,
            "일자리총점":30.105,
            "가치 총점":35.8035,
            "매매실거래년":20211106.0,
            "매매실거래가":7800.0,
            "전세실거래년":20210722.0,
            "전세실거래가":7000.0,
            "전세가율":89.74,
            "장기전세가율평균":78.0,
            "전세가율거품지수":-11.74,
            "검색코드":15660,
            "세대수":166,
            "준공년월":"1980-12-27",
            "준공년차":43,
            "가까운역이름":"NA",
            "가까운역거리":"NA",
            "역세권여부":"NA",
            "30분이내주요거점역":"NA",
            "1시간이내주요거점역":"NA",
            "3km이내백화점수":0,
            "5km이내아울렛몰수":1,
            "1km이내대형먀트수":0,
            "500m이내은행수":8,
            "500m이내병원수":29,
            "5km이내대형병원수":4,
            "500m이내공원수":1,
            "3km이내혐오시설수":0,
            "초등학교학업성취도":87.09,
            "중학교학업성취도":85.2,
            "용적률":0,
            "건폐율":0,
            "Y":35.177842,
            "X":128.107537,
            "rank":129.0,
            "area_info":"15평(52.46), 15평(52.47), 19평(62.98), 20평(66.58), 24평(82.08)",
            "last_sales":"2021-11-06,7800.0,15평(52.46)"
        },
        {
            "index":136,
            "아파트명":"상대흥한",
            "투자타입":"일반",
            "전용면적(m2)":"84.96",
            "전용면적(평)":"25평",
            "법정동주소":"경상남도 진주시 상대동 307-4",
            "도로명주소":"경상남도 진주시 대신로243번길 12",
            "세대수":0,
            "입주년차":0,
            "용적률점수":"--",
            "건폐율점수":"--",
            "세대당주차수":0,
            "난방방식":30,
            "공급면적":"--",
            "전용률":"--",
            "욕실수":50,
            "현관타입":10,
            "주거총점":9.0,
            "지역구공급총점":100.0,
            "역세권":"NA",
            "30분내 이동가능 거점":"NA",
            "1시간내 이동가능 거점":"NA",
            "교통총점":"NA",
            "백화점":0,
            "아울렛몰":80,
            "대형마트":100,
            "은행":0,
            "병원":10,
            "종합병원":100,
            "공원":0,
            "혐오시설":0,
            "인프라총점":44.0,
            "초등학군":87.09,
            "중학군":51.32,
            "학군총점":58.474,
            "인구수":38.4,
            "인구증감":2.33,
            "인구총점":27.579,
            "일자리":16.8,
            "소득수준":61.15,
            "일자리총점":30.105,
            "가치 총점":35.3685,
            "매매실거래년":20211208.0,
            "매매실거래가":13000.0,
            "전세실거래년":20210408.0,
            "전세실거래가":9500.0,
            "전세가율":73.08,
            "장기전세가율평균":78.0,
            "전세가율거품지수":4.92,
            "검색코드":7233,
            "세대수":108,
            "준공년월":"1995-06-20",
            "준공년차":28,
            "가까운역이름":"NA",
            "가까운역거리":"NA",
            "역세권여부":"NA",
            "30분이내주요거점역":"NA",
            "1시간이내주요거점역":"NA",
            "3km이내백화점수":0,
            "5km이내아울렛몰수":1,
            "1km이내대형먀트수":2,
            "500m이내은행수":1,
            "500m이내병원수":4,
            "5km이내대형병원수":4,
            "500m이내공원수":0,
            "3km이내혐오시설수":0,
            "초등학교학업성취도":87.09,
            "중학교학업성취도":85.2,
            "용적률":301,
            "건폐율":27,
            "Y":35.18239,
            "X":128.1163,
            "rank":130.0,
            "area_info":"25평(84.96), 32평(107.35)",
            "last_sales":"2021-12-08,13000.0,25평(84.96)"
        },
        {
            "index":267,
            "아파트명":"경남",
            "투자타입":"재건축",
            "전용면적(m2)":"61.86",
            "전용면적(평)":"18평",
            "법정동주소":"경상남도 진주시 이현동 239-6",
            "도로명주소":"경상남도 진주시 숙호산로 52",
            "세대수":0,
            "입주년차":"--",
            "용적률점수":0,
            "건폐율점수":0,
            "세대당주차수":"--",
            "난방방식":"--",
            "공급면적":50,
            "전용률":80,
            "욕실수":"--",
            "현관타입":"--",
            "주거총점":6.5,
            "지역구공급총점":100.0,
            "역세권":"NA",
            "30분내 이동가능 거점":"NA",
            "1시간내 이동가능 거점":"NA",
            "교통총점":"NA",
            "백화점":100,
            "아울렛몰":0,
            "대형마트":0,
            "은행":0,
            "병원":0,
            "종합병원":100,
            "공원":0,
            "혐오시설":0,
            "인프라총점":50.0,
            "초등학군":87.95,
            "중학군":43.38,
            "학군총점":52.294,
            "인구수":38.4,
            "인구증감":2.33,
            "인구총점":27.579,
            "일자리":16.8,
            "소득수준":61.15,
            "일자리총점":30.105,
            "가치 총점":35.3485,
            "매매실거래년":20210518.0,
            "매매실거래가":8700.0,
            "전세실거래년":null,
            "전세실거래가":null,
            "전세가율":null,
            "장기전세가율평균":78.0,
            "전세가율거품지수":null,
            "검색코드":16725,
            "세대수":140,
            "준공년월":"1989-12-11",
            "준공년차":34,
            "가까운역이름":"NA",
            "가까운역거리":"NA",
            "역세권여부":"NA",
            "30분이내주요거점역":"NA",
            "1시간이내주요거점역":"NA",
            "3km이내백화점수":1,
            "5km이내아울렛몰수":0,
            "1km이내대형먀트수":0,
            "500m이내은행수":0,
            "500m이내병원수":1,
            "5km이내대형병원수":3,
            "500m이내공원수":0,
            "3km이내혐오시설수":0,
            "초등학교학업성취도":87.95,
            "중학교학업성취도":71.9,
            "용적률":0,
            "건폐율":0,
            "Y":35.186753,
            "X":128.060663,
            "rank":131.0,
            "area_info":"18평(61.86), 18평(61.1), 19평(64.13), 19평(64.08), 20평(69.31), 21평(70.19), 23평(77.3), 25평(85.35), 27평(89.82), 26평(89.23), 27평(92.46), 29평(96.86), 29평(98.74), 30평(100.21), 30평(100.42)",
            "last_sales":"2021-05-18,8700.0,30평(100.21)"
        },
        {
            "index":121,
            "아파트명":"대동",
            "투자타입":"재건축",
            "전용면적(m2)":"46.64",
            "전용면적(평)":"14평",
            "법정동주소":"경상남도 진주시 상대동 331-1",
            "도로명주소":"경상남도 진주시 도동천로184번길 7",
            "세대수":0,
            "입주년차":"--",
            "용적률점수":0,
            "건폐율점수":0,
            "세대당주차수":"--",
            "난방방식":"--",
            "공급면적":50,
            "전용률":80,
            "욕실수":"--",
            "현관타입":"--",
            "주거총점":6.5,
            "지역구공급총점":100.0,
            "역세권":"NA",
            "30분내 이동가능 거점":"NA",
            "1시간내 이동가능 거점":"NA",
            "교통총점":"NA",
            "백화점":0,
            "아울렛몰":80,
            "대형마트":100,
            "은행":0,
            "병원":60,
            "종합병원":100,
            "공원":0,
            "혐오시설":0,
            "인프라총점":49.0,
            "초등학군":86.75,
            "중학군":45.58,
            "학군총점":53.814,
            "인구수":38.4,
            "인구증감":2.33,
            "인구총점":27.579,
            "일자리":16.8,
            "소득수준":61.15,
            "일자리총점":30.105,
            "가치 총점":35.3285,
            "매매실거래년":20211204.0,
            "매매실거래가":7000.0,
            "전세실거래년":20200401.0,
            "전세실거래가":4000.0,
            "전세가율":57.14,
            "장기전세가율평균":78.0,
            "전세가율거품지수":20.86,
            "검색코드":15654,
            "세대수":160,
            "준공년월":"1979-11-12",
            "준공년차":44,
            "가까운역이름":"NA",
            "가까운역거리":"NA",
            "역세권여부":"NA",
            "30분이내주요거점역":"NA",
            "1시간이내주요거점역":"NA",
            "3km이내백화점수":0,
            "5km이내아울렛몰수":1,
            "1km이내대형먀트수":2,
            "500m이내은행수":1,
            "500m이내병원수":20,
            "5km이내대형병원수":4,
            "500m이내공원수":0,
            "3km이내혐오시설수":0,
            "초등학교학업성취도":86.75,
            "중학교학업성취도":75.3,
            "용적률":0,
            "건폐율":0,
            "Y":35.186106,
            "X":128.119297,
            "rank":132.0,
            "area_info":"14평(46.64), 17평(56.66), 18평(62.48), 20평(66.51), 26평(87.63)",
            "last_sales":"2021-12-04,7000.0,14평(46.64)"
        },
        {
            "index":589,
            "아파트명":"건일",
            "투자타입":"재건축",
            "전용면적(m2)":"57.72",
            "전용면적(평)":"17평",
            "법정동주소":"경상남도 진주시 하대동 134-2",
            "도로명주소":"경상남도 진주시 상대로119번길 20",
            "세대수":0,
            "입주년차":"--",
            "용적률점수":0,
            "건폐율점수":0,
            "세대당주차수":"--",
            "난방방식":"--",
            "공급면적":50,
            "전용률":80,
            "욕실수":"--",
            "현관타입":"--",
            "주거총점":6.5,
            "지역구공급총점":100.0,
            "역세권":"NA",
            "30분내 이동가능 거점":"NA",
            "1시간내 이동가능 거점":"NA",
            "교통총점":"NA",
            "백화점":0,
            "아울렛몰":80,
            "대형마트":100,
            "은행":0,
            "병원":60,
            "종합병원":100,
            "공원":0,
            "혐오시설":0,
            "인프라총점":49.0,
            "초등학군":86.22,
            "중학군":45.58,
            "학군총점":53.708,
            "인구수":38.4,
            "인구증감":2.33,
            "인구총점":27.579,
            "일자리":16.8,
            "소득수준":61.15,
            "일자리총점":30.105,
            "가치 총점":35.302,
            "매매실거래년":20211020.0,
            "매매실거래가":6200.0,
            "전세실거래년":20210227.0,
            "전세실거래가":6500.0,
            "전세가율":104.84,
            "장기전세가율평균":78.0,
            "전세가율거품지수":-26.84,
            "검색코드":7491,
            "세대수":120,
            "준공년월":"1987-10-02",
            "준공년차":36,
            "가까운역이름":"NA",
            "가까운역거리":"NA",
            "역세권여부":"NA",
            "30분이내주요거점역":"NA",
            "1시간이내주요거점역":"NA",
            "3km이내백화점수":0,
            "5km이내아울렛몰수":1,
            "1km이내대형먀트수":2,
            "500m이내은행수":0,
            "500m이내병원수":13,
            "5km이내대형병원수":4,
            "500m이내공원수":0,
            "3km이내혐오시설수":0,
            "초등학교학업성취도":86.22,
            "중학교학업성취도":75.3,
            "용적률":0,
            "건폐율":0,
            "Y":35.18664,
            "X":128.125699,
            "rank":133.0,
            "area_info":"17평(57.72), 18평(62.1)",
            "last_sales":"2021-10-20,6200.0,17평(57.72)"
        },
        {
            "index":57,
            "아파트명":"금산느티나무",
            "투자타입":"일반",
            "전용면적(m2)":"77.64",
            "전용면적(평)":"23평",
            "법정동주소":"경상남도 진주시 금산면 장사리 963-1",
            "도로명주소":"경상남도 진주시 중천로 74",
            "세대수":50,
            "입주년차":20,
            "용적률점수":"--",
            "건폐율점수":"--",
            "세대당주차수":0,
            "난방방식":30,
            "공급면적":"--",
            "전용률":"--",
            "욕실수":50,
            "현관타입":100,
            "주거총점":39.5,
            "지역구공급총점":100.0,
            "역세권":"NA",
            "30분내 이동가능 거점":"NA",
            "1시간내 이동가능 거점":"NA",
            "교통총점":"NA",
            "백화점":0,
            "아울렛몰":80,
            "대형마트":0,
            "은행":0,
            "병원":30,
            "종합병원":0,
            "공원":100,
            "혐오시설":0,
            "인프라총점":14.0,
            "초등학군":87.23,
            "중학군":52.58,
            "학군총점":59.51,
            "인구수":38.4,
            "인구증감":2.33,
            "인구총점":27.579,
            "일자리":16.8,
            "소득수준":61.15,
            "일자리총점":30.105,
            "가치 총점":34.3025,
            "매매실거래년":20220108.0,
            "매매실거래가":12800.0,
            "전세실거래년":20220112.0,
            "전세실거래가":12500.0,
            "전세가율":97.66,
            "장기전세가율평균":78.0,
            "전세가율거품지수":-19.66,
            "검색코드":102429,
            "세대수":450,
            "준공년월":"2003-09-24",
            "준공년차":20,
            "가까운역이름":"NA",
            "가까운역거리":"NA",
            "역세권여부":"NA",
            "30분이내주요거점역":"NA",
            "1시간이내주요거점역":"NA",
            "3km이내백화점수":0,
            "5km이내아울렛몰수":1,
            "1km이내대형먀트수":0,
            "500m이내은행수":0,
            "500m이내병원수":9,
            "5km이내대형병원수":0,
            "500m이내공원수":2,
            "3km이내혐오시설수":0,
            "초등학교학업성취도":87.23,
            "중학교학업성취도":86.5,
            "용적률":200,
            "건폐율":14,
            "Y":35.217898,
            "X":128.145036,
            "rank":134.0,
            "area_info":"23평(77.64), 28평(95.35), 31평(105.22)",
            "last_sales":"2022-01-08,12800.0,23평(77.64)"
        },
        {
            "index":106,
            "아파트명":"동신",
            "투자타입":"재건축",
            "전용면적(m2)":"52.16",
            "전용면적(평)":"15평",
            "법정동주소":"경상남도 진주시 명석면 우수리 110-1",
            "도로명주소":"경상남도 진주시 광제산로 11-21",
            "세대수":50,
            "입주년차":"--",
            "용적률점수":20,
            "건폐율점수":100,
            "세대당주차수":"--",
            "난방방식":"--",
            "공급면적":50,
            "전용률":80,
            "욕실수":"--",
            "현관타입":"--",
            "주거총점":49.5,
            "지역구공급총점":100.0,
            "역세권":"NA",
            "30분내 이동가능 거점":"NA",
            "1시간내 이동가능 거점":"NA",
            "교통총점":"NA",
            "백화점":0,
            "아울렛몰":0,
            "대형마트":80,
            "은행":0,
            "병원":0,
            "종합병원":0,
            "공원":0,
            "혐오시설":0,
            "인프라총점":12.0,
            "초등학군":90.0,
            "중학군":35.52,
            "학군총점":46.416,
            "인구수":38.4,
            "인구증감":2.33,
            "인구총점":27.579,
            "일자리":16.8,
            "소득수준":61.15,
            "일자리총점":30.105,
            "가치 총점":33.729,
            "매매실거래년":20210825.0,
            "매매실거래가":10300.0,
            "전세실거래년":null,
            "전세실거래가":null,
            "전세가율":null,
            "장기전세가율평균":78.0,
            "전세가율거품지수":null,
            "검색코드":15641,
            "세대수":490,
            "준공년월":"1992-04-30",
            "준공년차":31,
            "가까운역이름":"NA",
            "가까운역거리":"NA",
            "역세권여부":"NA",
            "30분이내주요거점역":"NA",
            "1시간이내주요거점역":"NA",
            "3km이내백화점수":0,
            "5km이내아울렛몰수":0,
            "1km이내대형먀트수":1,
            "500m이내은행수":0,
            "500m이내병원수":1,
            "5km이내대형병원수":0,
            "500m이내공원수":0,
            "3km이내혐오시설수":0,
            "초등학교학업성취도":90.0,
            "중학교학업성취도":59.2,
            "용적률":217,
            "건폐율":17,
            "Y":35.216978,
            "X":128.039112,
            "rank":135.0,
            "area_info":"15평(52.16), 20평(69.02), 24평(80.83), 28평(95.73), 31평(103.38)",
            "last_sales":"2021-08-25,10300.0,31평(103.38)"
        },
        {
            "index":665,
            "아파트명":"하대대경",
            "투자타입":"재건축",
            "전용면적(m2)":"81.9",
            "전용면적(평)":"24평",
            "법정동주소":"경상남도 진주시 하대동 299-2",
            "도로명주소":"경상남도 진주시 도동로264번길 31",
            "세대수":0,
            "입주년차":"--",
            "용적률점수":0,
            "건폐율점수":80,
            "세대당주차수":"--",
            "난방방식":"--",
            "공급면적":70,
            "전용률":60,
            "욕실수":"--",
            "현관타입":"--",
            "주거총점":22.5,
            "지역구공급총점":100.0,
            "역세권":"NA",
            "30분내 이동가능 거점":"NA",
            "1시간내 이동가능 거점":"NA",
            "교통총점":"NA",
            "백화점":0,
            "아울렛몰":80,
            "대형마트":0,
            "은행":0,
            "병원":60,
            "종합병원":100,
            "공원":0,
            "혐오시설":0,
            "인프라총점":34.0,
            "초등학군":89.39,
            "중학군":38.78,
            "학군총점":48.902,
            "인구수":38.4,
            "인구증감":2.33,
            "인구총점":27.579,
            "일자리":16.8,
            "소득수준":61.15,
            "일자리총점":30.105,
            "가치 총점":33.7005,
            "매매실거래년":20211213.0,
            "매매실거래가":7650.0,
            "전세실거래년":20210925.0,
            "전세실거래가":8000.0,
            "전세가율":104.58,
            "장기전세가율평균":78.0,
            "전세가율거품지수":-26.58,
            "검색코드":7496,
            "세대수":150,
            "준공년월":"1992-01-31",
            "준공년차":31,
            "가까운역이름":"NA",
            "가까운역거리":"NA",
            "역세권여부":"NA",
            "30분이내주요거점역":"NA",
            "1시간이내주요거점역":"NA",
            "3km이내백화점수":0,
            "5km이내아울렛몰수":1,
            "1km이내대형먀트수":0,
            "500m이내은행수":0,
            "500m이내병원수":11,
            "5km이내대형병원수":4,
            "500m이내공원수":0,
            "3km이내혐오시설수":0,
            "초등학교학업성취도":89.39,
            "중학교학업성취도":64.1,
            "용적률":371,
            "건폐율":24,
            "Y":35.19428,
            "X":128.12516,
            "rank":136.0,
            "area_info":"24평(81.9)",
            "last_sales":"2021-12-13,7650.0,24평(81.9)"
        },
        {
            "index":663,
            "아파트명":"진주임광",
            "투자타입":"재건축",
            "전용면적(m2)":"74.62",
            "전용면적(평)":"22평",
            "법정동주소":"경상남도 진주시 하대동 104-3",
            "도로명주소":"경상남도 진주시 모덕로 293",
            "세대수":0,
            "입주년차":"--",
            "용적률점수":0,
            "건폐율점수":0,
            "세대당주차수":"--",
            "난방방식":"--",
            "공급면적":50,
            "전용률":60,
            "욕실수":"--",
            "현관타입":"--",
            "주거총점":5.5,
            "지역구공급총점":100.0,
            "역세권":"NA",
            "30분내 이동가능 거점":"NA",
            "1시간내 이동가능 거점":"NA",
            "교통총점":"NA",
            "백화점":0,
            "아울렛몰":80,
            "대형마트":100,
            "은행":0,
            "병원":60,
            "종합병원":100,
            "공원":0,
            "혐오시설":0,
            "인프라총점":49.0,
            "초등학군":86.22,
            "중학군":38.78,
            "학군총점":48.268,
            "인구수":38.4,
            "인구증감":2.33,
            "인구총점":27.579,
            "일자리":16.8,
            "소득수준":61.15,
            "일자리총점":30.105,
            "가치 총점":33.592,
            "매매실거래년":20220107.0,
            "매매실거래가":9550.0,
            "전세실거래년":20141016.0,
            "전세실거래가":6000.0,
            "전세가율":62.83,
            "장기전세가율평균":78.0,
            "전세가율거품지수":15.17,
            "검색코드":7494,
            "세대수":143,
            "준공년월":"1989-12-19",
            "준공년차":34,
            "가까운역이름":"NA",
            "가까운역거리":"NA",
            "역세권여부":"NA",
            "30분이내주요거점역":"NA",
            "1시간이내주요거점역":"NA",
            "3km이내백화점수":0,
            "5km이내아울렛몰수":1,
            "1km이내대형먀트수":2,
            "500m이내은행수":0,
            "500m이내병원수":23,
            "5km이내대형병원수":4,
            "500m이내공원수":0,
            "3km이내혐오시설수":0,
            "초등학교학업성취도":86.22,
            "중학교학업성취도":64.1,
            "용적률":0,
            "건폐율":0,
            "Y":35.189579,
            "X":128.125781,
            "rank":137.0,
            "area_info":"22평(74.62), 24평(80.88)",
            "last_sales":"2022-01-07,9550.0,22평(74.62)"
        },
        {
            "index":676,
            "아파트명":"하대한보3차",
            "투자타입":"일반",
            "전용면적(m2)":"85.2",
            "전용면적(평)":"25평",
            "법정동주소":"경상남도 진주시 하대동 75-17",
            "도로명주소":"경상남도 진주시 남강로 1399",
            "세대수":0,
            "입주년차":0,
            "용적률점수":"--",
            "건폐율점수":"--",
            "세대당주차수":0,
            "난방방식":30,
            "공급면적":"--",
            "전용률":"--",
            "욕실수":50,
            "현관타입":10,
            "주거총점":9.0,
            "지역구공급총점":100.0,
            "역세권":"NA",
            "30분내 이동가능 거점":"NA",
            "1시간내 이동가능 거점":"NA",
            "교통총점":"NA",
            "백화점":0,
            "아울렛몰":80,
            "대형마트":80,
            "은행":0,
            "병원":0,
            "종합병원":100,
            "공원":0,
            "혐오시설":0,
            "인프라총점":40.0,
            "초등학군":86.22,
            "중학군":45.58,
            "학군총점":53.708,
            "인구수":38.4,
            "인구증감":2.33,
            "인구총점":27.579,
            "일자리":16.8,
            "소득수준":61.15,
            "일자리총점":30.105,
            "가치 총점":32.577,
            "매매실거래년":20211216.0,
            "매매실거래가":9000.0,
            "전세실거래년":20211215.0,
            "전세실거래가":8500.0,
            "전세가율":94.44,
            "장기전세가율평균":78.0,
            "전세가율거품지수":-16.44,
            "검색코드":7538,
            "세대수":288,
            "준공년월":"1993-02-27",
            "준공년차":30,
            "가까운역이름":"NA",
            "가까운역거리":"NA",
            "역세권여부":"NA",
            "30분이내주요거점역":"NA",
            "1시간이내주요거점역":"NA",
            "3km이내백화점수":0,
            "5km이내아울렛몰수":1,
            "1km이내대형먀트수":1,
            "500m이내은행수":0,
            "500m이내병원수":0,
            "5km이내대형병원수":4,
            "500m이내공원수":0,
            "3km이내혐오시설수":0,
            "초등학교학업성취도":86.22,
            "중학교학업성취도":75.3,
            "용적률":367,
            "건폐율":26,
            "Y":35.185619,
            "X":128.128113,
            "rank":138.0,
            "area_info":"25평(85.2), 28평(93.5), 31평(104.95)",
            "last_sales":"2021-12-16,9000.0,25평(85.2)"
        },
        {
            "index":568,
            "아파트명":"하영그린맨션",
            "투자타입":"재건축",
            "전용면적(m2)":"75.22",
            "전용면적(평)":"22평",
            "법정동주소":"경상남도 진주시 평거동 742",
            "도로명주소":"경상남도 진주시 진양호로97번길 8-3",
            "세대수":0,
            "입주년차":"--",
            "용적률점수":0,
            "건폐율점수":60,
            "세대당주차수":"--",
            "난방방식":"--",
            "공급면적":50,
            "전용률":80,
            "욕실수":"--",
            "현관타입":"--",
            "주거총점":18.5,
            "지역구공급총점":100.0,
            "역세권":"NA",
            "30분내 이동가능 거점":"NA",
            "1시간내 이동가능 거점":"NA",
            "교통총점":"NA",
            "백화점":0,
            "아울렛몰":0,
            "대형마트":0,
            "은행":0,
            "병원":30,
            "종합병원":100,
            "공원":100,
            "혐오시설":0,
            "인프라총점":26.0,
            "초등학군":88.15,
            "중학군":53.74,
            "학군총점":60.622,
            "인구수":38.4,
            "인구증감":2.33,
            "인구총점":27.579,
            "일자리":16.8,
            "소득수준":61.15,
            "일자리총점":30.105,
            "가치 총점":32.0305,
            "매매실거래년":20211224.0,
            "매매실거래가":8600.0,
            "전세실거래년":20211102.0,
            "전세실거래가":10000.0,
            "전세가율":133.33,
            "장기전세가율평균":78.0,
            "전세가율거품지수":-55.33,
            "검색코드":7476,
            "세대수":198,
            "준공년월":"1992-07-16",
            "준공년차":31,
            "가까운역이름":"NA",
            "가까운역거리":"NA",
            "역세권여부":"NA",
            "30분이내주요거점역":"NA",
            "1시간이내주요거점역":"NA",
            "3km이내백화점수":0,
            "5km이내아울렛몰수":0,
            "1km이내대형먀트수":0,
            "500m이내은행수":0,
            "500m이내병원수":7,
            "5km이내대형병원수":3,
            "500m이내공원수":4,
            "3km이내혐오시설수":0,
            "초등학교학업성취도":88.15,
            "중학교학업성취도":88.5,
            "용적률":372,
            "건폐율":31,
            "Y":35.16826,
            "X":128.05111,
            "rank":139.0,
            "area_info":"22평(75.22), 24평(81.39), 28평(92.94), 29평(98.93)",
            "last_sales":"2021-12-24,8600.0,29평(98.93)"
        },
        {
            "index":594,
            "아파트명":"도운",
            "투자타입":"재건축",
            "전용면적(m2)":"46.42",
            "전용면적(평)":"14평",
            "법정동주소":"경상남도 진주시 하대동 111",
            "도로명주소":"경상남도 진주시 남강로 1435",
            "세대수":0,
            "입주년차":"--",
            "용적률점수":0,
            "건폐율점수":0,
            "세대당주차수":"--",
            "난방방식":"--",
            "공급면적":50,
            "전용률":80,
            "욕실수":"--",
            "현관타입":"--",
            "주거총점":6.5,
            "지역구공급총점":100.0,
            "역세권":"NA",
            "30분내 이동가능 거점":"NA",
            "1시간내 이동가능 거점":"NA",
            "교통총점":"NA",
            "백화점":0,
            "아울렛몰":80,
            "대형마트":80,
            "은행":0,
            "병원":0,
            "종합병원":100,
            "공원":0,
            "혐오시설":0,
            "인프라총점":40.0,
            "초등학군":86.22,
            "중학군":45.58,
            "학군총점":53.708,
            "인구수":38.4,
            "인구증감":2.33,
            "인구총점":27.579,
            "일자리":16.8,
            "소득수준":61.15,
            "일자리총점":30.105,
            "가치 총점":31.702,
            "매매실거래년":20210424.0,
            "매매실거래가":6500.0,
            "전세실거래년":20110804.0,
            "전세실거래가":3700.0,
            "전세가율":52.86,
            "장기전세가율평균":78.0,
            "전세가율거품지수":25.14,
            "검색코드":15681,
            "세대수":115,
            "준공년월":"1986-07-14",
            "준공년차":37,
            "가까운역이름":"NA",
            "가까운역거리":"NA",
            "역세권여부":"NA",
            "30분이내주요거점역":"NA",
            "1시간이내주요거점역":"NA",
            "3km이내백화점수":0,
            "5km이내아울렛몰수":1,
            "1km이내대형먀트수":1,
            "500m이내은행수":0,
            "500m이내병원수":1,
            "5km이내대형병원수":4,
            "500m이내공원수":0,
            "3km이내혐오시설수":0,
            "초등학교학업성취도":86.22,
            "중학교학업성취도":75.3,
            "용적률":0,
            "건폐율":0,
            "Y":35.188657,
            "X":128.128217,
            "rank":140.0,
            "area_info":"14평(46.42), 16평(52.94), 16평(54.45), 16평(55.92), 17평(56.58), 17평(57.76), 18평(59.63), 18평(59.61), 18평(60.63), 18평(60.72), 18평(60.84), 18평(60.39), 18평(61.86), 19평(62.87), 18평(62.64), 19평(63.45), 19평(63.96), 19평(64.29), 19평(65.7), 19평(66.0), 20평(68.16), 20평(68.88)",
            "last_sales":"2021-04-24,6500.0,20평(68.16)"
        },
        {
            "index":666,
            "아파트명":"하대대림",
            "투자타입":"재건축",
            "전용면적(m2)":"85.46",
            "전용면적(평)":"25평",
            "법정동주소":"경상남도 진주시 하대동 100",
            "도로명주소":"경상남도 진주시 도동천로 310",
            "세대수":0,
            "입주년차":"--",
            "용적률점수":0,
            "건폐율점수":80,
            "세대당주차수":"--",
            "난방방식":"--",
            "공급면적":70,
            "전용률":80,
            "욕실수":"--",
            "현관타입":"--",
            "주거총점":23.5,
            "지역구공급총점":100.0,
            "역세권":"NA",
            "30분내 이동가능 거점":"NA",
            "1시간내 이동가능 거점":"NA",
            "교통총점":"NA",
            "백화점":0,
            "아울렛몰":80,
            "대형마트":0,
            "은행":0,
            "병원":0,
            "종합병원":100,
            "공원":0,
            "혐오시설":0,
            "인프라총점":28.0,
            "초등학군":89.39,
            "중학군":38.78,
            "학군총점":48.902,
            "인구수":38.4,
            "인구증감":2.33,
            "인구총점":27.579,
            "일자리":16.8,
            "소득수준":61.15,
            "일자리총점":30.105,
            "가치 총점":31.6505,
            "매매실거래년":20211221.0,
            "매매실거래가":14600.0,
            "전세실거래년":20211120.0,
            "전세실거래가":12000.0,
            "전세가율":82.19,
            "장기전세가율평균":78.0,
            "전세가율거품지수":-4.19,
            "검색코드":7514,
            "세대수":239,
            "준공년월":"1991-12-31",
            "준공년차":32,
            "가까운역이름":"NA",
            "가까운역거리":"NA",
            "역세권여부":"NA",
            "30분이내주요거점역":"NA",
            "1시간이내주요거점역":"NA",
            "3km이내백화점수":0,
            "5km이내아울렛몰수":1,
            "1km이내대형먀트수":0,
            "500m이내은행수":0,
            "500m이내병원수":1,
            "5km이내대형병원수":4,
            "500m이내공원수":0,
            "3km이내혐오시설수":0,
            "초등학교학업성취도":89.39,
            "중학교학업성취도":64.1,
            "용적률":298,
            "건폐율":22,
            "Y":35.193868,
            "X":128.127775,
            "rank":141.0,
            "area_info":"25평(85.46), 29평(98.56), 46평(152.62)",
            "last_sales":"2021-12-21,14600.0,25평(85.46)"
        },
        {
            "index":472,
            "아파트명":"국민주택",
            "투자타입":"재건축",
            "전용면적(m2)":"47.34",
            "전용면적(평)":"14평",
            "법정동주소":"경상남도 진주시 평거동 741-1",
            "도로명주소":"경상남도 진주시 진양호로97번길 20",
            "세대수":0,
            "입주년차":"--",
            "용적률점수":0,
            "건폐율점수":40,
            "세대당주차수":"--",
            "난방방식":"--",
            "공급면적":50,
            "전용률":60,
            "욕실수":"--",
            "현관타입":"--",
            "주거총점":13.5,
            "지역구공급총점":100.0,
            "역세권":"NA",
            "30분내 이동가능 거점":"NA",
            "1시간내 이동가능 거점":"NA",
            "교통총점":"NA",
            "백화점":0,
            "아울렛몰":0,
            "대형마트":0,
            "은행":0,
            "병원":30,
            "종합병원":100,
            "공원":100,
            "혐오시설":0,
            "인프라총점":26.0,
            "초등학군":88.15,
            "중학군":53.74,
            "학군총점":60.622,
            "인구수":38.4,
            "인구증감":2.33,
            "인구총점":27.579,
            "일자리":16.8,
            "소득수준":61.15,
            "일자리총점":30.105,
            "가치 총점":30.2805,
            "매매실거래년":20211007.0,
            "매매실거래가":5350.0,
            "전세실거래년":20130322.0,
            "전세실거래가":3000.0,
            "전세가율":56.07,
            "장기전세가율평균":78.0,
            "전세가율거품지수":21.93,
            "검색코드":7471,
            "세대수":100,
            "준공년월":"1992-02-24",
            "준공년차":31,
            "가까운역이름":"NA",
            "가까운역거리":"NA",
            "역세권여부":"NA",
            "30분이내주요거점역":"NA",
            "1시간이내주요거점역":"NA",
            "3km이내백화점수":0,
            "5km이내아울렛몰수":0,
            "1km이내대형먀트수":0,
            "500m이내은행수":0,
            "500m이내병원수":7,
            "5km이내대형병원수":3,
            "500m이내공원수":2,
            "3km이내혐오시설수":0,
            "초등학교학업성취도":88.15,
            "중학교학업성취도":88.5,
            "용적률":269,
            "건폐율":37,
            "Y":35.168928,
            "X":128.050572,
            "rank":142.0,
            "area_info":"14평(47.34)",
            "last_sales":"2021-10-07,5350.0,14평(47.34)"
        },
        {
            "index":473,
            "아파트명":"대경그린파크",
            "투자타입":"일반",
            "전용면적(m2)":"81.8",
            "전용면적(평)":"24평",
            "법정동주소":"경상남도 진주시 평거동 136-6",
            "도로명주소":"경상남도 진주시 순환로573번길 21",
            "세대수":0,
            "입주년차":0,
            "용적률점수":"--",
            "건폐율점수":"--",
            "세대당주차수":0,
            "난방방식":30,
            "공급면적":"--",
            "전용률":"--",
            "욕실수":50,
            "현관타입":10,
            "주거총점":9.0,
            "지역구공급총점":100.0,
            "역세권":"NA",
            "30분내 이동가능 거점":"NA",
            "1시간내 이동가능 거점":"NA",
            "교통총점":"NA",
            "백화점":0,
            "아울렛몰":0,
            "대형마트":0,
            "은행":0,
            "병원":80,
            "종합병원":100,
            "공원":100,
            "혐오시설":0,
            "인프라총점":31.0,
            "초등학군":86.52,
            "중학군":48.1,
            "학군총점":55.784,
            "인구수":38.4,
            "인구증감":2.33,
            "인구총점":27.579,
            "일자리":16.8,
            "소득수준":61.15,
            "일자리총점":30.105,
            "가치 총점":29.496,
            "매매실거래년":20211124.0,
            "매매실거래가":9800.0,
            "전세실거래년":20211124.0,
            "전세실거래가":6500.0,
            "전세가율":66.33,
            "장기전세가율평균":78.0,
            "전세가율거품지수":11.67,
            "검색코드":7447,
            "세대수":121,
            "준공년월":"1994-10-01",
            "준공년차":29,
            "가까운역이름":"NA",
            "가까운역거리":"NA",
            "역세권여부":"NA",
            "30분이내주요거점역":"NA",
            "1시간이내주요거점역":"NA",
            "3km이내백화점수":0,
            "5km이내아울렛몰수":0,
            "1km이내대형먀트수":0,
            "500m이내은행수":0,
            "500m이내병원수":30,
            "5km이내대형병원수":3,
            "500m이내공원수":3,
            "3km이내혐오시설수":0,
            "초등학교학업성취도":86.52,
            "중학교학업성취도":78.9,
            "용적률":358,
            "건폐율":27,
            "Y":35.17317,
            "X":128.05778,
            "rank":143.0,
            "area_info":"24평(81.8), 28평(93.24), 31평(104.69)",
            "last_sales":"2021-11-24,9800.0,24평(81.8)"
        },
        {
            "index":507,
            "아파트명":"신안평거한보하이타운",
            "투자타입":"일반",
            "전용면적(m2)":"79.92",
            "전용면적(평)":"24평",
            "법정동주소":"경상남도 진주시 평거동 301-1",
            "도로명주소":"경상남도 진주시 순환로553번길 7",
            "세대수":0,
            "입주년차":0,
            "용적률점수":"--",
            "건폐율점수":"--",
            "세대당주차수":0,
            "난방방식":30,
            "공급면적":"--",
            "전용률":"--",
            "욕실수":50,
            "현관타입":10,
            "주거총점":9.0,
            "지역구공급총점":100.0,
            "역세권":"NA",
            "30분내 이동가능 거점":"NA",
            "1시간내 이동가능 거점":"NA",
            "교통총점":"NA",
            "백화점":0,
            "아울렛몰":0,
            "대형마트":0,
            "은행":0,
            "병원":80,
            "종합병원":100,
            "공원":100,
            "혐오시설":0,
            "인프라총점":31.0,
            "초등학군":86.52,
            "중학군":48.1,
            "학군총점":55.784,
            "인구수":38.4,
            "인구증감":2.33,
            "인구총점":27.579,
            "일자리":16.8,
            "소득수준":61.15,
            "일자리총점":30.105,
            "가치 총점":29.496,
            "매매실거래년":20211219.0,
            "매매실거래가":9600.0,
            "전세실거래년":20210527.0,
            "전세실거래가":8000.0,
            "전세가율":83.33,
            "장기전세가율평균":78.0,
            "전세가율거품지수":-5.33,
            "검색코드":7489,
            "세대수":198,
            "준공년월":"1995-09-18",
            "준공년차":28,
            "가까운역이름":"NA",
            "가까운역거리":"NA",
            "역세권여부":"NA",
            "30분이내주요거점역":"NA",
            "1시간이내주요거점역":"NA",
            "3km이내백화점수":0,
            "5km이내아울렛몰수":0,
            "1km이내대형먀트수":0,
            "500m이내은행수":0,
            "500m이내병원수":30,
            "5km이내대형병원수":3,
            "500m이내공원수":4,
            "3km이내혐오시설수":0,
            "초등학교학업성취도":86.52,
            "중학교학업성취도":78.9,
            "용적률":517,
            "건폐율":28,
            "Y":35.1727,
            "X":128.05928,
            "rank":143.0,
            "area_info":"24평(79.92), 33평(111.98), 34평(113.3)",
            "last_sales":"2021-12-19,9600.0,24평(79.92)"
        },
        {
            "index":307,
            "아파트명":"태완노블리안",
            "투자타입":"일반",
            "전용면적(m2)":"81.17",
            "전용면적(평)":"24평",
            "법정동주소":"경상남도 진주시 일반성면 창촌리 176",
            "도로명주소":"경상남도 진주시 공치고개길 34",
            "세대수":0,
            "입주년차":40,
            "용적률점수":"--",
            "건폐율점수":"--",
            "세대당주차수":0,
            "난방방식":30,
            "공급면적":"--",
            "전용률":"--",
            "욕실수":100,
            "현관타입":100,
            "주거총점":31.0,
            "지역구공급총점":100.0,
            "역세권":"NA",
            "30분내 이동가능 거점":"NA",
            "1시간내 이동가능 거점":"NA",
            "교통총점":"NA",
            "백화점":0,
            "아울렛몰":0,
            "대형마트":80,
            "은행":0,
            "병원":10,
            "종합병원":0,
            "공원":0,
            "혐오시설":0,
            "인프라총점":13.0,
            "초등학군":86.25,
            "중학군":44.22,
            "학군총점":52.626,
            "인구수":38.4,
            "인구증감":2.33,
            "인구총점":27.579,
            "일자리":16.8,
            "소득수준":61.15,
            "일자리총점":30.105,
            "가치 총점":29.2065,
            "매매실거래년":20211116.0,
            "매매실거래가":5400.0,
            "전세실거래년":20220104.0,
            "전세실거래가":6000.0,
            "전세가율":111.11,
            "장기전세가율평균":78.0,
            "전세가율거품지수":-33.11,
            "검색코드":133532,
            "세대수":110,
            "준공년월":"2007-03-26",
            "준공년차":16,
            "가까운역이름":"NA",
            "가까운역거리":"NA",
            "역세권여부":"NA",
            "30분이내주요거점역":"NA",
            "1시간이내주요거점역":"NA",
            "3km이내백화점수":0,
            "5km이내아울렛몰수":0,
            "1km이내대형먀트수":1,
            "500m이내은행수":0,
            "500m이내병원수":2,
            "5km이내대형병원수":0,
            "500m이내공원수":0,
            "3km이내혐오시설수":0,
            "초등학교학업성취도":86.25,
            "중학교학업성취도":73.7,
            "용적률":194,
            "건폐율":23,
            "Y":35.172655,
            "X":128.286278,
            "rank":144.0,
            "area_info":"24평(81.17), 25평(85.91), 25평(85.86)",
            "last_sales":"2021-11-16,5400.0,24평(81.17)"
        },
        {
            "index":194,
            "아파트명":"석류",
            "투자타입":"재건축",
            "전용면적(m2)":"56.1",
            "전용면적(평)":"16평",
            "법정동주소":"경상남도 진주시 상평동 276-4",
            "도로명주소":"경상남도 진주시 공단로44번길 12",
            "세대수":0,
            "입주년차":"--",
            "용적률점수":0,
            "건폐율점수":0,
            "세대당주차수":"--",
            "난방방식":"--",
            "공급면적":50,
            "전용률":80,
            "욕실수":"--",
            "현관타입":"--",
            "주거총점":6.5,
            "지역구공급총점":100.0,
            "역세권":"NA",
            "30분내 이동가능 거점":"NA",
            "1시간내 이동가능 거점":"NA",
            "교통총점":"NA",
            "백화점":0,
            "아울렛몰":80,
            "대형마트":0,
            "은행":0,
            "병원":0,
            "종합병원":100,
            "공원":80,
            "혐오시설":0,
            "인프라총점":30.4,
            "초등학군":81.13,
            "중학군":51.32,
            "학군총점":57.282,
            "인구수":38.4,
            "인구증감":2.33,
            "인구총점":27.579,
            "일자리":16.8,
            "소득수준":61.15,
            "일자리총점":30.105,
            "가치 총점":28.7555,
            "매매실거래년":20211021.0,
            "매매실거래가":6000.0,
            "전세실거래년":20170628.0,
            "전세실거래가":5500.0,
            "전세가율":91.67,
            "장기전세가율평균":78.0,
            "전세가율거품지수":-13.67,
            "검색코드":7291,
            "세대수":100,
            "준공년월":"1987-02-02",
            "준공년차":36,
            "가까운역이름":"NA",
            "가까운역거리":"NA",
            "역세권여부":"NA",
            "30분이내주요거점역":"NA",
            "1시간이내주요거점역":"NA",
            "3km이내백화점수":0,
            "5km이내아울렛몰수":1,
            "1km이내대형먀트수":0,
            "500m이내은행수":0,
            "500m이내병원수":0,
            "5km이내대형병원수":4,
            "500m이내공원수":1,
            "3km이내혐오시설수":0,
            "초등학교학업성취도":81.13,
            "중학교학업성취도":85.2,
            "용적률":0,
            "건폐율":0,
            "Y":35.174203,
            "X":128.103888,
            "rank":145.0,
            "area_info":"16평(56.1), 19평(65.82)",
            "last_sales":"2021-10-21,6000.0,16평(56.1)"
        },
        {
            "index":487,
            "아파트명":"동신2(벽산)",
            "투자타입":"일반",
            "전용면적(m2)":"71.3",
            "전용면적(평)":"21평",
            "법정동주소":"경상남도 진주시 평거동 401",
            "도로명주소":"경상남도 진주시 진양호로125번길 22-12",
            "세대수":0,
            "입주년차":0,
            "용적률점수":"--",
            "건폐율점수":"--",
            "세대당주차수":0,
            "난방방식":30,
            "공급면적":"--",
            "전용률":"--",
            "욕실수":50,
            "현관타입":10,
            "주거총점":9.0,
            "지역구공급총점":100.0,
            "역세권":"NA",
            "30분내 이동가능 거점":"NA",
            "1시간내 이동가능 거점":"NA",
            "교통총점":"NA",
            "백화점":0,
            "아울렛몰":0,
            "대형마트":0,
            "은행":0,
            "병원":10,
            "종합병원":100,
            "공원":100,
            "혐오시설":0,
            "인프라총점":24.0,
            "초등학군":86.52,
            "중학군":53.74,
            "학군총점":60.296,
            "인구수":38.4,
            "인구증감":2.33,
            "인구총점":27.579,
            "일자리":16.8,
            "소득수준":61.15,
            "일자리총점":30.105,
            "가치 총점":27.824,
            "매매실거래년":20211217.0,
            "매매실거래가":6800.0,
            "전세실거래년":20200707.0,
            "전세실거래가":7000.0,
            "전세가율":102.94,
            "장기전세가율평균":78.0,
            "전세가율거품지수":-24.94,
            "검색코드":7463,
            "세대수":286,
            "준공년월":"1993-03-25",
            "준공년차":30,
            "가까운역이름":"NA",
            "가까운역거리":"NA",
            "역세권여부":"NA",
            "30분이내주요거점역":"NA",
            "1시간이내주요거점역":"NA",
            "3km이내백화점수":0,
            "5km이내아울렛몰수":0,
            "1km이내대형먀트수":0,
            "500m이내은행수":0,
            "500m이내병원수":4,
            "5km이내대형병원수":3,
            "500m이내공원수":3,
            "3km이내혐오시설수":0,
            "초등학교학업성취도":86.52,
            "중학교학업성취도":88.5,
            "용적률":320,
            "건폐율":23,
            "Y":35.171108,
            "X":128.052934,
            "rank":146.0,
            "area_info":"21평(71.3), 24평(81.11), 27평(91.39), 31평(104.34), 40평(134.85), 41평(138.59)",
            "last_sales":"2021-12-17,6800.0,21평(71.3)"
        },
        {
            "index":572,
            "아파트명":"하영무지개맨션",
            "투자타입":"일반",
            "전용면적(m2)":"73.36",
            "전용면적(평)":"22평",
            "법정동주소":"경상남도 진주시 평거동 345",
            "도로명주소":"경상남도 진주시 진양호로 153",
            "세대수":0,
            "입주년차":0,
            "용적률점수":"--",
            "건폐율점수":"--",
            "세대당주차수":0,
            "난방방식":30,
            "공급면적":"--",
            "전용률":"--",
            "욕실수":50,
            "현관타입":10,
            "주거총점":9.0,
            "지역구공급총점":100.0,
            "역세권":"NA",
            "30분내 이동가능 거점":"NA",
            "1시간내 이동가능 거점":"NA",
            "교통총점":"NA",
            "백화점":0,
            "아울렛몰":0,
            "대형마트":0,
            "은행":0,
            "병원":30,
            "종합병원":100,
            "공원":100,
            "혐오시설":0,
            "인프라총점":26.0,
            "초등학군":86.52,
            "중학군":48.1,
            "학군총점":55.784,
            "인구수":38.4,
            "인구증감":2.33,
            "인구총점":27.579,
            "일자리":16.8,
            "소득수준":61.15,
            "일자리총점":30.105,
            "가치 총점":27.496,
            "매매실거래년":20220111.0,
            "매매실거래가":8400.0,
            "전세실거래년":20200516.0,
            "전세실거래가":7000.0,
            "전세가율":80.46,
            "장기전세가율평균":78.0,
            "전세가율거품지수":-2.46,
            "검색코드":7480,
            "세대수":190,
            "준공년월":"1993-05-21",
            "준공년차":30,
            "가까운역이름":"NA",
            "가까운역거리":"NA",
            "역세권여부":"NA",
            "30분이내주요거점역":"NA",
            "1시간이내주요거점역":"NA",
            "3km이내백화점수":0,
            "5km이내아울렛몰수":0,
            "1km이내대형먀트수":0,
            "500m이내은행수":0,
            "500m이내병원수":6,
            "5km이내대형병원수":3,
            "500m이내공원수":4,
            "3km이내혐오시설수":0,
            "초등학교학업성취도":86.52,
            "중학교학업성취도":78.9,
            "용적률":308,
            "건폐율":28,
            "Y":35.16971,
            "X":128.05523,
            "rank":147.0,
            "area_info":"22평(73.36), 22평(74.39), 23평(76.06), 27평(89.4), 29평(96.27), 32평(107.15)",
            "last_sales":"2022-01-11,8400.0,27평(89.4)"
        },
        {
            "index":341,
            "아파트명":"진주금빛마을현대",
            "투자타입":"일반",
            "전용면적(m2)":"74.33",
            "전용면적(평)":"22평",
            "법정동주소":"경상남도 진주시 집현면 봉강리 249",
            "도로명주소":"경상남도 진주시 진산로 675",
            "세대수":50,
            "입주년차":20,
            "용적률점수":"--",
            "건폐율점수":"--",
            "세대당주차수":0,
            "난방방식":30,
            "공급면적":"--",
            "전용률":"--",
            "욕실수":50,
            "현관타입":100,
            "주거총점":39.5,
            "지역구공급총점":100.0,
            "역세권":"NA",
            "30분내 이동가능 거점":"NA",
            "1시간내 이동가능 거점":"NA",
            "교통총점":"NA",
            "백화점":0,
            "아울렛몰":0,
            "대형마트":0,
            "은행":0,
            "병원":0,
            "종합병원":0,
            "공원":0,
            "혐오시설":0,
            "인프라총점":0.0,
            "초등학군":88.87,
            "중학군":39.36,
            "학군총점":49.262,
            "인구수":38.4,
            "인구증감":2.33,
            "인구총점":27.579,
            "일자리":16.8,
            "소득수준":61.15,
            "일자리총점":30.105,
            "가치 총점":26.1405,
            "매매실거래년":20220108.0,
            "매매실거래가":6350.0,
            "전세실거래년":20211211.0,
            "전세실거래가":6000.0,
            "전세가율":94.49,
            "장기전세가율평균":78.0,
            "전세가율거품지수":-16.49,
            "검색코드":15675,
            "세대수":667,
            "준공년월":"2000-08-25",
            "준공년차":23,
            "가까운역이름":"NA",
            "가까운역거리":"NA",
            "역세권여부":"NA",
            "30분이내주요거점역":"NA",
            "1시간이내주요거점역":"NA",
            "3km이내백화점수":0,
            "5km이내아울렛몰수":0,
            "1km이내대형먀트수":0,
            "500m이내은행수":0,
            "500m이내병원수":0,
            "5km이내대형병원수":0,
            "500m이내공원수":0,
            "3km이내혐오시설수":0,
            "초등학교학업성취도":88.87,
            "중학교학업성취도":65.6,
            "용적률":237,
            "건폐율":23,
            "Y":35.238649,
            "X":128.089961,
            "rank":148.0,
            "area_info":"22평(74.33), 32평(106.42)",
            "last_sales":"2022-01-08,6350.0,22평(74.33)"
        },
        {
            "index":645,
            "아파트명":"삼전맨션1차",
            "투자타입":"재건축",
            "전용면적(m2)":"63.83",
            "전용면적(평)":"19평",
            "법정동주소":"경상남도 진주시 하대동 102-2",
            "도로명주소":"경상남도 진주시 남강로 1467",
            "세대수":0,
            "입주년차":"--",
            "용적률점수":0,
            "건폐율점수":0,
            "세대당주차수":"--",
            "난방방식":"--",
            "공급면적":50,
            "전용률":80,
            "욕실수":"--",
            "현관타입":"--",
            "주거총점":6.5,
            "지역구공급총점":100.0,
            "역세권":"NA",
            "30분내 이동가능 거점":"NA",
            "1시간내 이동가능 거점":"NA",
            "교통총점":"NA",
            "백화점":0,
            "아울렛몰":80,
            "대형마트":0,
            "은행":0,
            "병원":0,
            "종합병원":100,
            "공원":0,
            "혐오시설":0,
            "인프라총점":28.0,
            "초등학군":86.22,
            "중학군":38.78,
            "학군총점":48.268,
            "인구수":38.4,
            "인구증감":2.33,
            "인구총점":27.579,
            "일자리":16.8,
            "소득수준":61.15,
            "일자리총점":30.105,
            "가치 총점":25.542,
            "매매실거래년":20220106.0,
            "매매실거래가":9000.0,
            "전세실거래년":20150131.0,
            "전세실거래가":6000.0,
            "전세가율":80.0,
            "장기전세가율평균":78.0,
            "전세가율거품지수":-2.0,
            "검색코드":15683,
            "세대수":100,
            "준공년월":"1988-11-03",
            "준공년차":35,
            "가까운역이름":"NA",
            "가까운역거리":"NA",
            "역세권여부":"NA",
            "30분이내주요거점역":"NA",
            "1시간이내주요거점역":"NA",
            "3km이내백화점수":0,
            "5km이내아울렛몰수":1,
            "1km이내대형먀트수":0,
            "500m이내은행수":0,
            "500m이내병원수":1,
            "5km이내대형병원수":4,
            "500m이내공원수":0,
            "3km이내혐오시설수":0,
            "초등학교학업성취도":86.22,
            "중학교학업성취도":64.1,
            "용적률":0,
            "건폐율":0,
            "Y":35.191848,
            "X":128.127816,
            "rank":149.0,
            "area_info":"19평(63.83), 21평(70.26), 25평(83.92), 28평(94.59)",
            "last_sales":"2022-01-06,9000.0,28평(94.59)"
        }
    ]
}