{
    "schema":{
        "fields":[
            {
                "name":"index",
                "type":"integer"
            },
            {
                "name":"아파트명",
                "type":"string"
            },
            {
                "name":"투자타입",
                "type":"string"
            },
            {
                "name":"전용면적(m2)",
                "type":"string"
            },
            {
                "name":"전용면적(평)",
                "type":"string"
            },
            {
                "name":"법정동주소",
                "type":"string"
            },
            {
                "name":"도로명주소",
                "type":"string"
            },
            {
                "name":"세대수",
                "type":"integer"
            },
            {
                "name":"입주년차",
                "type":"string"
            },
            {
                "name":"용적률점수",
                "type":"string"
            },
            {
                "name":"건폐율점수",
                "type":"string"
            },
            {
                "name":"세대당주차수",
                "type":"string"
            },
            {
                "name":"난방방식",
                "type":"string"
            },
            {
                "name":"공급면적",
                "type":"string"
            },
            {
                "name":"전용률",
                "type":"string"
            },
            {
                "name":"욕실수",
                "type":"string"
            },
            {
                "name":"현관타입",
                "type":"string"
            },
            {
                "name":"주거총점",
                "type":"number"
            },
            {
                "name":"지역구공급총점",
                "type":"number"
            },
            {
                "name":"역세권",
                "type":"integer"
            },
            {
                "name":"30분내 이동가능 거점",
                "type":"integer"
            },
            {
                "name":"1시간내 이동가능 거점",
                "type":"integer"
            },
            {
                "name":"교통총점",
                "type":"number"
            },
            {
                "name":"백화점",
                "type":"integer"
            },
            {
                "name":"아울렛몰",
                "type":"integer"
            },
            {
                "name":"대형마트",
                "type":"integer"
            },
            {
                "name":"은행",
                "type":"integer"
            },
            {
                "name":"병원",
                "type":"integer"
            },
            {
                "name":"종합병원",
                "type":"integer"
            },
            {
                "name":"공원",
                "type":"integer"
            },
            {
                "name":"혐오시설",
                "type":"integer"
            },
            {
                "name":"인프라총점",
                "type":"number"
            },
            {
                "name":"초등학군",
                "type":"number"
            },
            {
                "name":"중학군",
                "type":"number"
            },
            {
                "name":"학군총점",
                "type":"number"
            },
            {
                "name":"인구수",
                "type":"number"
            },
            {
                "name":"인구증감",
                "type":"number"
            },
            {
                "name":"인구총점",
                "type":"number"
            },
            {
                "name":"일자리",
                "type":"number"
            },
            {
                "name":"소득수준",
                "type":"number"
            },
            {
                "name":"일자리총점",
                "type":"number"
            },
            {
                "name":"가치 총점",
                "type":"number"
            },
            {
                "name":"매매실거래년",
                "type":"string"
            },
            {
                "name":"매매실거래가",
                "type":"number"
            },
            {
                "name":"전세실거래년",
                "type":"number"
            },
            {
                "name":"전세실거래가",
                "type":"number"
            },
            {
                "name":"전세가율",
                "type":"number"
            },
            {
                "name":"장기전세가율평균",
                "type":"number"
            },
            {
                "name":"전세가율거품지수",
                "type":"number"
            },
            {
                "name":"검색코드",
                "type":"integer"
            },
            {
                "name":"세대수",
                "type":"number"
            },
            {
                "name":"준공년월",
                "type":"string"
            },
            {
                "name":"준공년차",
                "type":"number"
            },
            {
                "name":"가까운역이름",
                "type":"string"
            },
            {
                "name":"가까운역거리",
                "type":"number"
            },
            {
                "name":"역세권여부",
                "type":"string"
            },
            {
                "name":"30분이내주요거점역",
                "type":"integer"
            },
            {
                "name":"30분거점역이름",
                "type":"string"
            },
            {
                "name":"1시간이내주요거점역",
                "type":"integer"
            },
            {
                "name":"1시간거점역이름",
                "type":"string"
            },
            {
                "name":"3km이내백화점수",
                "type":"integer"
            },
            {
                "name":"5km이내아울렛몰수",
                "type":"integer"
            },
            {
                "name":"1km이내대형먀트수",
                "type":"integer"
            },
            {
                "name":"500m이내은행수",
                "type":"integer"
            },
            {
                "name":"500m이내병원수",
                "type":"integer"
            },
            {
                "name":"5km이내대형병원수",
                "type":"integer"
            },
            {
                "name":"500m이내공원수",
                "type":"integer"
            },
            {
                "name":"3km이내혐오시설수",
                "type":"integer"
            },
            {
                "name":"초등학교학업성취도",
                "type":"number"
            },
            {
                "name":"중학교학업성취도",
                "type":"number"
            },
            {
                "name":"용적률",
                "type":"integer"
            },
            {
                "name":"건폐율",
                "type":"integer"
            },
            {
                "name":"Y",
                "type":"number"
            },
            {
                "name":"X",
                "type":"number"
            },
            {
                "name":"rank",
                "type":"number"
            },
            {
                "name":"area_info",
                "type":"string"
            },
            {
                "name":"last_sales",
                "type":"string"
            },
            {
                "name":"rank_history",
                "type":"string"
            },
            {
                "name":"rank_gap",
                "type":"integer"
            }
        ],
        "primaryKey":[
            "index"
        ],
        "pandas_version":"1.4.0"
    },
    "data":[
        {
            "index":109,
            "아파트명":"광화문풍림스페이스본",
            "투자타입":"일반",
            "전용면적(m2)":"81.68",
            "전용면적(평)":"24평",
            "법정동주소":"서울시 종로구 사직동 9",
            "도로명주소":"서울시 종로구 사직로8길 4",
            "세대수":80,
            "입주년차":40,
            "용적률점수":"--",
            "건폐율점수":"--",
            "세대당주차수":80,
            "난방방식":30,
            "공급면적":"--",
            "전용률":"--",
            "욕실수":100,
            "현관타입":100,
            "주거총점":71.0,
            "지역구공급총점":100.0,
            "역세권":80,
            "30분내 이동가능 거점":80,
            "1시간내 이동가능 거점":100,
            "교통총점":84.0,
            "백화점":100,
            "아울렛몰":100,
            "대형마트":100,
            "은행":70,
            "병원":0,
            "종합병원":100,
            "공원":100,
            "혐오시설":0,
            "인프라총점":85.0,
            "초등학군":90.0,
            "중학군":44.88,
            "학군총점":53.904,
            "인구수":15.9,
            "인구증감":-10.45,
            "인구총점":7.995,
            "일자리":34.83,
            "소득수준":94.15,
            "일자리총점":52.626,
            "가치 총점":77.1856,
            "매매실거래년":20200102.0,
            "매매실거래가":162000.0,
            "전세실거래년":null,
            "전세실거래가":null,
            "전세가율":null,
            "장기전세가율평균":65.55,
            "전세가율거품지수":null,
            "검색코드":22124,
            "세대수":744.0,
            "준공년월":"2008-07-11",
            "준공년차":15.0,
            "가까운역이름":"경복궁",
            "가까운역거리":458.67,
            "역세권여부":"역세권",
            "30분이내주요거점역":4,
            "30분거점역이름":"['을지로입구', '을지로3가', '홍대입구', '명동']",
            "1시간이내주요거점역":10,
            "1시간거점역이름":"['강남', '역삼', '여의도', '을지로입구', '을지로3가', '양재', '왕십리', '홍대입구', '명동', '마곡']",
            "3km이내백화점수":2,
            "5km이내아울렛몰수":2,
            "1km이내대형먀트수":2,
            "500m이내은행수":3,
            "500m이내병원수":0,
            "5km이내대형병원수":8,
            "500m이내공원수":5,
            "3km이내혐오시설수":0,
            "초등학교학업성취도":90.0,
            "중학교학업성취도":74.0,
            "용적률":0,
            "건폐율":0,
            "Y":37.574426,
            "X":126.968606,
            "rank":1.0,
            "area_info":"24평(81.68), 25평(84.82), 31평(104.05), 33평(109.44), 34평(112.95), 34평(113.24), 34평(114.87), 35평(116.94), 39평(129.47), 39평(129.28), 39평(130.05), 43평(145.4), 45평(151.37), 47평(157.47), 49평(162.84), 49평(163.42), 49평(163.78), 49평(165.14), 52평(174.36), 53평(176.02), 53평(176.48), 54평(179.17), 55평(181.87), 56평(186.58), 57평(190.5), 57평(190.46), 57평(190.34), 58평(192.7), 60평(200.82), 61평(202.35)",
            "last_sales":"2020-01-02,162000.0,61평(202.35)",
            "rank_history":[
                [
                    "202202",
                    1
                ],
                [
                    "202201",
                    1
                ]
            ],
            "rank_gap":0
        },
        {
            "index":247,
            "아파트명":"경희궁자이3단지",
            "투자타입":"일반",
            "전용면적(m2)":"81.0",
            "전용면적(평)":"24평",
            "법정동주소":"서울시 종로구 평동 233",
            "도로명주소":"서울시 종로구 경교장길 35",
            "세대수":50,
            "입주년차":80,
            "용적률점수":"--",
            "건폐율점수":"--",
            "세대당주차수":30,
            "난방방식":30,
            "공급면적":"--",
            "전용률":"--",
            "욕실수":100,
            "현관타입":100,
            "주거총점":61.0,
            "지역구공급총점":100.0,
            "역세권":80,
            "30분내 이동가능 거점":80,
            "1시간내 이동가능 거점":90,
            "교통총점":82.0,
            "백화점":100,
            "아울렛몰":100,
            "대형마트":100,
            "은행":100,
            "병원":0,
            "종합병원":100,
            "공원":100,
            "혐오시설":-50,
            "인프라총점":87.0,
            "초등학군":89.98,
            "중학군":54.84,
            "학군총점":61.868,
            "인구수":15.9,
            "인구증감":-10.45,
            "인구총점":7.995,
            "일자리":34.83,
            "소득수준":94.15,
            "일자리총점":52.626,
            "가치 총점":76.2802,
            "매매실거래년":20211211.0,
            "매매실거래가":209000.0,
            "전세실거래년":20210923.0,
            "전세실거래가":68250.0,
            "전세가율":43.47,
            "장기전세가율평균":65.55,
            "전세가율거품지수":22.08,
            "검색코드":110125,
            "세대수":589.0,
            "준공년월":"2017-02-24",
            "준공년차":6.0,
            "가까운역이름":"서대문",
            "가까운역거리":379.22,
            "역세권여부":"역세권",
            "30분이내주요거점역":4,
            "30분거점역이름":"['을지로입구', '을지로3가', '홍대입구', '명동']",
            "1시간이내주요거점역":9,
            "1시간거점역이름":"['강남', '역삼', '여의도', '을지로입구', '을지로3가', '양재', '홍대입구', '명동', '마곡']",
            "3km이내백화점수":2,
            "5km이내아울렛몰수":2,
            "1km이내대형먀트수":2,
            "500m이내은행수":15,
            "500m이내병원수":0,
            "5km이내대형병원수":8,
            "500m이내공원수":4,
            "3km이내혐오시설수":1,
            "초등학교학업성취도":89.98,
            "중학교학업성취도":90.0,
            "용적률":241,
            "건폐율":33,
            "Y":37.569144,
            "X":126.965989,
            "rank":2.0,
            "area_info":"24평(81.0), 24평(81.48), 24평(81.94), 24평(81.06), 31평(102.92), 31평(103.26), 33평(110.8), 33평(111.94), 33평(111.55), 45평(148.93)",
            "last_sales":"2021-12-11,209000.0,33평(111.94)",
            "rank_history":[
                [
                    "202202",
                    2
                ],
                [
                    "202201",
                    2
                ]
            ],
            "rank_gap":0
        },
        {
            "index":284,
            "아파트명":"경희궁자이2단지",
            "투자타입":"일반",
            "전용면적(m2)":"82.6",
            "전용면적(평)":"24평",
            "법정동주소":"서울시 종로구 홍파동 199",
            "도로명주소":"서울시 종로구 송월길 99",
            "세대수":90,
            "입주년차":80,
            "용적률점수":"--",
            "건폐율점수":"--",
            "세대당주차수":60,
            "난방방식":30,
            "공급면적":"--",
            "전용률":"--",
            "욕실수":100,
            "현관타입":100,
            "주거총점":79.5,
            "지역구공급총점":100.0,
            "역세권":50,
            "30분내 이동가능 거점":80,
            "1시간내 이동가능 거점":90,
            "교통총점":67.0,
            "백화점":100,
            "아울렛몰":100,
            "대형마트":100,
            "은행":70,
            "병원":0,
            "종합병원":100,
            "공원":100,
            "혐오시설":0,
            "인프라총점":85.0,
            "초등학군":89.98,
            "중학군":54.84,
            "학군총점":61.868,
            "인구수":15.9,
            "인구증감":-10.45,
            "인구총점":7.995,
            "일자리":34.83,
            "소득수준":94.15,
            "일자리총점":52.626,
            "가치 총점":74.1302,
            "매매실거래년":20210828.0,
            "매매실거래가":250000.0,
            "전세실거래년":20210728.0,
            "전세실거래가":94000.0,
            "전세가율":57.07,
            "장기전세가율평균":65.55,
            "전세가율거품지수":8.48,
            "검색코드":109379,
            "세대수":1148.0,
            "준공년월":"2017-02-24",
            "준공년차":6.0,
            "가까운역이름":"서대문",
            "가까운역거리":617.34,
            "역세권여부":"준역세권",
            "30분이내주요거점역":4,
            "30분거점역이름":"['을지로입구', '을지로3가', '홍대입구', '명동']",
            "1시간이내주요거점역":9,
            "1시간거점역이름":"['강남', '역삼', '여의도', '을지로입구', '을지로3가', '양재', '홍대입구', '명동', '마곡']",
            "3km이내백화점수":3,
            "5km이내아울렛몰수":2,
            "1km이내대형먀트수":2,
            "500m이내은행수":4,
            "500m이내병원수":0,
            "5km이내대형병원수":8,
            "500m이내공원수":5,
            "3km이내혐오시설수":0,
            "초등학교학업성취도":89.98,
            "중학교학업성취도":90.0,
            "용적률":252,
            "건폐율":24,
            "Y":37.570876,
            "X":126.963882,
            "rank":3.0,
            "area_info":"24평(82.6), 25평(83.8), 25평(83.05), 31평(102.71), 33평(111.55), 34평(112.69), 33평(112.31), 34평(113.1), 34평(113.24), 34평(113.71), 34평(114.74), 39평(130.89), 39평(130.94), 40평(133.11), 44평(146.07), 44평(147.12), 45평(148.9), 52평(173.28)",
            "last_sales":"2021-08-28,250000.0,44평(147.12)",
            "rank_history":[
                [
                    "202202",
                    3
                ],
                [
                    "202201",
                    3
                ]
            ],
            "rank_gap":0
        },
        {
            "index":58,
            "아파트명":"파크팰리스",
            "투자타입":"일반",
            "전용면적(m2)":"130.38",
            "전용면적(평)":"39평",
            "법정동주소":"서울시 종로구 내수동 95",
            "도로명주소":"서울시 종로구 사직로8길 20",
            "세대수":0,
            "입주년차":20,
            "용적률점수":"--",
            "건폐율점수":"--",
            "세대당주차수":80,
            "난방방식":30,
            "공급면적":"--",
            "전용률":"--",
            "욕실수":100,
            "현관타입":100,
            "주거총점":39.0,
            "지역구공급총점":100.0,
            "역세권":80,
            "30분내 이동가능 거점":80,
            "1시간내 이동가능 거점":100,
            "교통총점":84.0,
            "백화점":100,
            "아울렛몰":100,
            "대형마트":100,
            "은행":100,
            "병원":0,
            "종합병원":100,
            "공원":100,
            "혐오시설":0,
            "인프라총점":88.0,
            "초등학군":90.0,
            "중학군":53.72,
            "학군총점":60.976,
            "인구수":15.9,
            "인구증감":-10.45,
            "인구총점":7.995,
            "일자리":34.83,
            "소득수준":94.15,
            "일자리총점":52.626,
            "가치 총점":72.7464,
            "매매실거래년":20200120.0,
            "매매실거래가":149000.0,
            "전세실거래년":20210615.0,
            "전세실거래가":73000.0,
            "전세가율":74.49,
            "장기전세가율평균":65.55,
            "전세가율거품지수":-8.94,
            "검색코드":20250,
            "세대수":142.0,
            "준공년월":"2003-11-19",
            "준공년차":20.0,
            "가까운역이름":"경복궁",
            "가까운역거리":311.41,
            "역세권여부":"역세권",
            "30분이내주요거점역":4,
            "30분거점역이름":"['을지로입구', '을지로3가', '홍대입구', '명동']",
            "1시간이내주요거점역":10,
            "1시간거점역이름":"['강남', '역삼', '여의도', '을지로입구', '을지로3가', '양재', '왕십리', '홍대입구', '명동', '마곡']",
            "3km이내백화점수":2,
            "5km이내아울렛몰수":2,
            "1km이내대형먀트수":2,
            "500m이내은행수":9,
            "500m이내병원수":0,
            "5km이내대형병원수":8,
            "500m이내공원수":5,
            "3km이내혐오시설수":0,
            "초등학교학업성취도":90.0,
            "중학교학업성취도":87.2,
            "용적률":0,
            "건폐율":0,
            "Y":37.574236,
            "X":126.970567,
            "rank":4.0,
            "area_info":"39평(130.38), 44평(147.32), 55평(183.91), 55평(183.85), 56평(185.46), 56평(186.06)",
            "last_sales":"2020-01-20,149000.0,56평(186.06)",
            "rank_history":[
                [
                    "202202",
                    4
                ],
                [
                    "202201",
                    4
                ]
            ],
            "rank_gap":0
        },
        {
            "index":54,
            "아파트명":"경희궁의아침4단지",
            "투자타입":"일반",
            "전용면적(m2)":"145.02",
            "전용면적(평)":"43평",
            "법정동주소":"서울시 종로구 내수동 73",
            "도로명주소":"서울시 종로구 새문안로3길 23",
            "세대수":0,
            "입주년차":40,
            "용적률점수":"--",
            "건폐율점수":"--",
            "세대당주차수":30,
            "난방방식":30,
            "공급면적":"--",
            "전용률":"--",
            "욕실수":100,
            "현관타입":100,
            "주거총점":35.5,
            "지역구공급총점":100.0,
            "역세권":80,
            "30분내 이동가능 거점":80,
            "1시간내 이동가능 거점":100,
            "교통총점":84.0,
            "백화점":100,
            "아울렛몰":100,
            "대형마트":100,
            "은행":100,
            "병원":0,
            "종합병원":100,
            "공원":100,
            "혐오시설":0,
            "인프라총점":88.0,
            "초등학군":89.95,
            "중학군":49.76,
            "학군총점":57.798,
            "인구수":15.9,
            "인구증감":-10.45,
            "인구총점":7.995,
            "일자리":34.83,
            "소득수준":94.15,
            "일자리총점":52.626,
            "가치 총점":71.5697,
            "매매실거래년":20210731.0,
            "매매실거래가":205000.0,
            "전세실거래년":20210719.0,
            "전세실거래가":150000.0,
            "전세가율":88.76,
            "장기전세가율평균":65.55,
            "전세가율거품지수":-23.21,
            "검색코드":100502,
            "세대수":120.0,
            "준공년월":"2004-05-17",
            "준공년차":19.0,
            "가까운역이름":"경복궁",
            "가까운역거리":365.35,
            "역세권여부":"역세권",
            "30분이내주요거점역":4,
            "30분거점역이름":"['을지로입구', '을지로3가', '홍대입구', '명동']",
            "1시간이내주요거점역":10,
            "1시간거점역이름":"['강남', '역삼', '여의도', '을지로입구', '을지로3가', '양재', '왕십리', '홍대입구', '명동', '마곡']",
            "3km이내백화점수":2,
            "5km이내아울렛몰수":2,
            "1km이내대형먀트수":2,
            "500m이내은행수":18,
            "500m이내병원수":0,
            "5km이내대형병원수":8,
            "500m이내공원수":5,
            "3km이내혐오시설수":0,
            "초등학교학업성취도":89.95,
            "중학교학업성취도":81.4,
            "용적률":637,
            "건폐율":55,
            "Y":37.572707,
            "X":126.972004,
            "rank":5.0,
            "area_info":"43평(145.02), 51평(170.47), 53평(175.74), 53평(176.08)",
            "last_sales":"2021-07-31,205000.0,53평(175.74)",
            "rank_history":[
                [
                    "202202",
                    5
                ],
                [
                    "202201",
                    5
                ]
            ],
            "rank_gap":0
        },
        {
            "index":49,
            "아파트명":"경희궁의아침3단지",
            "투자타입":"일반",
            "전용면적(m2)":"141.61",
            "전용면적(평)":"42평",
            "법정동주소":"서울시 종로구 내수동 72",
            "도로명주소":"서울시 종로구 사직로8길 34",
            "세대수":0,
            "입주년차":40,
            "용적률점수":"--",
            "건폐율점수":"--",
            "세대당주차수":0,
            "난방방식":30,
            "공급면적":"--",
            "전용률":"--",
            "욕실수":100,
            "현관타입":100,
            "주거총점":31.0,
            "지역구공급총점":100.0,
            "역세권":80,
            "30분내 이동가능 거점":80,
            "1시간내 이동가능 거점":100,
            "교통총점":84.0,
            "백화점":100,
            "아울렛몰":100,
            "대형마트":100,
            "은행":100,
            "병원":0,
            "종합병원":100,
            "공원":100,
            "혐오시설":0,
            "인프라총점":88.0,
            "초등학군":89.95,
            "중학군":53.72,
            "학군총점":60.966,
            "인구수":15.9,
            "인구증감":-10.45,
            "인구총점":7.995,
            "일자리":34.83,
            "소득수준":94.15,
            "일자리총점":52.626,
            "가치 총점":71.1449,
            "매매실거래년":20210419.0,
            "매매실거래가":189000.0,
            "전세실거래년":20200303.0,
            "전세실거래가":90000.0,
            "전세가율":50.0,
            "장기전세가율평균":65.55,
            "전세가율거품지수":15.55,
            "검색코드":100500,
            "세대수":150.0,
            "준공년월":"2004-05-17",
            "준공년차":19.0,
            "가까운역이름":"경복궁",
            "가까운역거리":277.61,
            "역세권여부":"역세권",
            "30분이내주요거점역":4,
            "30분거점역이름":"['을지로입구', '을지로3가', '홍대입구', '명동']",
            "1시간이내주요거점역":10,
            "1시간거점역이름":"['강남', '역삼', '여의도', '을지로입구', '을지로3가', '양재', '왕십리', '홍대입구', '명동', '마곡']",
            "3km이내백화점수":2,
            "5km이내아울렛몰수":2,
            "1km이내대형먀트수":2,
            "500m이내은행수":10,
            "500m이내병원수":0,
            "5km이내대형병원수":8,
            "500m이내공원수":5,
            "3km이내혐오시설수":0,
            "초등학교학업성취도":89.95,
            "중학교학업성취도":87.2,
            "용적률":590,
            "건폐율":47,
            "Y":37.573599,
            "X":126.971957,
            "rank":6.0,
            "area_info":"42평(141.61), 43평(142.81), 51평(171.37), 52평(173.07), 60평(200.75)",
            "last_sales":"2021-04-19,189000.0,60평(200.75)",
            "rank_history":[
                [
                    "202202",
                    6
                ],
                [
                    "202201",
                    6
                ]
            ],
            "rank_gap":0
        },
        {
            "index":145,
            "아파트명":"삼전솔하임2차(도시형)",
            "투자타입":"일반",
            "전용면적(m2)":"21.86",
            "전용면적(평)":"6평",
            "법정동주소":"서울시 종로구 숭인동 296-19",
            "도로명주소":"서울시 종로구 종로58가길 27",
            "세대수":0,
            "입주년차":60,
            "용적률점수":"--",
            "건폐율점수":"--",
            "세대당주차수":0,
            "난방방식":30,
            "공급면적":"--",
            "전용률":"--",
            "욕실수":50,
            "현관타입":10,
            "주거총점":21.0,
            "지역구공급총점":100.0,
            "역세권":100,
            "30분내 이동가능 거점":80,
            "1시간내 이동가능 거점":90,
            "교통총점":92.0,
            "백화점":100,
            "아울렛몰":100,
            "대형마트":80,
            "은행":100,
            "병원":0,
            "종합병원":100,
            "공원":80,
            "혐오시설":0,
            "인프라총점":84.4,
            "초등학군":90.0,
            "중학군":49.38,
            "학군총점":57.504,
            "인구수":15.9,
            "인구증감":-10.45,
            "인구총점":7.995,
            "일자리":34.83,
            "소득수준":94.15,
            "일자리총점":52.626,
            "가치 총점":70.3456,
            "매매실거래년":20211227.0,
            "매매실거래가":10900.0,
            "전세실거래년":20220110.0,
            "전세실거래가":11700.0,
            "전세가율":93.98,
            "장기전세가율평균":65.55,
            "전세가율거품지수":-28.43,
            "검색코드":104687,
            "세대수":112.0,
            "준공년월":"2012-10-12",
            "준공년차":11.0,
            "가까운역이름":"동묘앞",
            "가까운역거리":32.41,
            "역세권여부":"초역세권",
            "30분이내주요거점역":4,
            "30분거점역이름":"['을지로입구', '을지로3가', '왕십리', '명동']",
            "1시간이내주요거점역":9,
            "1시간거점역이름":"['강남', '역삼', '잠실', '여의도', '을지로입구', '을지로3가', '왕십리', '홍대입구', '명동']",
            "3km이내백화점수":1,
            "5km이내아울렛몰수":2,
            "1km이내대형먀트수":1,
            "500m이내은행수":5,
            "500m이내병원수":0,
            "5km이내대형병원수":12,
            "500m이내공원수":1,
            "3km이내혐오시설수":0,
            "초등학교학업성취도":90.0,
            "중학교학업성취도":81.7,
            "용적률":488,
            "건폐율":59,
            "Y":37.57243,
            "X":127.0167,
            "rank":7.0,
            "area_info":"6평(21.86), 6평(22.32), 7평(24.81)",
            "last_sales":"2021-12-27,10900.0,7평(24.81)",
            "rank_history":[
                [
                    "202202",
                    7
                ],
                [
                    "202201",
                    8
                ]
            ],
            "rank_gap":1
        },
        {
            "index":139,
            "아파트명":"롯데캐슬천지인",
            "투자타입":"일반",
            "전용면적(m2)":"104.55",
            "전용면적(평)":"31평",
            "법정동주소":"서울시 종로구 숭인동 76",
            "도로명주소":"서울시 종로구 종로 347",
            "세대수":0,
            "입주년차":40,
            "용적률점수":"--",
            "건폐율점수":"--",
            "세대당주차수":60,
            "난방방식":30,
            "공급면적":"--",
            "전용률":"--",
            "욕실수":100,
            "현관타입":100,
            "주거총점":40.0,
            "지역구공급총점":100.0,
            "역세권":80,
            "30분내 이동가능 거점":80,
            "1시간내 이동가능 거점":90,
            "교통총점":82.0,
            "백화점":100,
            "아울렛몰":100,
            "대형마트":80,
            "은행":70,
            "병원":0,
            "종합병원":100,
            "공원":100,
            "혐오시설":0,
            "인프라총점":82.0,
            "초등학군":90.0,
            "중학군":48.22,
            "학군총점":56.576,
            "인구수":15.9,
            "인구증감":-10.45,
            "인구총점":7.995,
            "일자리":34.83,
            "소득수준":94.15,
            "일자리총점":52.626,
            "가치 총점":69.7864,
            "매매실거래년":20211126.0,
            "매매실거래가":128500.0,
            "전세실거래년":20211230.0,
            "전세실거래가":70000.0,
            "전세가율":62.5,
            "장기전세가율평균":65.55,
            "전세가율거품지수":3.05,
            "검색코드":10838,
            "세대수":220.0,
            "준공년월":"2004-09-09",
            "준공년차":19.0,
            "가까운역이름":"동묘앞",
            "가까운역거리":134.68,
            "역세권여부":"역세권",
            "30분이내주요거점역":4,
            "30분거점역이름":"['을지로입구', '을지로3가', '왕십리', '명동']",
            "1시간이내주요거점역":9,
            "1시간거점역이름":"['강남', '역삼', '잠실', '여의도', '을지로입구', '을지로3가', '왕십리', '홍대입구', '명동']",
            "3km이내백화점수":1,
            "5km이내아울렛몰수":2,
            "1km이내대형먀트수":1,
            "500m이내은행수":4,
            "500m이내병원수":0,
            "5km이내대형병원수":12,
            "500m이내공원수":2,
            "3km이내혐오시설수":0,
            "초등학교학업성취도":90.0,
            "중학교학업성취도":79.3,
            "용적률":698,
            "건폐율":41,
            "Y":37.573832,
            "X":127.016274,
            "rank":8.0,
            "area_info":"31평(104.55), 31평(104.55), 31평(104.55), 41평(137.5), 41평(137.5), 41평(138.5)",
            "last_sales":"2021-11-26,128500.0,41평(138.5)",
            "rank_history":[
                [
                    "202202",
                    8
                ],
                [
                    "202201",
                    9
                ]
            ],
            "rank_gap":1
        },
        {
            "index":148,
            "아파트명":"숭인",
            "투자타입":"재건축",
            "전용면적(m2)":"71.96",
            "전용면적(평)":"21평",
            "법정동주소":"서울시 종로구 숭인동 204-11",
            "도로명주소":"서울시 종로구 청계천로 391",
            "세대수":0,
            "입주년차":"--",
            "용적률점수":80,
            "건폐율점수":0,
            "세대당주차수":"--",
            "난방방식":"--",
            "공급면적":50,
            "전용률":80,
            "욕실수":"--",
            "현관타입":"--",
            "주거총점":38.5,
            "지역구공급총점":100.0,
            "역세권":80,
            "30분내 이동가능 거점":80,
            "1시간내 이동가능 거점":90,
            "교통총점":82.0,
            "백화점":100,
            "아울렛몰":100,
            "대형마트":80,
            "은행":100,
            "병원":0,
            "종합병원":100,
            "공원":80,
            "혐오시설":-100,
            "인프라총점":82.4,
            "초등학군":90.0,
            "중학군":48.22,
            "학군총점":56.576,
            "인구수":15.9,
            "인구증감":-10.45,
            "인구총점":7.995,
            "일자리":34.83,
            "소득수준":94.15,
            "일자리총점":52.626,
            "가치 총점":69.6064,
            "매매실거래년":20200925.0,
            "매매실거래가":55000.0,
            "전세실거래년":20190923.0,
            "전세실거래가":20000.0,
            "전세가율":null,
            "장기전세가율평균":65.55,
            "전세가율거품지수":null,
            "검색코드":14401,
            "세대수":109.0,
            "준공년월":"1979-10-22",
            "준공년차":44.0,
            "가까운역이름":"동묘앞",
            "가까운역거리":382.02,
            "역세권여부":"역세권",
            "30분이내주요거점역":4,
            "30분거점역이름":"['을지로입구', '을지로3가', '왕십리', '명동']",
            "1시간이내주요거점역":9,
            "1시간거점역이름":"['강남', '역삼', '잠실', '여의도', '을지로입구', '을지로3가', '왕십리', '홍대입구', '명동']",
            "3km이내백화점수":1,
            "5km이내아울렛몰수":2,
            "1km이내대형먀트수":1,
            "500m이내은행수":5,
            "500m이내병원수":0,
            "5km이내대형병원수":12,
            "500m이내공원수":1,
            "3km이내혐오시설수":3,
            "초등학교학업성취도":90.0,
            "중학교학업성취도":79.3,
            "용적률":158,
            "건폐율":0,
            "Y":37.5722,
            "X":127.02073,
            "rank":9.0,
            "area_info":"21평(71.96), 22평(73.25), 24평(82.04), 27평(90.1), 27평(91.1), 28평(93.53), 32평(108.22), 43평(145.21)",
            "last_sales":"2020-09-25,55000.0,32평(108.22)",
            "rank_history":[
                [
                    "202202",
                    9
                ],
                [
                    "202201",
                    11
                ]
            ],
            "rank_gap":2
        },
        {
            "index":161,
            "아파트명":"종로청계힐스테이트",
            "투자타입":"일반",
            "전용면적(m2)":"83.08",
            "전용면적(평)":"25평",
            "법정동주소":"서울시 종로구 숭인동 766",
            "도로명주소":"서울시 종로구 숭인동길 21",
            "세대수":0,
            "입주년차":60,
            "용적률점수":"--",
            "건폐율점수":"--",
            "세대당주차수":30,
            "난방방식":30,
            "공급면적":"--",
            "전용률":"--",
            "욕실수":100,
            "현관타입":100,
            "주거총점":39.5,
            "지역구공급총점":100.0,
            "역세권":80,
            "30분내 이동가능 거점":80,
            "1시간내 이동가능 거점":90,
            "교통총점":82.0,
            "백화점":100,
            "아울렛몰":80,
            "대형마트":80,
            "은행":70,
            "병원":0,
            "종합병원":100,
            "공원":100,
            "혐오시설":0,
            "인프라총점":80.0,
            "초등학군":89.99,
            "중학군":48.22,
            "학군총점":56.574,
            "인구수":15.9,
            "인구증감":-10.45,
            "인구총점":7.995,
            "일자리":34.83,
            "소득수준":94.15,
            "일자리총점":52.626,
            "가치 총점":69.0861,
            "매매실거래년":20211106.0,
            "매매실거래가":97500.0,
            "전세실거래년":20220124.0,
            "전세실거래가":44100.0,
            "전세가율":45.23,
            "장기전세가율평균":65.55,
            "전세가율거품지수":20.32,
            "검색코드":24938,
            "세대수":288.0,
            "준공년월":"2009-03-20",
            "준공년차":14.0,
            "가까운역이름":"신설동",
            "가까운역거리":379.7,
            "역세권여부":"역세권",
            "30분이내주요거점역":4,
            "30분거점역이름":"['을지로입구', '을지로3가', '왕십리', '명동']",
            "1시간이내주요거점역":9,
            "1시간거점역이름":"['강남', '역삼', '잠실', '여의도', '을지로입구', '을지로3가', '왕십리', '홍대입구', '명동']",
            "3km이내백화점수":1,
            "5km이내아울렛몰수":1,
            "1km이내대형먀트수":1,
            "500m이내은행수":3,
            "500m이내병원수":0,
            "5km이내대형병원수":12,
            "500m이내공원수":2,
            "3km이내혐오시설수":0,
            "초등학교학업성취도":89.99,
            "중학교학업성취도":79.3,
            "용적률":252,
            "건폐율":24,
            "Y":37.576603,
            "X":127.021106,
            "rank":10.0,
            "area_info":"25평(83.08), 25평(83.08), 33평(111.54), 41평(138.66)",
            "last_sales":"2021-11-06,97500.0,25평(83.08)",
            "rank_history":[
                [
                    "202202",
                    10
                ],
                [
                    "202201",
                    13
                ]
            ],
            "rank_gap":3
        },
        {
            "index":175,
            "아파트명":"효성주얼리시티",
            "투자타입":"일반",
            "전용면적(m2)":"105.6",
            "전용면적(평)":"31평",
            "법정동주소":"서울시 종로구 인의동 48-2",
            "도로명주소":"서울시 종로구 종로 183",
            "세대수":0,
            "입주년차":40,
            "용적률점수":"--",
            "건폐율점수":"--",
            "세대당주차수":80,
            "난방방식":30,
            "공급면적":"--",
            "전용률":"--",
            "욕실수":100,
            "현관타입":100,
            "주거총점":43.0,
            "지역구공급총점":100.0,
            "역세권":80,
            "30분내 이동가능 거점":100,
            "1시간내 이동가능 거점":100,
            "교통총점":90.0,
            "백화점":100,
            "아울렛몰":100,
            "대형마트":0,
            "은행":100,
            "병원":0,
            "종합병원":100,
            "공원":80,
            "혐오시설":0,
            "인프라총점":72.4,
            "초등학군":90.01,
            "중학군":35.66,
            "학군총점":46.53,
            "인구수":15.9,
            "인구증감":-10.45,
            "인구총점":7.995,
            "일자리":34.83,
            "소득수준":94.15,
            "일자리총점":52.626,
            "가치 총점":68.7995,
            "매매실거래년":20210712.0,
            "매매실거래가":89000.0,
            "전세실거래년":20210807.0,
            "전세실거래가":52500.0,
            "전세가율":58.99,
            "장기전세가율평균":65.55,
            "전세가율거품지수":6.56,
            "검색코드":17285,
            "세대수":298.0,
            "준공년월":"2006-10-27",
            "준공년차":17.0,
            "가까운역이름":"종로5가",
            "가까운역거리":310.65,
            "역세권여부":"역세권",
            "30분이내주요거점역":5,
            "30분거점역이름":"['을지로입구', '을지로3가', '왕십리', '홍대입구', '명동']",
            "1시간이내주요거점역":11,
            "1시간거점역이름":"['강남', '역삼', '잠실', '여의도', '을지로입구', '을지로3가', '양재', '왕십리', '홍대입구', '명동', '마곡']",
            "3km이내백화점수":2,
            "5km이내아울렛몰수":2,
            "1km이내대형먀트수":0,
            "500m이내은행수":7,
            "500m이내병원수":0,
            "5km이내대형병원수":11,
            "500m이내공원수":1,
            "3km이내혐오시설수":0,
            "초등학교학업성취도":90.01,
            "중학교학업성취도":58.1,
            "용적률":569,
            "건폐율":57,
            "Y":37.571447,
            "X":126.998386,
            "rank":11.0,
            "area_info":"31평(105.6), 31평(105.67), 32평(106.03), 35평(115.8), 37평(122.75), 39평(129.27), 40평(133.26), 53평(175.96), 64평(211.91), 67평(222.97), 70평(232.26)",
            "last_sales":"2021-07-12,89000.0,31평(105.6)",
            "rank_history":[
                [
                    "202202",
                    11
                ],
                [
                    "202201",
                    10
                ]
            ],
            "rank_gap":-1
        },
        {
            "index":159,
            "아파트명":"종로중흥S클래스(도시형)",
            "투자타입":"일반",
            "전용면적(m2)":"26.52",
            "전용면적(평)":"8평",
            "법정동주소":"서울시 종로구 숭인동 202-3",
            "도로명주소":"서울시 종로구 종로66길 28",
            "세대수":0,
            "입주년차":60,
            "용적률점수":"--",
            "건폐율점수":"--",
            "세대당주차수":0,
            "난방방식":30,
            "공급면적":"--",
            "전용률":"--",
            "욕실수":50,
            "현관타입":10,
            "주거총점":21.0,
            "지역구공급총점":100.0,
            "역세권":80,
            "30분내 이동가능 거점":100,
            "1시간내 이동가능 거점":90,
            "교통총점":88.0,
            "백화점":100,
            "아울렛몰":100,
            "대형마트":80,
            "은행":100,
            "병원":0,
            "종합병원":100,
            "공원":80,
            "혐오시설":-100,
            "인프라총점":82.4,
            "초등학군":89.99,
            "중학군":48.22,
            "학군총점":56.574,
            "인구수":15.9,
            "인구증감":-10.45,
            "인구총점":7.995,
            "일자리":34.83,
            "소득수준":94.15,
            "일자리총점":52.626,
            "가치 총점":68.2061,
            "매매실거래년":20211207.0,
            "매매실거래가":13000.0,
            "전세실거래년":20211028.0,
            "전세실거래가":14700.0,
            "전세가율":113.08,
            "장기전세가율평균":65.55,
            "전세가율거품지수":-47.53,
            "검색코드":105926,
            "세대수":144.0,
            "준공년월":"2013-05-16",
            "준공년차":10.0,
            "가까운역이름":"신설동",
            "가까운역거리":351.69,
            "역세권여부":"역세권",
            "30분이내주요거점역":5,
            "30분거점역이름":"['을지로입구', '을지로3가', '왕십리', '홍대입구', '명동']",
            "1시간이내주요거점역":9,
            "1시간거점역이름":"['강남', '역삼', '잠실', '여의도', '을지로입구', '을지로3가', '왕십리', '홍대입구', '명동']",
            "3km이내백화점수":1,
            "5km이내아울렛몰수":2,
            "1km이내대형먀트수":1,
            "500m이내은행수":6,
            "500m이내병원수":0,
            "5km이내대형병원수":12,
            "500m이내공원수":1,
            "3km이내혐오시설수":3,
            "초등학교학업성취도":89.99,
            "중학교학업성취도":79.3,
            "용적률":592,
            "건폐율":56,
            "Y":37.573554,
            "X":127.021757,
            "rank":12.0,
            "area_info":"8평(26.52), 8평(28.98)",
            "last_sales":"2021-12-07,13000.0,8평(26.52)",
            "rank_history":[
                [
                    "202202",
                    12
                ],
                [
                    "202201",
                    12
                ]
            ],
            "rank_gap":0
        },
        {
            "index":0,
            "아파트명":"경희궁자이4단지",
            "투자타입":"일반",
            "전용면적(m2)":"50.49",
            "전용면적(평)":"15평",
            "법정동주소":"서울시 종로구 교북동 126",
            "도로명주소":"서울시 종로구 송월길 155",
            "세대수":0,
            "입주년차":80,
            "용적률점수":"--",
            "건폐율점수":"--",
            "세대당주차수":30,
            "난방방식":30,
            "공급면적":"--",
            "전용률":"--",
            "욕실수":50,
            "현관타입":10,
            "주거총점":29.5,
            "지역구공급총점":100.0,
            "역세권":80,
            "30분내 이동가능 거점":80,
            "1시간내 이동가능 거점":80,
            "교통총점":80.0,
            "백화점":100,
            "아울렛몰":100,
            "대형마트":100,
            "은행":70,
            "병원":0,
            "종합병원":100,
            "공원":100,
            "혐오시설":0,
            "인프라총점":85.0,
            "초등학군":89.97,
            "중학군":44.88,
            "학군총점":53.898,
            "인구수":15.9,
            "인구증감":-10.45,
            "인구총점":7.995,
            "일자리":34.83,
            "소득수준":94.15,
            "일자리총점":52.626,
            "가치 총점":67.4847,
            "매매실거래년":20211215.0,
            "매매실거래가":80000.0,
            "전세실거래년":20210814.0,
            "전세실거래가":41800.0,
            "전세가율":52.25,
            "장기전세가율평균":65.55,
            "전세가율거품지수":13.3,
            "검색코드":110137,
            "세대수":182.0,
            "준공년월":"2017-06-29",
            "준공년차":6.0,
            "가까운역이름":"독립문",
            "가까운역거리":446.84,
            "역세권여부":"역세권",
            "30분이내주요거점역":4,
            "30분거점역이름":"['을지로입구', '을지로3가', '홍대입구', '명동']",
            "1시간이내주요거점역":8,
            "1시간거점역이름":"['강남', '역삼', '을지로입구', '을지로3가', '양재', '홍대입구', '명동', '마곡']",
            "3km이내백화점수":3,
            "5km이내아울렛몰수":2,
            "1km이내대형먀트수":2,
            "500m이내은행수":3,
            "500m이내병원수":0,
            "5km이내대형병원수":8,
            "500m이내공원수":5,
            "3km이내혐오시설수":0,
            "초등학교학업성취도":89.97,
            "중학교학업성취도":74.0,
            "용적률":444,
            "건폐율":48,
            "Y":37.571678,
            "X":126.961267,
            "rank":13.0,
            "area_info":"15평(50.49), 16평(55.08), 20평(67.93)",
            "last_sales":"2021-12-15,80000.0,15평(50.49)",
            "rank_history":[
                [
                    "202202",
                    13
                ],
                [
                    "202201",
                    14
                ]
            ],
            "rank_gap":1
        },
        {
            "index":103,
            "아파트명":"인왕산현대아이파크",
            "투자타입":"일반",
            "전용면적(m2)":"84.19",
            "전용면적(평)":"25평",
            "법정동주소":"서울시 종로구 무악동 60",
            "도로명주소":"서울시 종로구 통일로18길 9",
            "세대수":80,
            "입주년차":40,
            "용적률점수":"--",
            "건폐율점수":"--",
            "세대당주차수":60,
            "난방방식":30,
            "공급면적":"--",
            "전용률":"--",
            "욕실수":100,
            "현관타입":100,
            "주거총점":68.0,
            "지역구공급총점":100.0,
            "역세권":80,
            "30분내 이동가능 거점":60,
            "1시간내 이동가능 거점":80,
            "교통총점":74.0,
            "백화점":100,
            "아울렛몰":100,
            "대형마트":0,
            "은행":0,
            "병원":0,
            "종합병원":100,
            "공원":100,
            "혐오시설":0,
            "인프라총점":63.0,
            "초등학군":89.97,
            "중학군":44.88,
            "학군총점":53.898,
            "인구수":15.9,
            "인구증감":-10.45,
            "인구총점":7.995,
            "일자리":34.83,
            "소득수준":94.15,
            "일자리총점":52.626,
            "가치 총점":66.4847,
            "매매실거래년":20210904.0,
            "매매실거래가":151000.0,
            "전세실거래년":20211206.0,
            "전세실거래가":55650.0,
            "전세가율":48.39,
            "장기전세가율평균":65.55,
            "전세가율거품지수":17.16,
            "검색코드":22788,
            "세대수":810.0,
            "준공년월":"2008-07-25",
            "준공년차":15.0,
            "가까운역이름":"독립문",
            "가까운역거리":289.03,
            "역세권여부":"역세권",
            "30분이내주요거점역":3,
            "30분거점역이름":"['을지로입구', '을지로3가', '명동']",
            "1시간이내주요거점역":8,
            "1시간거점역이름":"['강남', '역삼', '여의도', '을지로입구', '을지로3가', '양재', '홍대입구', '명동']",
            "3km이내백화점수":2,
            "5km이내아울렛몰수":2,
            "1km이내대형먀트수":0,
            "500m이내은행수":1,
            "500m이내병원수":0,
            "5km이내대형병원수":8,
            "500m이내공원수":3,
            "3km이내혐오시설수":0,
            "초등학교학업성취도":89.97,
            "중학교학업성취도":74.0,
            "용적률":247,
            "건폐율":20,
            "Y":37.577137,
            "X":126.957225,
            "rank":14.0,
            "area_info":"25평(84.19), 33평(109.48), 32평(109.08), 33평(111.38), 43평(145.4), 58평(194.48)",
            "last_sales":"2021-09-04,151000.0,43평(145.4)",
            "rank_history":[
                [
                    "202202",
                    14
                ],
                [
                    "202201",
                    17
                ]
            ],
            "rank_gap":3
        },
        {
            "index":189,
            "아파트명":"동대문상가",
            "투자타입":"재건축",
            "전용면적(m2)":"31.7",
            "전용면적(평)":"9평",
            "법정동주소":"서울시 종로구 창신동 436-79",
            "도로명주소":"서울시 종로구 청계천로 295",
            "세대수":0,
            "입주년차":"--",
            "용적률점수":0,
            "건폐율점수":0,
            "세대당주차수":"--",
            "난방방식":"--",
            "공급면적":50,
            "전용률":100,
            "욕실수":"--",
            "현관타입":"--",
            "주거총점":7.5,
            "지역구공급총점":100.0,
            "역세권":80,
            "30분내 이동가능 거점":100,
            "1시간내 이동가능 거점":90,
            "교통총점":88.0,
            "백화점":100,
            "아울렛몰":100,
            "대형마트":80,
            "은행":100,
            "병원":0,
            "종합병원":100,
            "공원":80,
            "혐오시설":0,
            "인프라총점":84.4,
            "초등학군":89.96,
            "중학군":49.38,
            "학군총점":57.496,
            "인구수":15.9,
            "인구증감":-10.45,
            "인구총점":7.995,
            "일자리":34.83,
            "소득수준":94.15,
            "일자리총점":52.626,
            "가치 총점":66.2444,
            "매매실거래년":20071207.0,
            "매매실거래가":22500.0,
            "전세실거래년":null,
            "전세실거래가":null,
            "전세가율":null,
            "장기전세가율평균":65.55,
            "전세가율거품지수":null,
            "검색코드":13002,
            "세대수":125.0,
            "준공년월":"1968-09-13",
            "준공년차":55.0,
            "가까운역이름":"동대문",
            "가까운역거리":247.57,
            "역세권여부":"역세권",
            "30분이내주요거점역":5,
            "30분거점역이름":"['을지로입구', '을지로3가', '왕십리', '홍대입구', '명동']",
            "1시간이내주요거점역":9,
            "1시간거점역이름":"['강남', '역삼', '잠실', '여의도', '을지로입구', '을지로3가', '왕십리', '홍대입구', '명동']",
            "3km이내백화점수":2,
            "5km이내아울렛몰수":2,
            "1km이내대형먀트수":1,
            "500m이내은행수":9,
            "500m이내병원수":0,
            "5km이내대형병원수":12,
            "500m이내공원수":1,
            "3km이내혐오시설수":0,
            "초등학교학업성취도":89.96,
            "중학교학업성취도":81.7,
            "용적률":0,
            "건폐율":0,
            "Y":37.570012,
            "X":127.011921,
            "rank":15.0,
            "area_info":"9평(31.7), 10평(33.32), 10평(34.83), 11평(37.55), 12평(40.87), 12평(42.91), 13평(45.06), 14평(48.31), 14평(48.32), 14평(48.99), 14평(48.96), 15평(49.75), 15평(49.59), 15평(50.74), 16평(54.55), 17평(58.43), 21평(72.4), 22평(73.19), 26평(86.23)",
            "last_sales":"2007-12-07,22500.0,15평(49.75)",
            "rank_history":[
                [
                    "202202",
                    15
                ],
                [
                    "202201",
                    15
                ]
            ],
            "rank_gap":0
        },
        {
            "index":156,
            "아파트명":"종로센트레빌",
            "투자타입":"일반",
            "전용면적(m2)":"81.46",
            "전용면적(평)":"24평",
            "법정동주소":"서울시 종로구 숭인동 2-1",
            "도로명주소":"서울시 종로구",
            "세대수":50,
            "입주년차":40,
            "용적률점수":"--",
            "건폐율점수":"--",
            "세대당주차수":30,
            "난방방식":30,
            "공급면적":"--",
            "전용률":"--",
            "욕실수":100,
            "현관타입":100,
            "주거총점":53.0,
            "지역구공급총점":100.0,
            "역세권":80,
            "30분내 이동가능 거점":60,
            "1시간내 이동가능 거점":90,
            "교통총점":76.0,
            "백화점":100,
            "아울렛몰":100,
            "대형마트":0,
            "은행":20,
            "병원":0,
            "종합병원":100,
            "공원":100,
            "혐오시설":0,
            "인프라총점":65.0,
            "초등학군":89.98,
            "중학군":50.66,
            "학군총점":58.524,
            "인구수":15.9,
            "인구증감":-10.45,
            "인구총점":7.995,
            "일자리":34.83,
            "소득수준":94.15,
            "일자리총점":52.626,
            "가치 총점":65.4786,
            "매매실거래년":20220108.0,
            "매매실거래가":109000.0,
            "전세실거래년":20220122.0,
            "전세실거래가":42000.0,
            "전세가율":46.67,
            "장기전세가율평균":65.55,
            "전세가율거품지수":18.88,
            "검색코드":23271,
            "세대수":416.0,
            "준공년월":"2008-11-21",
            "준공년차":15.0,
            "가까운역이름":"창신",
            "가까운역거리":148.0,
            "역세권여부":"역세권",
            "30분이내주요거점역":3,
            "30분거점역이름":"['을지로입구', '을지로3가', '왕십리']",
            "1시간이내주요거점역":9,
            "1시간거점역이름":"['강남', '역삼', '잠실', '을지로입구', '을지로3가', '양재', '왕십리', '홍대입구', '명동']",
            "3km이내백화점수":1,
            "5km이내아울렛몰수":2,
            "1km이내대형먀트수":0,
            "500m이내은행수":2,
            "500m이내병원수":0,
            "5km이내대형병원수":11,
            "500m이내공원수":3,
            "3km이내혐오시설수":0,
            "초등학교학업성취도":89.98,
            "중학교학업성취도":83.7,
            "용적률":187,
            "건폐율":22,
            "Y":37.580681,
            "X":127.01632,
            "rank":16.0,
            "area_info":"24평(81.46), 31평(105.11), 41평(138.71)",
            "last_sales":"2022-01-08,109000.0,31평(105.11)",
            "rank_history":[
                [
                    "202202",
                    16
                ],
                [
                    "202201",
                    18
                ]
            ],
            "rank_gap":2
        },
        {
            "index":231,
            "아파트명":"창신이수",
            "투자타입":"일반",
            "전용면적(m2)":"87.92",
            "전용면적(평)":"26평",
            "법정동주소":"서울시 종로구 창신동 23-816",
            "도로명주소":"서울시 종로구 지봉로 87",
            "세대수":0,
            "입주년차":20,
            "용적률점수":"--",
            "건폐율점수":"--",
            "세대당주차수":60,
            "난방방식":30,
            "공급면적":"--",
            "전용률":"--",
            "욕실수":50,
            "현관타입":100,
            "주거총점":31.0,
            "지역구공급총점":100.0,
            "역세권":80,
            "30분내 이동가능 거점":60,
            "1시간내 이동가능 거점":100,
            "교통총점":78.0,
            "백화점":100,
            "아울렛몰":100,
            "대형마트":80,
            "은행":20,
            "병원":0,
            "종합병원":100,
            "공원":100,
            "혐오시설":0,
            "인프라총점":77.0,
            "초등학군":90.0,
            "중학군":50.66,
            "학군총점":58.528,
            "인구수":15.9,
            "인구증감":-10.45,
            "인구총점":7.995,
            "일자리":34.83,
            "소득수준":94.15,
            "일자리총점":52.626,
            "가치 총점":65.3792,
            "매매실거래년":20210519.0,
            "매매실거래가":84800.0,
            "전세실거래년":20200718.0,
            "전세실거래가":37000.0,
            "전세가율":49.47,
            "장기전세가율평균":65.55,
            "전세가율거품지수":16.08,
            "검색코드":10358,
            "세대수":113.0,
            "준공년월":"2003-08-08",
            "준공년차":20.0,
            "가까운역이름":"창신",
            "가까운역거리":219.67,
            "역세권여부":"역세권",
            "30분이내주요거점역":3,
            "30분거점역이름":"['을지로입구', '을지로3가', '명동']",
            "1시간이내주요거점역":10,
            "1시간거점역이름":"['강남', '역삼', '잠실', '여의도', '을지로입구', '을지로3가', '양재', '왕십리', '홍대입구', '명동']",
            "3km이내백화점수":1,
            "5km이내아울렛몰수":2,
            "1km이내대형먀트수":1,
            "500m이내은행수":2,
            "500m이내병원수":0,
            "5km이내대형병원수":12,
            "500m이내공원수":4,
            "3km이내혐오시설수":0,
            "초등학교학업성취도":90.0,
            "중학교학업성취도":83.7,
            "용적률":331,
            "건폐율":30,
            "Y":37.577756,
            "X":127.014581,
            "rank":17.0,
            "area_info":"26평(87.92), 32평(107.41), 46평(153.39)",
            "last_sales":"2021-05-19,84800.0,32평(107.41)",
            "rank_history":[
                [
                    "202202",
                    17
                ],
                [
                    "202201",
                    24
                ]
            ],
            "rank_gap":7
        },
        {
            "index":84,
            "아파트명":"인왕산2차아이파크",
            "투자타입":"일반",
            "전용면적(m2)":"108.37",
            "전용면적(평)":"32평",
            "법정동주소":"서울시 종로구 무악동 88",
            "도로명주소":"서울시 종로구 통일로18길 34",
            "세대수":0,
            "입주년차":80,
            "용적률점수":"--",
            "건폐율점수":"--",
            "세대당주차수":30,
            "난방방식":30,
            "공급면적":"--",
            "전용률":"--",
            "욕실수":100,
            "현관타입":100,
            "주거총점":43.5,
            "지역구공급총점":100.0,
            "역세권":80,
            "30분내 이동가능 거점":60,
            "1시간내 이동가능 거점":80,
            "교통총점":74.0,
            "백화점":100,
            "아울렛몰":100,
            "대형마트":80,
            "은행":0,
            "병원":0,
            "종합병원":100,
            "공원":100,
            "혐오시설":0,
            "인프라총점":75.0,
            "초등학군":89.97,
            "중학군":44.88,
            "학군총점":53.898,
            "인구수":15.9,
            "인구증감":-10.45,
            "인구총점":7.995,
            "일자리":34.83,
            "소득수준":94.15,
            "일자리총점":52.626,
            "가치 총점":65.1847,
            "매매실거래년":20211112.0,
            "매매실거래가":134000.0,
            "전세실거래년":20210902.0,
            "전세실거래가":56700.0,
            "전세가율":42.31,
            "장기전세가율평균":65.55,
            "전세가율거품지수":23.24,
            "검색코드":107071,
            "세대수":167.0,
            "준공년월":"2015-08-28",
            "준공년차":8.0,
            "가까운역이름":"독립문",
            "가까운역거리":212.83,
            "역세권여부":"역세권",
            "30분이내주요거점역":3,
            "30분거점역이름":"['을지로입구', '을지로3가', '명동']",
            "1시간이내주요거점역":8,
            "1시간거점역이름":"['강남', '역삼', '여의도', '을지로입구', '을지로3가', '양재', '홍대입구', '명동']",
            "3km이내백화점수":2,
            "5km이내아울렛몰수":2,
            "1km이내대형먀트수":1,
            "500m이내은행수":1,
            "500m이내병원수":0,
            "5km이내대형병원수":8,
            "500m이내공원수":4,
            "3km이내혐오시설수":0,
            "초등학교학업성취도":89.97,
            "중학교학업성취도":74.0,
            "용적률":245,
            "건폐율":28,
            "Y":37.575848,
            "X":126.959547,
            "rank":18.0,
            "area_info":"32평(108.37), 32평(108.49), 32평(108.66), 32평(108.81), 32평(108.66), 32평(108.86), 32평(108.26), 32평(108.29), 32평(108.86), 32평(108.29), 32평(108.37), 32평(108.26), 33평(109.44), 33평(110.09), 43평(144.52), 43평(144.26), 43평(144.26), 43평(144.9), 43평(144.52)",
            "last_sales":"2021-11-12,134000.0,32평(108.37)",
            "rank_history":[
                [
                    "202202",
                    18
                ],
                [
                    "202201",
                    20
                ]
            ],
            "rank_gap":2
        },
        {
            "index":80,
            "아파트명":"무악현대",
            "투자타입":"일반",
            "전용면적(m2)":"84.33",
            "전용면적(평)":"25평",
            "법정동주소":"서울시 종로구 무악동 82",
            "도로명주소":"서울시 종로구 통일로 246-20",
            "세대수":90,
            "입주년차":20,
            "용적률점수":"--",
            "건폐율점수":"--",
            "세대당주차수":60,
            "난방방식":30,
            "공급면적":"--",
            "전용률":"--",
            "욕실수":50,
            "현관타입":10,
            "주거총점":53.5,
            "지역구공급총점":100.0,
            "역세권":80,
            "30분내 이동가능 거점":40,
            "1시간내 이동가능 거점":80,
            "교통총점":68.0,
            "백화점":100,
            "아울렛몰":100,
            "대형마트":80,
            "은행":0,
            "병원":0,
            "종합병원":100,
            "공원":100,
            "혐오시설":0,
            "인프라총점":75.0,
            "초등학군":89.97,
            "중학군":44.88,
            "학군총점":53.898,
            "인구수":15.9,
            "인구증감":-10.45,
            "인구총점":7.995,
            "일자리":34.83,
            "소득수준":94.15,
            "일자리총점":52.626,
            "가치 총점":65.0847,
            "매매실거래년":20210731.0,
            "매매실거래가":140000.0,
            "전세실거래년":20220126.0,
            "전세실거래가":60000.0,
            "전세가율":63.5,
            "장기전세가율평균":65.55,
            "전세가율거품지수":2.05,
            "검색코드":1235,
            "세대수":964.0,
            "준공년월":"2000-10-21",
            "준공년차":23.0,
            "가까운역이름":"독립문",
            "가까운역거리":236.81,
            "역세권여부":"역세권",
            "30분이내주요거점역":2,
            "30분거점역이름":"['을지로입구', '명동']",
            "1시간이내주요거점역":8,
            "1시간거점역이름":"['강남', '역삼', '여의도', '을지로입구', '을지로3가', '양재', '홍대입구', '명동']",
            "3km이내백화점수":2,
            "5km이내아울렛몰수":2,
            "1km이내대형먀트수":1,
            "500m이내은행수":1,
            "500m이내병원수":0,
            "5km이내대형병원수":8,
            "500m이내공원수":4,
            "3km이내혐오시설수":0,
            "초등학교학업성취도":89.97,
            "중학교학업성취도":74.0,
            "용적률":218,
            "건폐율":18,
            "Y":37.575245,
            "X":126.960297,
            "rank":19.0,
            "area_info":"25평(84.33), 29평(96.52), 33평(109.88), 42평(141.72)",
            "last_sales":"2021-07-31,140000.0,42평(141.72)",
            "rank_history":[
                [
                    "202202",
                    19
                ],
                [
                    "202201",
                    22
                ]
            ],
            "rank_gap":3
        },
        {
            "index":76,
            "아파트명":"경희궁롯데캐슬",
            "투자타입":"일반",
            "전용면적(m2)":"82.99",
            "전용면적(평)":"25평",
            "법정동주소":"서울시 종로구 무악동 89",
            "도로명주소":"서울시 종로구 통일로 230",
            "세대수":0,
            "입주년차":100,
            "용적률점수":"--",
            "건폐율점수":"--",
            "세대당주차수":30,
            "난방방식":30,
            "공급면적":"--",
            "전용률":"--",
            "욕실수":100,
            "현관타입":100,
            "주거총점":47.5,
            "지역구공급총점":100.0,
            "역세권":80,
            "30분내 이동가능 거점":40,
            "1시간내 이동가능 거점":80,
            "교통총점":68.0,
            "백화점":100,
            "아울렛몰":100,
            "대형마트":80,
            "은행":20,
            "병원":0,
            "종합병원":100,
            "공원":100,
            "혐오시설":0,
            "인프라총점":77.0,
            "초등학군":89.97,
            "중학군":44.88,
            "학군총점":53.898,
            "인구수":15.9,
            "인구증감":-10.45,
            "인구총점":7.995,
            "일자리":34.83,
            "소득수준":94.15,
            "일자리총점":52.626,
            "가치 총점":64.4847,
            "매매실거래년":20211213.0,
            "매매실거래가":138000.0,
            "전세실거래년":20210927.0,
            "전세실거래가":60900.0,
            "전세가율":44.13,
            "장기전세가율평균":65.55,
            "전세가율거품지수":21.42,
            "검색코드":114521,
            "세대수":195.0,
            "준공년월":"2019-06-21",
            "준공년차":4.0,
            "가까운역이름":"독립문",
            "가까운역거리":157.23,
            "역세권여부":"역세권",
            "30분이내주요거점역":2,
            "30분거점역이름":"['을지로입구', '명동']",
            "1시간이내주요거점역":8,
            "1시간거점역이름":"['강남', '역삼', '여의도', '을지로입구', '을지로3가', '양재', '홍대입구', '명동']",
            "3km이내백화점수":3,
            "5km이내아울렛몰수":2,
            "1km이내대형먀트수":1,
            "500m이내은행수":2,
            "500m이내병원수":0,
            "5km이내대형병원수":8,
            "500m이내공원수":4,
            "3km이내혐오시설수":0,
            "초등학교학업성취도":89.97,
            "중학교학업성취도":74.0,
            "용적률":209,
            "건폐율":25,
            "Y":37.574142,
            "X":126.959448,
            "rank":20.0,
            "area_info":"25평(82.99), 34평(114.49), 42평(141.77), 45평(150.0)",
            "last_sales":"2021-12-13,138000.0,25평(82.99)",
            "rank_history":[
                [
                    "202202",
                    20
                ],
                [
                    "202201",
                    23
                ]
            ],
            "rank_gap":3
        },
        {
            "index":15,
            "아파트명":"낙원",
            "투자타입":"재건축",
            "전용면적(m2)":"65.92",
            "전용면적(평)":"19평",
            "법정동주소":"서울시 종로구 낙원동 288",
            "도로명주소":"서울시 종로구 삼일대로 428",
            "세대수":0,
            "입주년차":"--",
            "용적률점수":0,
            "건폐율점수":0,
            "세대당주차수":"--",
            "난방방식":"--",
            "공급면적":50,
            "전용률":100,
            "욕실수":"--",
            "현관타입":"--",
            "주거총점":7.5,
            "지역구공급총점":100.0,
            "역세권":80,
            "30분내 이동가능 거점":100,
            "1시간내 이동가능 거점":100,
            "교통총점":90.0,
            "백화점":100,
            "아울렛몰":100,
            "대형마트":0,
            "은행":100,
            "병원":0,
            "종합병원":100,
            "공원":80,
            "혐오시설":0,
            "인프라총점":72.4,
            "초등학군":89.96,
            "중학군":47.12,
            "학군총점":55.688,
            "인구수":15.9,
            "인구증감":-10.45,
            "인구총점":7.995,
            "일자리":34.83,
            "소득수준":94.15,
            "일자리총점":52.626,
            "가치 총점":63.0732,
            "매매실거래년":20130408.0,
            "매매실거래가":33000.0,
            "전세실거래년":20190418.0,
            "전세실거래가":15000.0,
            "전세가율":51.72,
            "장기전세가율평균":65.55,
            "전세가율거품지수":13.83,
            "검색코드":11828,
            "세대수":146.0,
            "준공년월":"1968-09-15",
            "준공년차":55.0,
            "가까운역이름":"종로3가",
            "가까운역거리":367.8,
            "역세권여부":"역세권",
            "30분이내주요거점역":5,
            "30분거점역이름":"['을지로입구', '을지로3가', '왕십리', '홍대입구', '명동']",
            "1시간이내주요거점역":11,
            "1시간거점역이름":"['강남', '역삼', '잠실', '여의도', '을지로입구', '을지로3가', '양재', '왕십리', '홍대입구', '명동', '마곡']",
            "3km이내백화점수":2,
            "5km이내아울렛몰수":2,
            "1km이내대형먀트수":0,
            "500m이내은행수":9,
            "500m이내병원수":0,
            "5km이내대형병원수":11,
            "500m이내공원수":1,
            "3km이내혐오시설수":0,
            "초등학교학업성취도":89.96,
            "중학교학업성취도":77.8,
            "용적률":0,
            "건폐율":0,
            "Y":37.572203,
            "X":126.987701,
            "rank":21.0,
            "area_info":"19평(65.92), 20평(68.89), 20평(69.42), 20평(69.06), 20평(69.12), 21평(70.61), 21평(72.4), 21평(72.46), 22평(73.59), 22평(73.82), 22평(73.65), 22평(73.88), 22평(73.75), 23평(77.22), 24평(80.5), 30평(100.26), 30평(101.22), 31평(102.71), 31평(103.24), 31평(103.4), 31평(103.54), 31평(104.2), 31평(104.46), 31평(104.1), 32평(105.92), 32평(106.21), 32평(107.17), 32평(108.89), 33평(110.15), 34평(113.12), 35평(118.55), 43평(145.42), 50평(166.18), 51평(170.12)",
            "last_sales":"2013-04-08,33000.0,32평(107.17)",
            "rank_history":[
                [
                    "202202",
                    21
                ],
                [
                    "202201",
                    21
                ]
            ],
            "rank_gap":0
        },
        {
            "index":302,
            "아파트명":"포레스트힐시티(도시형)",
            "투자타입":"일반",
            "전용면적(m2)":"19.8",
            "전용면적(평)":"5평",
            "법정동주소":"서울시 종로구 효제동 65-2",
            "도로명주소":"서울시 종로구 대학로 33",
            "세대수":0,
            "입주년차":80,
            "용적률점수":"--",
            "건폐율점수":"--",
            "세대당주차수":0,
            "난방방식":30,
            "공급면적":"--",
            "전용률":"--",
            "욕실수":50,
            "현관타입":10,
            "주거총점":25.0,
            "지역구공급총점":100.0,
            "역세권":80,
            "30분내 이동가능 거점":80,
            "1시간내 이동가능 거점":80,
            "교통총점":80.0,
            "백화점":100,
            "아울렛몰":100,
            "대형마트":0,
            "은행":70,
            "병원":0,
            "종합병원":100,
            "공원":100,
            "혐오시설":0,
            "인프라총점":70.0,
            "초등학군":90.01,
            "중학군":52.34,
            "학군총점":59.874,
            "인구수":15.9,
            "인구증감":-10.45,
            "인구총점":7.995,
            "일자리":34.83,
            "소득수준":94.15,
            "일자리총점":52.626,
            "가치 총점":62.9811,
            "매매실거래년":20181124.0,
            "매매실거래가":35000.0,
            "전세실거래년":20210705.0,
            "전세실거래가":13965.0,
            "전세가율":75.9,
            "장기전세가율평균":65.55,
            "전세가율거품지수":-10.35,
            "검색코드":114354,
            "세대수":152.0,
            "준공년월":"2017-01-20",
            "준공년차":6.0,
            "가까운역이름":"종로5가",
            "가까운역거리":366.5,
            "역세권여부":"역세권",
            "30분이내주요거점역":4,
            "30분거점역이름":"['을지로입구', '을지로3가', '왕십리', '명동']",
            "1시간이내주요거점역":8,
            "1시간거점역이름":"['강남', '역삼', '여의도', '을지로입구', '을지로3가', '왕십리', '홍대입구', '명동']",
            "3km이내백화점수":2,
            "5km이내아울렛몰수":2,
            "1km이내대형먀트수":0,
            "500m이내은행수":4,
            "500m이내병원수":0,
            "5km이내대형병원수":12,
            "500m이내공원수":2,
            "3km이내혐오시설수":0,
            "초등학교학업성취도":90.01,
            "중학교학업성취도":83.9,
            "용적률":538,
            "건폐율":59,
            "Y":37.574222,
            "X":127.001863,
            "rank":22.0,
            "area_info":"5평(19.8), 6평(20.5), 6평(20.22), 6평(22.17), 7평(23.28), 7평(25.51), 7평(25.84), 7평(26.16), 8평(28.46), 8평(28.7), 9평(30.8), 15평(50.05)",
            "last_sales":"2018-11-24,35000.0,15평(50.05)",
            "rank_history":[
                [
                    "202202",
                    22
                ],
                [
                    "202201",
                    19
                ]
            ],
            "rank_gap":-3
        },
        {
            "index":208,
            "아파트명":"두산",
            "투자타입":"일반",
            "전용면적(m2)":"86.32",
            "전용면적(평)":"26평",
            "법정동주소":"서울시 종로구 창신동 232",
            "도로명주소":"서울시 종로구 지봉로5길 7",
            "세대수":50,
            "입주년차":20,
            "용적률점수":"--",
            "건폐율점수":"--",
            "세대당주차수":0,
            "난방방식":30,
            "공급면적":"--",
            "전용률":"--",
            "욕실수":50,
            "현관타입":100,
            "주거총점":39.5,
            "지역구공급총점":100.0,
            "역세권":80,
            "30분내 이동가능 거점":100,
            "1시간내 이동가능 거점":90,
            "교통총점":88.0,
            "백화점":0,
            "아울렛몰":100,
            "대형마트":80,
            "은행":20,
            "병원":0,
            "종합병원":100,
            "공원":100,
            "혐오시설":0,
            "인프라총점":47.0,
            "초등학군":90.0,
            "중학군":50.66,
            "학군총점":58.528,
            "인구수":15.9,
            "인구증감":-10.45,
            "인구총점":7.995,
            "일자리":34.83,
            "소득수준":94.15,
            "일자리총점":52.626,
            "가치 총점":61.5792,
            "매매실거래년":20211206.0,
            "매매실거래가":74000.0,
            "전세실거래년":null,
            "전세실거래가":null,
            "전세가율":null,
            "장기전세가율평균":65.55,
            "전세가율거품지수":null,
            "검색코드":3828,
            "세대수":529.0,
            "준공년월":"1999-04-30",
            "준공년차":24.0,
            "가까운역이름":"동묘앞",
            "가까운역거리":268.21,
            "역세권여부":"역세권",
            "30분이내주요거점역":5,
            "30분거점역이름":"['을지로입구', '을지로3가', '왕십리', '홍대입구', '명동']",
            "1시간이내주요거점역":9,
            "1시간거점역이름":"['강남', '역삼', '잠실', '여의도', '을지로입구', '을지로3가', '왕십리', '홍대입구', '명동']",
            "3km이내백화점수":0,
            "5km이내아울렛몰수":2,
            "1km이내대형먀트수":1,
            "500m이내은행수":2,
            "500m이내병원수":0,
            "5km이내대형병원수":12,
            "500m이내공원수":3,
            "3km이내혐오시설수":0,
            "초등학교학업성취도":90.0,
            "중학교학업성취도":83.7,
            "용적률":335,
            "건폐율":24,
            "Y":37.574366,
            "X":127.01432,
            "rank":23.0,
            "area_info":"26평(86.32), 26평(86.32), 33평(111.23)",
            "last_sales":"2021-12-06,74000.0,33평(111.23)",
            "rank_history":[
                [
                    "202202",
                    23
                ],
                [
                    "202201",
                    7
                ]
            ],
            "rank_gap":-16
        },
        {
            "index":167,
            "아파트명":"현대뜨레비앙",
            "투자타입":"일반",
            "전용면적(m2)":"34.82",
            "전용면적(평)":"10평",
            "법정동주소":"서울시 종로구 익선동 55",
            "도로명주소":"서울시 종로구 돈화문로11가길 59",
            "세대수":0,
            "입주년차":20,
            "용적률점수":"--",
            "건폐율점수":"--",
            "세대당주차수":0,
            "난방방식":30,
            "공급면적":"--",
            "전용률":"--",
            "욕실수":50,
            "현관타입":10,
            "주거총점":13.0,
            "지역구공급총점":100.0,
            "역세권":80,
            "30분내 이동가능 거점":80,
            "1시간내 이동가능 거점":90,
            "교통총점":82.0,
            "백화점":100,
            "아울렛몰":100,
            "대형마트":0,
            "은행":70,
            "병원":0,
            "종합병원":100,
            "공원":100,
            "혐오시설":0,
            "인프라총점":70.0,
            "초등학군":89.96,
            "중학군":47.12,
            "학군총점":55.688,
            "인구수":15.9,
            "인구증감":-10.45,
            "인구총점":7.995,
            "일자리":34.83,
            "소득수준":94.15,
            "일자리총점":52.626,
            "가치 총점":60.6532,
            "매매실거래년":20210814.0,
            "매매실거래가":32000.0,
            "전세실거래년":20210806.0,
            "전세실거래가":15000.0,
            "전세가율":65.22,
            "장기전세가율평균":65.55,
            "전세가율거품지수":0.33,
            "검색코드":10001,
            "세대수":291.0,
            "준공년월":"2003-11-29",
            "준공년차":20.0,
            "가까운역이름":"안국",
            "가까운역거리":411.62,
            "역세권여부":"역세권",
            "30분이내주요거점역":4,
            "30분거점역이름":"['을지로입구', '을지로3가', '홍대입구', '명동']",
            "1시간이내주요거점역":9,
            "1시간거점역이름":"['강남', '역삼', '여의도', '을지로입구', '을지로3가', '양재', '왕십리', '홍대입구', '명동']",
            "3km이내백화점수":2,
            "5km이내아울렛몰수":2,
            "1km이내대형먀트수":0,
            "500m이내은행수":3,
            "500m이내병원수":0,
            "5km이내대형병원수":11,
            "500m이내공원수":2,
            "3km이내혐오시설수":0,
            "초등학교학업성취도":89.96,
            "중학교학업성취도":77.8,
            "용적률":390,
            "건폐율":59,
            "Y":37.575213,
            "X":126.989833,
            "rank":24.0,
            "area_info":"10평(34.82), 13평(44.71), 14평(49.44), 16평(54.5), 17평(56.37), 17평(57.79), 18평(60.15), 22평(72.83)",
            "last_sales":"2021-08-14,32000.0,18평(60.15)",
            "rank_history":[
                [
                    "202202",
                    24
                ],
                [
                    "202201",
                    25
                ]
            ],
            "rank_gap":1
        },
        {
            "index":74,
            "아파트명":"아남",
            "투자타입":"일반",
            "전용면적(m2)":"101.76",
            "전용면적(평)":"30평",
            "법정동주소":"서울시 종로구 명륜2가 4",
            "도로명주소":"서울시 종로구 창경궁로 265",
            "세대수":50,
            "입주년차":0,
            "용적률점수":"--",
            "건폐율점수":"--",
            "세대당주차수":0,
            "난방방식":30,
            "공급면적":"--",
            "전용률":"--",
            "욕실수":100,
            "현관타입":100,
            "주거총점":40.5,
            "지역구공급총점":100.0,
            "역세권":80,
            "30분내 이동가능 거점":60,
            "1시간내 이동가능 거점":60,
            "교통총점":70.0,
            "백화점":100,
            "아울렛몰":100,
            "대형마트":0,
            "은행":70,
            "병원":0,
            "종합병원":100,
            "공원":100,
            "혐오시설":0,
            "인프라총점":70.0,
            "초등학군":90.0,
            "중학군":34.54,
            "학군총점":45.632,
            "인구수":15.9,
            "인구증감":-10.45,
            "인구총점":7.995,
            "일자리":34.83,
            "소득수준":94.15,
            "일자리총점":52.626,
            "가치 총점":60.4448,
            "매매실거래년":20211220.0,
            "매매실거래가":111500.0,
            "전세실거래년":20220124.0,
            "전세실거래가":55600.0,
            "전세가율":49.87,
            "장기전세가율평균":65.55,
            "전세가율거품지수":15.68,
            "검색코드":793,
            "세대수":436.0,
            "준공년월":"1995-12-22",
            "준공년차":28.0,
            "가까운역이름":"혜화",
            "가까운역거리":458.14,
            "역세권여부":"역세권",
            "30분이내주요거점역":3,
            "30분거점역이름":"['을지로입구', '을지로3가', '명동']",
            "1시간이내주요거점역":6,
            "1시간거점역이름":"['강남', '여의도', '을지로입구', '을지로3가', '왕십리', '명동']",
            "3km이내백화점수":1,
            "5km이내아울렛몰수":2,
            "1km이내대형먀트수":0,
            "500m이내은행수":4,
            "500m이내병원수":0,
            "5km이내대형병원수":11,
            "500m이내공원수":2,
            "3km이내혐오시설수":0,
            "초등학교학업성취도":90.0,
            "중학교학업성취도":55.9,
            "용적률":292,
            "건폐율":23,
            "Y":37.585935,
            "X":126.999313,
            "rank":25.0,
            "area_info":"30평(101.76), 30평(101.64)",
            "last_sales":"2021-12-20,111500.0,30평(101.76)",
            "rank_history":[
                [
                    "202202",
                    25
                ],
                [
                    "202201",
                    26
                ]
            ],
            "rank_gap":1
        },
        {
            "index":165,
            "아파트명":"이화에수풀(도시형)",
            "투자타입":"일반",
            "전용면적(m2)":"26.29",
            "전용면적(평)":"7평",
            "법정동주소":"서울시 종로구 연건동 195-10",
            "도로명주소":"서울시 종로구 대학로 47",
            "세대수":0,
            "입주년차":80,
            "용적률점수":"--",
            "건폐율점수":"--",
            "세대당주차수":0,
            "난방방식":30,
            "공급면적":"--",
            "전용률":"--",
            "욕실수":50,
            "현관타입":100,
            "주거총점":34.0,
            "지역구공급총점":100.0,
            "역세권":50,
            "30분내 이동가능 거점":80,
            "1시간내 이동가능 거점":80,
            "교통총점":65.0,
            "백화점":100,
            "아울렛몰":100,
            "대형마트":0,
            "은행":70,
            "병원":0,
            "종합병원":100,
            "공원":100,
            "혐오시설":0,
            "인프라총점":70.0,
            "초등학군":90.0,
            "중학군":52.34,
            "학군총점":59.872,
            "인구수":15.9,
            "인구증감":-10.45,
            "인구총점":7.995,
            "일자리":34.83,
            "소득수준":94.15,
            "일자리총점":52.626,
            "가치 총점":59.5308,
            "매매실거래년":20211110.0,
            "매매실거래가":19900.0,
            "전세실거래년":20200217.0,
            "전세실거래가":14330.0,
            "전세가율":72.01,
            "장기전세가율평균":65.55,
            "전세가율거품지수":-6.46,
            "검색코드":107259,
            "세대수":120.0,
            "준공년월":"2014-01-06",
            "준공년차":9.0,
            "가까운역이름":"종로5가",
            "가까운역거리":505.05,
            "역세권여부":"준역세권",
            "30분이내주요거점역":4,
            "30분거점역이름":"['을지로입구', '을지로3가', '왕십리', '명동']",
            "1시간이내주요거점역":8,
            "1시간거점역이름":"['강남', '역삼', '여의도', '을지로입구', '을지로3가', '왕십리', '홍대입구', '명동']",
            "3km이내백화점수":2,
            "5km이내아울렛몰수":2,
            "1km이내대형먀트수":0,
            "500m이내은행수":3,
            "500m이내병원수":0,
            "5km이내대형병원수":12,
            "500m이내공원수":2,
            "3km이내혐오시설수":0,
            "초등학교학업성취도":90.0,
            "중학교학업성취도":83.9,
            "용적률":513,
            "건폐율":59,
            "Y":37.575468,
            "X":127.001864,
            "rank":26.0,
            "area_info":"7평(26.29), 9평(30.75)",
            "last_sales":"2021-11-10,19900.0,7평(26.29)",
            "rank_history":[
                [
                    "202202",
                    26
                ],
                [
                    "202201",
                    27
                ]
            ],
            "rank_gap":1
        },
        {
            "index":221,
            "아파트명":"창신쌍용1단지",
            "투자타입":"재건축",
            "전용면적(m2)":"72.36",
            "전용면적(평)":"21평",
            "법정동주소":"서울시 종로구 창신동 702",
            "도로명주소":"서울시 종로구 동망산길 19",
            "세대수":50,
            "입주년차":"--",
            "용적률점수":60,
            "건폐율점수":0,
            "세대당주차수":"--",
            "난방방식":"--",
            "공급면적":50,
            "전용률":60,
            "욕실수":"--",
            "현관타입":"--",
            "주거총점":44.5,
            "지역구공급총점":100.0,
            "역세권":80,
            "30분내 이동가능 거점":20,
            "1시간내 이동가능 거점":80,
            "교통총점":62.0,
            "백화점":100,
            "아울렛몰":100,
            "대형마트":0,
            "은행":20,
            "병원":0,
            "종합병원":100,
            "공원":100,
            "혐오시설":0,
            "인프라총점":65.0,
            "초등학군":89.98,
            "중학군":50.66,
            "학군총점":58.524,
            "인구수":15.9,
            "인구증감":-10.45,
            "인구총점":7.995,
            "일자리":34.83,
            "소득수준":94.15,
            "일자리총점":52.626,
            "가치 총점":58.8786,
            "매매실거래년":20211007.0,
            "매매실거래가":73000.0,
            "전세실거래년":20220127.0,
            "전세실거래가":29925.0,
            "전세가율":40.99,
            "장기전세가율평균":65.55,
            "전세가율거품지수":24.56,
            "검색코드":794,
            "세대수":585.0,
            "준공년월":"1992-11-25",
            "준공년차":31.0,
            "가까운역이름":"창신",
            "가까운역거리":165.93,
            "역세권여부":"역세권",
            "30분이내주요거점역":1,
            "30분거점역이름":"['을지로입구']",
            "1시간이내주요거점역":8,
            "1시간거점역이름":"['강남', '역삼', '잠실', '을지로입구', '을지로3가', '왕십리', '홍대입구', '명동']",
            "3km이내백화점수":1,
            "5km이내아울렛몰수":2,
            "1km이내대형먀트수":0,
            "500m이내은행수":2,
            "500m이내병원수":0,
            "5km이내대형병원수":11,
            "500m이내공원수":3,
            "3km이내혐오시설수":0,
            "초등학교학업성취도":89.98,
            "중학교학업성취도":83.7,
            "용적률":239,
            "건폐율":0,
            "Y":37.580715,
            "X":127.013908,
            "rank":27.0,
            "area_info":"21평(72.36), 30평(100.46), 32평(105.96), 32평(107.96), 38평(126.15)",
            "last_sales":"2021-10-07,73000.0,21평(72.36)",
            "rank_history":[
                [
                    "202202",
                    27
                ],
                [
                    "202201",
                    29
                ]
            ],
            "rank_gap":2
        },
        {
            "index":64,
            "아파트명":"명륜아남(301동)",
            "투자타입":"일반",
            "전용면적(m2)":"61.39",
            "전용면적(평)":"18평",
            "법정동주소":"서울시 종로구 명륜2가 237",
            "도로명주소":"서울시 종로구 혜화로3길 5",
            "세대수":0,
            "입주년차":20,
            "용적률점수":"--",
            "건폐율점수":"--",
            "세대당주차수":30,
            "난방방식":30,
            "공급면적":"--",
            "전용률":"--",
            "욕실수":50,
            "현관타입":10,
            "주거총점":17.5,
            "지역구공급총점":100.0,
            "역세권":80,
            "30분내 이동가능 거점":60,
            "1시간내 이동가능 거점":70,
            "교통총점":72.0,
            "백화점":100,
            "아울렛몰":100,
            "대형마트":0,
            "은행":100,
            "병원":0,
            "종합병원":100,
            "공원":100,
            "혐오시설":0,
            "인프라총점":73.0,
            "초등학군":90.0,
            "중학군":34.54,
            "학군총점":45.632,
            "인구수":15.9,
            "인구증감":-10.45,
            "인구총점":7.995,
            "일자리":34.83,
            "소득수준":94.15,
            "일자리총점":52.626,
            "가치 총점":57.4448,
            "매매실거래년":20210122.0,
            "매매실거래가":160000.0,
            "전세실거래년":20210724.0,
            "전세실거래가":34500.0,
            "전세가율":60.53,
            "장기전세가율평균":65.55,
            "전세가율거품지수":5.02,
            "검색코드":3830,
            "세대수":136.0,
            "준공년월":"1999-01-30",
            "준공년차":24.0,
            "가까운역이름":"혜화",
            "가까운역거리":402.93,
            "역세권여부":"역세권",
            "30분이내주요거점역":3,
            "30분거점역이름":"['을지로입구', '을지로3가', '명동']",
            "1시간이내주요거점역":7,
            "1시간거점역이름":"['강남', '역삼', '여의도', '을지로입구', '을지로3가', '왕십리', '명동']",
            "3km이내백화점수":1,
            "5km이내아울렛몰수":2,
            "1km이내대형먀트수":0,
            "500m이내은행수":5,
            "500m이내병원수":0,
            "5km이내대형병원수":11,
            "500m이내공원수":2,
            "3km이내혐오시설수":0,
            "초등학교학업성취도":90.0,
            "중학교학업성취도":55.9,
            "용적률":245,
            "건폐율":52,
            "Y":37.585717,
            "X":127.000199,
            "rank":28.0,
            "area_info":"18평(61.39), 19평(65.63), 21평(69.86), 24평(82.14), 25평(84.58), 27평(91.02), 37평(122.79), 39평(131.26), 48평(159.19), 72평(238.22)",
            "last_sales":"2021-01-22,160000.0,72평(238.22)",
            "rank_history":[
                [
                    "202202",
                    28
                ],
                [
                    "202201",
                    28
                ]
            ],
            "rank_gap":0
        },
        {
            "index":186,
            "아파트명":"동대문",
            "투자타입":"재건축",
            "전용면적(m2)":"28.8",
            "전용면적(평)":"8평",
            "법정동주소":"서울시 종로구 창신동 328-17",
            "도로명주소":"서울시 종로구 지봉로 25",
            "세대수":0,
            "입주년차":"--",
            "용적률점수":0,
            "건폐율점수":0,
            "세대당주차수":"--",
            "난방방식":"--",
            "공급면적":50,
            "전용률":100,
            "욕실수":"--",
            "현관타입":"--",
            "주거총점":7.5,
            "지역구공급총점":100.0,
            "역세권":80,
            "30분내 이동가능 거점":100,
            "1시간내 이동가능 거점":90,
            "교통총점":88.0,
            "백화점":0,
            "아울렛몰":100,
            "대형마트":80,
            "은행":70,
            "병원":0,
            "종합병원":100,
            "공원":80,
            "혐오시설":0,
            "인프라총점":51.4,
            "초등학군":90.0,
            "중학군":49.38,
            "학군총점":57.504,
            "인구수":15.9,
            "인구증감":-10.45,
            "인구총점":7.995,
            "일자리":34.83,
            "소득수준":94.15,
            "일자리총점":52.626,
            "가치 총점":56.3456,
            "매매실거래년":20201025.0,
            "매매실거래가":37800.0,
            "전세실거래년":20210427.0,
            "전세실거래가":5000.0,
            "전세가율":13.23,
            "장기전세가율평균":65.55,
            "전세가율거품지수":52.32,
            "검색코드":3827,
            "세대수":131.0,
            "준공년월":"1967-01-01",
            "준공년차":56.0,
            "가까운역이름":"동묘앞",
            "가까운역거리":105.08,
            "역세권여부":"역세권",
            "30분이내주요거점역":5,
            "30분거점역이름":"['을지로입구', '을지로3가', '왕십리', '홍대입구', '명동']",
            "1시간이내주요거점역":9,
            "1시간거점역이름":"['강남', '역삼', '잠실', '여의도', '을지로입구', '을지로3가', '왕십리', '홍대입구', '명동']",
            "3km이내백화점수":0,
            "5km이내아울렛몰수":2,
            "1km이내대형먀트수":1,
            "500m이내은행수":4,
            "500m이내병원수":0,
            "5km이내대형병원수":12,
            "500m이내공원수":1,
            "3km이내혐오시설수":0,
            "초등학교학업성취도":90.0,
            "중학교학업성취도":81.7,
            "용적률":0,
            "건폐율":0,
            "Y":37.57228,
            "X":127.01532,
            "rank":29.0,
            "area_info":"8평(28.8), 8평(28.79), 8평(28.85)",
            "last_sales":"2020-10-25,37800.0,8평(28.8)",
            "rank_history":[
                [
                    "202202",
                    29
                ],
                [
                    "202201",
                    16
                ]
            ],
            "rank_gap":-13
        },
        {
            "index":211,
            "아파트명":"엠아이디그린",
            "투자타입":"일반",
            "전용면적(m2)":"65.01",
            "전용면적(평)":"19평",
            "법정동주소":"서울시 종로구 창신동 601",
            "도로명주소":"서울시 종로구 창신길 140-21",
            "세대수":0,
            "입주년차":20,
            "용적률점수":"--",
            "건폐율점수":"--",
            "세대당주차수":0,
            "난방방식":30,
            "공급면적":"--",
            "전용률":"--",
            "욕실수":50,
            "현관타입":100,
            "주거총점":22.0,
            "지역구공급총점":100.0,
            "역세권":50,
            "30분내 이동가능 거점":60,
            "1시간내 이동가능 거점":100,
            "교통총점":63.0,
            "백화점":100,
            "아울렛몰":100,
            "대형마트":0,
            "은행":0,
            "병원":0,
            "종합병원":100,
            "공원":100,
            "혐오시설":0,
            "인프라총점":63.0,
            "초등학군":90.0,
            "중학군":50.66,
            "학군총점":58.528,
            "인구수":15.9,
            "인구증감":-10.45,
            "인구총점":7.995,
            "일자리":34.83,
            "소득수준":94.15,
            "일자리총점":52.626,
            "가치 총점":54.1292,
            "매매실거래년":20201028.0,
            "매매실거래가":35000.0,
            "전세실거래년":20200901.0,
            "전세실거래가":14000.0,
            "전세가율":58.58,
            "장기전세가율평균":65.55,
            "전세가율거품지수":6.97,
            "검색코드":13511,
            "세대수":129.0,
            "준공년월":"2002-12-30",
            "준공년차":21.0,
            "가까운역이름":"창신",
            "가까운역거리":502.06,
            "역세권여부":"준역세권",
            "30분이내주요거점역":3,
            "30분거점역이름":"['을지로입구', '을지로3가', '명동']",
            "1시간이내주요거점역":10,
            "1시간거점역이름":"['강남', '역삼', '잠실', '여의도', '을지로입구', '을지로3가', '양재', '왕십리', '홍대입구', '명동']",
            "3km이내백화점수":1,
            "5km이내아울렛몰수":2,
            "1km이내대형먀트수":0,
            "500m이내은행수":1,
            "500m이내병원수":0,
            "5km이내대형병원수":12,
            "500m이내공원수":3,
            "3km이내혐오시설수":0,
            "초등학교학업성취도":90.0,
            "중학교학업성취도":83.7,
            "용적률":0,
            "건폐율":0,
            "Y":37.577969,
            "X":127.009959,
            "rank":30.0,
            "area_info":"19평(65.01), 21평(70.65), 21평(70.41), 22평(73.1), 22평(73.62), 22평(74.45), 22평(74.49), 22평(75.07), 23평(76.25), 23평(79.33)",
            "last_sales":"2020-10-28,35000.0,23평(79.33)",
            "rank_history":[
                [
                    "202202",
                    30
                ],
                [
                    "202201",
                    30
                ]
            ],
            "rank_gap":0
        },
        {
            "index":226,
            "아파트명":"창신쌍용2단지",
            "투자타입":"일반",
            "전용면적(m2)":"74.75",
            "전용면적(평)":"22평",
            "법정동주소":"서울시 종로구 창신동 703",
            "도로명주소":"서울시 종로구 낙산길 198",
            "세대수":90,
            "입주년차":0,
            "용적률점수":"--",
            "건폐율점수":"--",
            "세대당주차수":0,
            "난방방식":30,
            "공급면적":"--",
            "전용률":"--",
            "욕실수":50,
            "현관타입":10,
            "주거총점":40.5,
            "지역구공급총점":100.0,
            "역세권":80,
            "30분내 이동가능 거점":20,
            "1시간내 이동가능 거점":50,
            "교통총점":56.0,
            "백화점":0,
            "아울렛몰":100,
            "대형마트":0,
            "은행":20,
            "병원":0,
            "종합병원":100,
            "공원":100,
            "혐오시설":0,
            "인프라총점":35.0,
            "초등학군":89.98,
            "중학군":50.66,
            "학군총점":58.524,
            "인구수":15.9,
            "인구증감":-10.45,
            "인구총점":7.995,
            "일자리":34.83,
            "소득수준":94.15,
            "일자리총점":52.626,
            "가치 총점":46.9786,
            "매매실거래년":20211112.0,
            "매매실거래가":69000.0,
            "전세실거래년":20220126.0,
            "전세실거래가":28300.0,
            "전세가율":41.01,
            "장기전세가율평균":65.55,
            "전세가율거품지수":24.54,
            "검색코드":796,
            "세대수":919.0,
            "준공년월":"1993-10-12",
            "준공년차":30.0,
            "가까운역이름":"창신",
            "가까운역거리":326.32,
            "역세권여부":"역세권",
            "30분이내주요거점역":1,
            "30분거점역이름":"['명동']",
            "1시간이내주요거점역":5,
            "1시간거점역이름":"['잠실', '여의도', '을지로3가', '왕십리', '명동']",
            "3km이내백화점수":0,
            "5km이내아울렛몰수":2,
            "1km이내대형먀트수":0,
            "500m이내은행수":2,
            "500m이내병원수":0,
            "5km이내대형병원수":12,
            "500m이내공원수":3,
            "3km이내혐오시설수":0,
            "초등학교학업성취도":89.98,
            "중학교학업성취도":83.7,
            "용적률":243,
            "건폐율":0,
            "Y":37.580633,
            "X":127.011747,
            "rank":31.0,
            "area_info":"22평(74.75), 26평(87.3), 32평(108.01), 38평(127.74), 41평(138.21)",
            "last_sales":"2021-11-12,69000.0,22평(74.75)",
            "rank_history":[
                [
                    "202202",
                    31
                ],
                [
                    "202201",
                    31
                ]
            ],
            "rank_gap":0
        },
        {
            "index":3,
            "아파트명":"구기현대",
            "투자타입":"재건축",
            "전용면적(m2)":"93.96",
            "전용면적(평)":"28평",
            "법정동주소":"서울시 종로구 구기동 130",
            "도로명주소":"서울시 종로구 비봉길 14",
            "세대수":0,
            "입주년차":"--",
            "용적률점수":100,
            "건폐율점수":0,
            "세대당주차수":"--",
            "난방방식":"--",
            "공급면적":70,
            "전용률":100,
            "욕실수":"--",
            "현관타입":"--",
            "주거총점":48.5,
            "지역구공급총점":100.0,
            "역세권":0,
            "30분내 이동가능 거점":0,
            "1시간내 이동가능 거점":50,
            "교통총점":10.0,
            "백화점":0,
            "아울렛몰":80,
            "대형마트":0,
            "은행":0,
            "병원":0,
            "종합병원":100,
            "공원":0,
            "혐오시설":0,
            "인프라총점":28.0,
            "초등학군":89.99,
            "중학군":58.64,
            "학군총점":64.91,
            "인구수":15.9,
            "인구증감":-10.45,
            "인구총점":7.995,
            "일자리":34.83,
            "소득수준":94.15,
            "일자리총점":52.626,
            "가치 총점":31.3365,
            "매매실거래년":"18000101",
            "매매실거래가":null,
            "전세실거래년":null,
            "전세실거래가":null,
            "전세가율":null,
            "장기전세가율평균":65.55,
            "전세가율거품지수":null,
            "검색코드":16513,
            "세대수":139.0,
            "준공년월":"1986-08-27",
            "준공년차":37.0,
            "가까운역이름":"녹번",
            "가까운역거리":2199.82,
            "역세권여부":"비역세권",
            "30분이내주요거점역":0,
            "30분거점역이름":"[]",
            "1시간이내주요거점역":5,
            "1시간거점역이름":"['여의도', '을지로입구', '을지로3가', '홍대입구', '명동']",
            "3km이내백화점수":0,
            "5km이내아울렛몰수":1,
            "1km이내대형먀트수":0,
            "500m이내은행수":0,
            "500m이내병원수":0,
            "5km이내대형병원수":7,
            "500m이내공원수":0,
            "3km이내혐오시설수":0,
            "초등학교학업성취도":89.99,
            "중학교학업성취도":94.2,
            "용적률":80,
            "건폐율":0,
            "Y":37.609896,
            "X":126.958014,
            "rank":32.0,
            "area_info":"28평(93.96), 30평(99.99), 30평(99.96), 32평(106.23), 32평(108.83), 37평(123.18)",
            "last_sales":"1800-01-01,nan,28평(93.96)",
            "rank_history":[
                [
                    "202202",
                    32
                ],
                [
                    "202201",
                    32
                ]
            ],
            "rank_gap":0
        },
        {
            "index":257,
            "아파트명":"금강",
            "투자타입":"재건축",
            "전용면적(m2)":"120.35",
            "전용면적(평)":"36평",
            "법정동주소":"서울시 종로구 평창동 170",
            "도로명주소":"서울시 종로구 평창12길 8-22",
            "세대수":0,
            "입주년차":"--",
            "용적률점수":100,
            "건폐율점수":0,
            "세대당주차수":"--",
            "난방방식":"--",
            "공급면적":100,
            "전용률":60,
            "욕실수":"--",
            "현관타입":"--",
            "주거총점":48.0,
            "지역구공급총점":100.0,
            "역세권":0,
            "30분내 이동가능 거점":0,
            "1시간내 이동가능 거점":50,
            "교통총점":10.0,
            "백화점":0,
            "아울렛몰":0,
            "대형마트":0,
            "은행":20,
            "병원":0,
            "종합병원":100,
            "공원":100,
            "혐오시설":0,
            "인프라총점":25.0,
            "초등학군":89.99,
            "중학군":58.64,
            "학군총점":64.91,
            "인구수":15.9,
            "인구증감":-10.45,
            "인구총점":7.995,
            "일자리":34.83,
            "소득수준":94.15,
            "일자리총점":52.626,
            "가치 총점":30.3365,
            "매매실거래년":"18000101",
            "매매실거래가":null,
            "전세실거래년":null,
            "전세실거래가":null,
            "전세가율":null,
            "장기전세가율평균":65.55,
            "전세가율거품지수":null,
            "검색코드":16650,
            "세대수":168.0,
            "준공년월":"1992-05-19",
            "준공년차":31.0,
            "가까운역이름":"녹번",
            "가까운역거리":3016.34,
            "역세권여부":"비역세권",
            "30분이내주요거점역":0,
            "30분거점역이름":"[]",
            "1시간이내주요거점역":5,
            "1시간거점역이름":"['여의도', '을지로입구', '을지로3가', '홍대입구', '명동']",
            "3km이내백화점수":0,
            "5km이내아울렛몰수":0,
            "1km이내대형먀트수":0,
            "500m이내은행수":2,
            "500m이내병원수":0,
            "5km이내대형병원수":6,
            "500m이내공원수":2,
            "3km이내혐오시설수":0,
            "초등학교학업성취도":89.99,
            "중학교학업성취도":94.2,
            "용적률":117,
            "건폐율":0,
            "Y":37.608404,
            "X":126.96867,
            "rank":33.0,
            "area_info":"36평(120.35)",
            "last_sales":"1800-01-01,nan,36평(120.35)",
            "rank_history":[
                [
                    "202202",
                    33
                ],
                [
                    "202201",
                    33
                ]
            ],
            "rank_gap":0
        },
        {
            "index":258,
            "아파트명":"금강하이츠",
            "투자타입":"재건축",
            "전용면적(m2)":"69.42",
            "전용면적(평)":"20평",
            "법정동주소":"서울시 종로구 평창동 64-3",
            "도로명주소":"서울시 종로구 평창24길 18",
            "세대수":0,
            "입주년차":"--",
            "용적률점수":100,
            "건폐율점수":0,
            "세대당주차수":"--",
            "난방방식":"--",
            "공급면적":50,
            "전용률":20,
            "욕실수":"--",
            "현관타입":"--",
            "주거총점":43.5,
            "지역구공급총점":100.0,
            "역세권":0,
            "30분내 이동가능 거점":0,
            "1시간내 이동가능 거점":50,
            "교통총점":10.0,
            "백화점":0,
            "아울렛몰":0,
            "대형마트":0,
            "은행":0,
            "병원":0,
            "종합병원":100,
            "공원":80,
            "혐오시설":0,
            "인프라총점":22.4,
            "초등학군":89.99,
            "중학군":58.64,
            "학군총점":64.91,
            "인구수":15.9,
            "인구증감":-10.45,
            "인구총점":7.995,
            "일자리":34.83,
            "소득수준":94.15,
            "일자리총점":52.626,
            "가치 총점":28.6565,
            "매매실거래년":"18000101",
            "매매실거래가":null,
            "전세실거래년":null,
            "전세실거래가":null,
            "전세가율":null,
            "장기전세가율평균":65.55,
            "전세가율거품지수":null,
            "검색코드":13412,
            "세대수":252.0,
            "준공년월":"1989-03-29",
            "준공년차":34.0,
            "가까운역이름":"북한산보국문",
            "가까운역거리":2788.79,
            "역세권여부":"비역세권",
            "30분이내주요거점역":0,
            "30분거점역이름":"[]",
            "1시간이내주요거점역":5,
            "1시간거점역이름":"['여의도', '을지로입구', '을지로3가', '홍대입구', '명동']",
            "3km이내백화점수":0,
            "5km이내아울렛몰수":0,
            "1km이내대형먀트수":0,
            "500m이내은행수":1,
            "500m이내병원수":0,
            "5km이내대형병원수":7,
            "500m이내공원수":1,
            "3km이내혐오시설수":0,
            "초등학교학업성취도":89.99,
            "중학교학업성취도":94.2,
            "용적률":81,
            "건폐율":0,
            "Y":37.608573,
            "X":126.976709,
            "rank":34.0,
            "area_info":"20평(69.42), 24평(82.64), 28평(95.86)",
            "last_sales":"1800-01-01,nan,20평(69.42)",
            "rank_history":[
                [
                    "202202",
                    34
                ],
                [
                    "202201",
                    34
                ]
            ],
            "rank_gap":0
        },
        {
            "index":271,
            "아파트명":"평창롯데캐슬로잔",
            "투자타입":"일반",
            "전용면적(m2)":"218.62",
            "전용면적(평)":"66평",
            "법정동주소":"서울시 종로구 평창동 108",
            "도로명주소":"서울시 종로구 평창문화로 156",
            "세대수":0,
            "입주년차":60,
            "용적률점수":"--",
            "건폐율점수":"--",
            "세대당주차수":100,
            "난방방식":30,
            "공급면적":"--",
            "전용률":"--",
            "욕실수":100,
            "현관타입":100,
            "주거총점":50.0,
            "지역구공급총점":100.0,
            "역세권":0,
            "30분내 이동가능 거점":0,
            "1시간내 이동가능 거점":50,
            "교통총점":10.0,
            "백화점":0,
            "아울렛몰":0,
            "대형마트":0,
            "은행":0,
            "병원":0,
            "종합병원":100,
            "공원":80,
            "혐오시설":0,
            "인프라총점":22.4,
            "초등학군":89.99,
            "중학군":41.68,
            "학군총점":51.342,
            "인구수":15.9,
            "인구증감":-10.45,
            "인구총점":7.995,
            "일자리":34.83,
            "소득수준":94.15,
            "일자리총점":52.626,
            "가치 총점":27.9213,
            "매매실거래년":20200919.0,
            "매매실거래가":178000.0,
            "전세실거래년":null,
            "전세실거래가":null,
            "전세가율":null,
            "장기전세가율평균":65.55,
            "전세가율거품지수":null,
            "검색코드":27803,
            "세대수":112.0,
            "준공년월":"2009-04-08",
            "준공년차":14.0,
            "가까운역이름":"북한산보국문",
            "가까운역거리":2710.48,
            "역세권여부":"비역세권",
            "30분이내주요거점역":0,
            "30분거점역이름":"[]",
            "1시간이내주요거점역":5,
            "1시간거점역이름":"['여의도', '을지로입구', '을지로3가', '홍대입구', '명동']",
            "3km이내백화점수":0,
            "5km이내아울렛몰수":0,
            "1km이내대형먀트수":0,
            "500m이내은행수":1,
            "500m이내병원수":0,
            "5km이내대형병원수":6,
            "500m이내공원수":1,
            "3km이내혐오시설수":0,
            "초등학교학업성취도":89.99,
            "중학교학업성취도":68.4,
            "용적률":174,
            "건폐율":34,
            "Y":37.610228,
            "X":126.977354,
            "rank":35.0,
            "area_info":"66평(218.62), 66평(220.24), 66평(221.23), 69평(230.48), 69평(231.22), 74평(247.89), 75평(248.46), 76평(253.41), 78평(259.93), 83평(276.05), 83평(276.02), 84평(279.09), 85평(282.65)",
            "last_sales":"2020-09-19,178000.0,85평(282.65)",
            "rank_history":[
                [
                    "202202",
                    35
                ],
                [
                    "202201",
                    35
                ]
            ],
            "rank_gap":0
        },
        {
            "index":261,
            "아파트명":"롯데낙천대",
            "투자타입":"일반",
            "전용면적(m2)":"111.0",
            "전용면적(평)":"33평",
            "법정동주소":"서울시 종로구 평창동 72",
            "도로명주소":"서울시 종로구 평창문화로 140",
            "세대수":0,
            "입주년차":20,
            "용적률점수":"--",
            "건폐율점수":"--",
            "세대당주차수":60,
            "난방방식":30,
            "공급면적":"--",
            "전용률":"--",
            "욕실수":100,
            "현관타입":100,
            "주거총점":36.0,
            "지역구공급총점":100.0,
            "역세권":0,
            "30분내 이동가능 거점":0,
            "1시간내 이동가능 거점":50,
            "교통총점":10.0,
            "백화점":0,
            "아울렛몰":0,
            "대형마트":0,
            "은행":0,
            "병원":0,
            "종합병원":100,
            "공원":80,
            "혐오시설":0,
            "인프라총점":22.4,
            "초등학군":89.99,
            "중학군":58.64,
            "학군총점":64.91,
            "인구수":15.9,
            "인구증감":-10.45,
            "인구총점":7.995,
            "일자리":34.83,
            "소득수준":94.15,
            "일자리총점":52.626,
            "가치 총점":27.1565,
            "매매실거래년":20211007.0,
            "매매실거래가":96000.0,
            "전세실거래년":20201128.0,
            "전세실거래가":50000.0,
            "전세가율":52.08,
            "장기전세가율평균":65.55,
            "전세가율거품지수":13.47,
            "검색코드":3826,
            "세대수":156.0,
            "준공년월":"2001-04-30",
            "준공년차":22.0,
            "가까운역이름":"북한산보국문",
            "가까운역거리":2861.38,
            "역세권여부":"비역세권",
            "30분이내주요거점역":0,
            "30분거점역이름":"[]",
            "1시간이내주요거점역":5,
            "1시간거점역이름":"['여의도', '을지로입구', '을지로3가', '홍대입구', '명동']",
            "3km이내백화점수":0,
            "5km이내아울렛몰수":0,
            "1km이내대형먀트수":0,
            "500m이내은행수":1,
            "500m이내병원수":0,
            "5km이내대형병원수":5,
            "500m이내공원수":1,
            "3km이내혐오시설수":0,
            "초등학교학업성취도":89.99,
            "중학교학업성취도":94.2,
            "용적률":250,
            "건폐율":25,
            "Y":37.60934,
            "X":126.975747,
            "rank":36.0,
            "area_info":"33평(111.0), 34평(113.97), 35평(117.18), 36평(120.3), 43평(142.89), 50평(167.52)",
            "last_sales":"2021-10-07,96000.0,33평(111.0)",
            "rank_history":[
                [
                    "202202",
                    36
                ],
                [
                    "202201",
                    37
                ]
            ],
            "rank_gap":1
        },
        {
            "index":11,
            "아파트명":"청구",
            "투자타입":"일반",
            "전용면적(m2)":"122.11",
            "전용면적(평)":"36평",
            "법정동주소":"서울시 종로구 구기동 266",
            "도로명주소":"서울시 종로구 홍지문길 69",
            "세대수":0,
            "입주년차":0,
            "용적률점수":"--",
            "건폐율점수":"--",
            "세대당주차수":30,
            "난방방식":30,
            "공급면적":"--",
            "전용률":"--",
            "욕실수":100,
            "현관타입":100,
            "주거총점":27.5,
            "지역구공급총점":100.0,
            "역세권":0,
            "30분내 이동가능 거점":0,
            "1시간내 이동가능 거점":50,
            "교통총점":10.0,
            "백화점":0,
            "아울렛몰":80,
            "대형마트":0,
            "은행":0,
            "병원":0,
            "종합병원":100,
            "공원":0,
            "혐오시설":0,
            "인프라총점":28.0,
            "초등학군":89.99,
            "중학군":58.64,
            "학군총점":64.91,
            "인구수":15.9,
            "인구증감":-10.45,
            "인구총점":7.995,
            "일자리":34.83,
            "소득수준":94.15,
            "일자리총점":52.626,
            "가치 총점":27.1365,
            "매매실거래년":"18000101",
            "매매실거래가":null,
            "전세실거래년":null,
            "전세실거래가":null,
            "전세가율":null,
            "장기전세가율평균":65.55,
            "전세가율거품지수":null,
            "검색코드":16510,
            "세대수":114.0,
            "준공년월":"1997-12-31",
            "준공년차":26.0,
            "가까운역이름":"녹번",
            "가까운역거리":1875.5,
            "역세권여부":"비역세권",
            "30분이내주요거점역":0,
            "30분거점역이름":"[]",
            "1시간이내주요거점역":5,
            "1시간거점역이름":"['여의도', '을지로입구', '을지로3가', '홍대입구', '명동']",
            "3km이내백화점수":0,
            "5km이내아울렛몰수":1,
            "1km이내대형먀트수":0,
            "500m이내은행수":1,
            "500m이내병원수":0,
            "5km이내대형병원수":8,
            "500m이내공원수":0,
            "3km이내혐오시설수":0,
            "초등학교학업성취도":89.99,
            "중학교학업성취도":94.2,
            "용적률":85,
            "건폐율":29,
            "Y":37.605142,
            "X":126.95637,
            "rank":37.0,
            "area_info":"36평(122.11), 53평(178.43), 59평(196.21), 59평(198.18)",
            "last_sales":"1800-01-01,nan,36평(122.11)",
            "rank_history":[
                [
                    "202202",
                    37
                ],
                [
                    "202201",
                    36
                ]
            ],
            "rank_gap":-1
        },
        {
            "index":9,
            "아파트명":"동익",
            "투자타입":"일반",
            "전용면적(m2)":"110.73",
            "전용면적(평)":"33평",
            "법정동주소":"서울시 종로구 구기동 40",
            "도로명주소":"서울시 종로구 홍지문길 64",
            "세대수":0,
            "입주년차":0,
            "용적률점수":"--",
            "건폐율점수":"--",
            "세대당주차수":60,
            "난방방식":30,
            "공급면적":"--",
            "전용률":"--",
            "욕실수":100,
            "현관타입":100,
            "주거총점":32.0,
            "지역구공급총점":100.0,
            "역세권":0,
            "30분내 이동가능 거점":0,
            "1시간내 이동가능 거점":50,
            "교통총점":10.0,
            "백화점":0,
            "아울렛몰":0,
            "대형마트":0,
            "은행":0,
            "병원":0,
            "종합병원":100,
            "공원":0,
            "혐오시설":0,
            "인프라총점":20.0,
            "초등학군":89.99,
            "중학군":58.64,
            "학군총점":64.91,
            "인구수":15.9,
            "인구증감":-10.45,
            "인구총점":7.995,
            "일자리":34.83,
            "소득수준":94.15,
            "일자리총점":52.626,
            "가치 총점":25.6365,
            "매매실거래년":"18000101",
            "매매실거래가":null,
            "전세실거래년":null,
            "전세실거래가":null,
            "전세가율":null,
            "장기전세가율평균":65.55,
            "전세가율거품지수":null,
            "검색코드":16507,
            "세대수":123.0,
            "준공년월":"1997-11-07",
            "준공년차":26.0,
            "가까운역이름":"녹번",
            "가까운역거리":2005.77,
            "역세권여부":"비역세권",
            "30분이내주요거점역":0,
            "30분거점역이름":"[]",
            "1시간이내주요거점역":5,
            "1시간거점역이름":"['여의도', '을지로입구', '을지로3가', '홍대입구', '명동']",
            "3km이내백화점수":0,
            "5km이내아울렛몰수":0,
            "1km이내대형먀트수":0,
            "500m이내은행수":1,
            "500m이내병원수":0,
            "5km이내대형병원수":8,
            "500m이내공원수":0,
            "3km이내혐오시설수":0,
            "초등학교학업성취도":89.99,
            "중학교학업성취도":94.2,
            "용적률":160,
            "건폐율":29,
            "Y":37.604131,
            "X":126.958162,
            "rank":38.0,
            "area_info":"33평(110.73), 56평(188.34)",
            "last_sales":"1800-01-01,nan,33평(110.73)",
            "rank_history":[
                [
                    "202202",
                    38
                ],
                [
                    "202201",
                    38
                ]
            ],
            "rank_gap":0
        },
        {
            "index":234,
            "아파트명":"청운벽산빌리지",
            "투자타입":"재건축",
            "전용면적(m2)":"106.29",
            "전용면적(평)":"32평",
            "법정동주소":"서울시 종로구 청운동 1",
            "도로명주소":"서울시 종로구 자하문로36길 16-14",
            "세대수":0,
            "입주년차":"--",
            "용적률점수":0,
            "건폐율점수":0,
            "세대당주차수":"--",
            "난방방식":"--",
            "공급면적":90,
            "전용률":60,
            "욕실수":"--",
            "현관타입":"--",
            "주거총점":7.5,
            "지역구공급총점":100.0,
            "역세권":0,
            "30분내 이동가능 거점":0,
            "1시간내 이동가능 거점":60,
            "교통총점":12.0,
            "백화점":0,
            "아울렛몰":100,
            "대형마트":0,
            "은행":0,
            "병원":0,
            "종합병원":100,
            "공원":80,
            "혐오시설":0,
            "인프라총점":32.4,
            "초등학군":89.98,
            "중학군":51.6,
            "학군총점":59.276,
            "인구수":15.9,
            "인구증감":-10.45,
            "인구총점":7.995,
            "일자리":34.83,
            "소득수준":94.15,
            "일자리총점":52.626,
            "가치 총점":24.3114,
            "매매실거래년":"18000101",
            "매매실거래가":null,
            "전세실거래년":null,
            "전세실거래가":null,
            "전세가율":null,
            "장기전세가율평균":65.55,
            "전세가율거품지수":null,
            "검색코드":12076,
            "세대수":126.0,
            "준공년월":"1988-11-11",
            "준공년차":35.0,
            "가까운역이름":"경복궁",
            "가까운역거리":1785.32,
            "역세권여부":"비역세권",
            "30분이내주요거점역":0,
            "30분거점역이름":"[]",
            "1시간이내주요거점역":6,
            "1시간거점역이름":"['을지로입구', '을지로3가', '가산디지털단지', '왕십리', '홍대입구', '명동']",
            "3km이내백화점수":0,
            "5km이내아울렛몰수":2,
            "1km이내대형먀트수":0,
            "500m이내은행수":0,
            "500m이내병원수":0,
            "5km이내대형병원수":8,
            "500m이내공원수":1,
            "3km이내혐오시설수":0,
            "초등학교학업성취도":89.98,
            "중학교학업성취도":84.6,
            "용적률":0,
            "건폐율":0,
            "Y":37.591282,
            "X":126.96834,
            "rank":39.0,
            "area_info":"32평(106.29), 33평(110.69), 47평(157.6), 47평(157.46), 47평(157.93), 48평(160.62), 52평(172.68), 52평(173.3), 52평(173.08), 58평(193.06), 59평(197.35), 64평(213.67), 65평(218.05)",
            "last_sales":"1800-01-01,nan,32평(106.29)",
            "rank_history":[
                [
                    "202202",
                    39
                ],
                [
                    "202201",
                    39
                ]
            ],
            "rank_gap":0
        },
        {
            "index":267,
            "아파트명":"삼성",
            "투자타입":"일반",
            "전용면적(m2)":"83.45",
            "전용면적(평)":"25평",
            "법정동주소":"서울시 종로구 평창동 596",
            "도로명주소":"서울시 종로구 평창문화로 172",
            "세대수":0,
            "입주년차":0,
            "용적률점수":"--",
            "건폐율점수":"--",
            "세대당주차수":0,
            "난방방식":30,
            "공급면적":"--",
            "전용률":"--",
            "욕실수":50,
            "현관타입":10,
            "주거총점":9.0,
            "지역구공급총점":100.0,
            "역세권":0,
            "30분내 이동가능 거점":0,
            "1시간내 이동가능 거점":40,
            "교통총점":8.0,
            "백화점":0,
            "아울렛몰":0,
            "대형마트":0,
            "은행":0,
            "병원":0,
            "종합병원":100,
            "공원":80,
            "혐오시설":0,
            "인프라총점":22.4,
            "초등학군":89.99,
            "중학군":41.68,
            "학군총점":51.342,
            "인구수":15.9,
            "인구증감":-10.45,
            "인구총점":7.995,
            "일자리":34.83,
            "소득수준":94.15,
            "일자리총점":52.626,
            "가치 총점":19.0213,
            "매매실거래년":20210319.0,
            "매매실거래가":50000.0,
            "전세실거래년":null,
            "전세실거래가":null,
            "전세가율":null,
            "장기전세가율평균":65.55,
            "전세가율거품지수":null,
            "검색코드":969,
            "세대수":176.0,
            "준공년월":"1998-05-02",
            "준공년차":25.0,
            "가까운역이름":"북한산보국문",
            "가까운역거리":2581.63,
            "역세권여부":"비역세권",
            "30분이내주요거점역":0,
            "30분거점역이름":"[]",
            "1시간이내주요거점역":4,
            "1시간거점역이름":"['여의도', '을지로입구', '홍대입구', '명동']",
            "3km이내백화점수":0,
            "5km이내아울렛몰수":0,
            "1km이내대형먀트수":0,
            "500m이내은행수":1,
            "500m이내병원수":0,
            "5km이내대형병원수":7,
            "500m이내공원수":1,
            "3km이내혐오시설수":0,
            "초등학교학업성취도":89.99,
            "중학교학업성취도":68.4,
            "용적률":378,
            "건폐율":31,
            "Y":37.610853,
            "X":126.978761,
            "rank":40.0,
            "area_info":"25평(83.45), 25평(85.69), 32평(108.36), 32평(108.41)",
            "last_sales":"2021-03-19,50000.0,32평(108.41)",
            "rank_history":[
                [
                    "202202",
                    40
                ],
                [
                    "202201",
                    40
                ]
            ],
            "rank_gap":0
        }
    ]
}