{
    "schema":{
        "fields":[
            {
                "name":"index",
                "type":"integer"
            },
            {
                "name":"아파트명",
                "type":"string"
            },
            {
                "name":"투자타입",
                "type":"string"
            },
            {
                "name":"전용면적(m2)",
                "type":"string"
            },
            {
                "name":"전용면적(평)",
                "type":"string"
            },
            {
                "name":"법정동주소",
                "type":"string"
            },
            {
                "name":"도로명주소",
                "type":"string"
            },
            {
                "name":"세대수",
                "type":"integer"
            },
            {
                "name":"입주년차",
                "type":"string"
            },
            {
                "name":"용적률점수",
                "type":"string"
            },
            {
                "name":"건폐율점수",
                "type":"string"
            },
            {
                "name":"세대당주차수",
                "type":"string"
            },
            {
                "name":"난방방식",
                "type":"string"
            },
            {
                "name":"공급면적",
                "type":"string"
            },
            {
                "name":"전용률",
                "type":"string"
            },
            {
                "name":"욕실수",
                "type":"string"
            },
            {
                "name":"현관타입",
                "type":"string"
            },
            {
                "name":"주거총점",
                "type":"number"
            },
            {
                "name":"지역구공급총점",
                "type":"number"
            },
            {
                "name":"역세권",
                "type":"integer"
            },
            {
                "name":"30분내 이동가능 거점",
                "type":"integer"
            },
            {
                "name":"1시간내 이동가능 거점",
                "type":"integer"
            },
            {
                "name":"교통총점",
                "type":"number"
            },
            {
                "name":"백화점",
                "type":"integer"
            },
            {
                "name":"아울렛몰",
                "type":"integer"
            },
            {
                "name":"대형마트",
                "type":"integer"
            },
            {
                "name":"은행",
                "type":"integer"
            },
            {
                "name":"병원",
                "type":"integer"
            },
            {
                "name":"종합병원",
                "type":"integer"
            },
            {
                "name":"공원",
                "type":"integer"
            },
            {
                "name":"혐오시설",
                "type":"integer"
            },
            {
                "name":"인프라총점",
                "type":"number"
            },
            {
                "name":"초등학군",
                "type":"number"
            },
            {
                "name":"중학군",
                "type":"number"
            },
            {
                "name":"학군총점",
                "type":"number"
            },
            {
                "name":"인구수",
                "type":"number"
            },
            {
                "name":"인구증감",
                "type":"number"
            },
            {
                "name":"인구총점",
                "type":"number"
            },
            {
                "name":"일자리",
                "type":"number"
            },
            {
                "name":"소득수준",
                "type":"number"
            },
            {
                "name":"일자리총점",
                "type":"number"
            },
            {
                "name":"가치 총점",
                "type":"number"
            },
            {
                "name":"매매실거래년",
                "type":"string"
            },
            {
                "name":"매매실거래가",
                "type":"number"
            },
            {
                "name":"전세실거래년",
                "type":"number"
            },
            {
                "name":"전세실거래가",
                "type":"number"
            },
            {
                "name":"전세가율",
                "type":"number"
            },
            {
                "name":"장기전세가율평균",
                "type":"number"
            },
            {
                "name":"전세가율거품지수",
                "type":"number"
            },
            {
                "name":"검색코드",
                "type":"integer"
            },
            {
                "name":"세대수",
                "type":"number"
            },
            {
                "name":"준공년월",
                "type":"string"
            },
            {
                "name":"준공년차",
                "type":"number"
            },
            {
                "name":"가까운역이름",
                "type":"string"
            },
            {
                "name":"가까운역거리",
                "type":"number"
            },
            {
                "name":"역세권여부",
                "type":"string"
            },
            {
                "name":"30분이내주요거점역",
                "type":"integer"
            },
            {
                "name":"30분거점역이름",
                "type":"string"
            },
            {
                "name":"1시간이내주요거점역",
                "type":"integer"
            },
            {
                "name":"1시간거점역이름",
                "type":"string"
            },
            {
                "name":"3km이내백화점수",
                "type":"integer"
            },
            {
                "name":"5km이내아울렛몰수",
                "type":"integer"
            },
            {
                "name":"1km이내대형먀트수",
                "type":"integer"
            },
            {
                "name":"500m이내은행수",
                "type":"integer"
            },
            {
                "name":"500m이내병원수",
                "type":"integer"
            },
            {
                "name":"5km이내대형병원수",
                "type":"integer"
            },
            {
                "name":"500m이내공원수",
                "type":"integer"
            },
            {
                "name":"3km이내혐오시설수",
                "type":"integer"
            },
            {
                "name":"초등학교학업성취도",
                "type":"number"
            },
            {
                "name":"중학교학업성취도",
                "type":"number"
            },
            {
                "name":"용적률",
                "type":"integer"
            },
            {
                "name":"건폐율",
                "type":"integer"
            },
            {
                "name":"Y",
                "type":"number"
            },
            {
                "name":"X",
                "type":"number"
            },
            {
                "name":"rank",
                "type":"number"
            },
            {
                "name":"area_info",
                "type":"string"
            },
            {
                "name":"last_sales",
                "type":"string"
            },
            {
                "name":"rank_history",
                "type":"string"
            },
            {
                "name":"rank_gap",
                "type":"integer"
            }
        ],
        "primaryKey":[
            "index"
        ],
        "pandas_version":"1.4.0"
    },
    "data":[
        {
            "index":55,
            "아파트명":"미아동부센트레빌",
            "투자타입":"일반",
            "전용면적(m2)":"80.36",
            "전용면적(평)":"24평",
            "법정동주소":"서울시 강북구 미아동 474",
            "도로명주소":"서울시 강북구 숭인로7가길 37",
            "세대수":50,
            "입주년차":40,
            "용적률점수":"--",
            "건폐율점수":"--",
            "세대당주차수":30,
            "난방방식":30,
            "공급면적":"--",
            "전용률":"--",
            "욕실수":100,
            "현관타입":100,
            "주거총점":53.0,
            "지역구공급총점":100.0,
            "역세권":80,
            "30분내 이동가능 거점":40,
            "1시간내 이동가능 거점":100,
            "교통총점":72.0,
            "백화점":100,
            "아울렛몰":0,
            "대형마트":100,
            "은행":20,
            "병원":0,
            "종합병원":100,
            "공원":100,
            "혐오시설":0,
            "인프라총점":70.0,
            "초등학군":90.0,
            "중학군":64.14,
            "학군총점":69.312,
            "인구수":32.45,
            "인구증감":-13.19,
            "인구총점":18.758,
            "일자리":11.18,
            "소득수준":45.8,
            "일자리총점":21.566,
            "가치 총점":67.1968,
            "매매실거래년":20210904.0,
            "매매실거래가":105000.0,
            "전세실거래년":20220108.0,
            "전세실거래가":38850.0,
            "전세가율":55.5,
            "장기전세가율평균":67.7,
            "전세가율거품지수":12.2,
            "검색코드":17516,
            "세대수":480.0,
            "준공년월":"2006-04-25",
            "준공년차":17.0,
            "가까운역이름":"미아사거리",
            "가까운역거리":377.38,
            "역세권여부":"역세권",
            "30분이내주요거점역":2,
            "30분거점역이름":"['왕십리', '명동']",
            "1시간이내주요거점역":10,
            "1시간거점역이름":"['강남', '잠실', '여의도', '을지로입구', '을지로3가', '양재', '왕십리', '홍대입구', '구로디지털단지', '명동']",
            "3km이내백화점수":2,
            "5km이내아울렛몰수":0,
            "1km이내대형먀트수":2,
            "500m이내은행수":2,
            "500m이내병원수":0,
            "5km이내대형병원수":9,
            "500m이내공원수":2,
            "3km이내혐오시설수":0,
            "초등학교학업성취도":90.0,
            "중학교학업성취도":98.3,
            "용적률":234,
            "건폐율":22,
            "Y":37.613855,
            "X":127.025828,
            "rank":1.0,
            "area_info":"24평(80.36), 31평(105.15), 31평(105.38), 32평(105.85), 31평(105.34), 41평(136.57)",
            "last_sales":"2021-09-04,105000.0,31평(105.15)",
            "rank_history":[
                [
                    "202202",
                    1
                ],
                [
                    "202201",
                    1
                ]
            ],
            "rank_gap":0
        },
        {
            "index":39,
            "아파트명":"두산위브트레지움",
            "투자타입":"일반",
            "전용면적(m2)":"84.94",
            "전용면적(평)":"25평",
            "법정동주소":"서울시 강북구 미아동 811",
            "도로명주소":"서울시 강북구 삼양로27길 95",
            "세대수":90,
            "입주년차":60,
            "용적률점수":"--",
            "건폐율점수":"--",
            "세대당주차수":30,
            "난방방식":30,
            "공급면적":"--",
            "전용률":"--",
            "욕실수":100,
            "현관타입":100,
            "주거총점":71.0,
            "지역구공급총점":100.0,
            "역세권":80,
            "30분내 이동가능 거점":0,
            "1시간내 이동가능 거점":100,
            "교통총점":60.0,
            "백화점":100,
            "아울렛몰":0,
            "대형마트":100,
            "은행":70,
            "병원":0,
            "종합병원":100,
            "공원":100,
            "혐오시설":0,
            "인프라총점":75.0,
            "초등학군":89.99,
            "중학군":52.32,
            "학군총점":59.854,
            "인구수":32.45,
            "인구증감":-13.19,
            "인구총점":18.758,
            "일자리":11.18,
            "소득수준":45.8,
            "일자리총점":21.566,
            "가치 총점":66.6781,
            "매매실거래년":20211020.0,
            "매매실거래가":120000.0,
            "전세실거래년":20220105.0,
            "전세실거래가":35100.0,
            "전세가율":43.49,
            "장기전세가율평균":67.7,
            "전세가율거품지수":24.21,
            "검색코드":27413,
            "세대수":1370.0,
            "준공년월":"2011-10-31",
            "준공년차":12.0,
            "가까운역이름":"삼양사거리",
            "가까운역거리":462.12,
            "역세권여부":"역세권",
            "30분이내주요거점역":0,
            "30분거점역이름":"[]",
            "1시간이내주요거점역":10,
            "1시간거점역이름":"['강남', '역삼', '잠실', '여의도', '을지로입구', '을지로3가', '양재', '왕십리', '홍대입구', '명동']",
            "3km이내백화점수":2,
            "5km이내아울렛몰수":0,
            "1km이내대형먀트수":2,
            "500m이내은행수":3,
            "500m이내병원수":0,
            "5km이내대형병원수":7,
            "500m이내공원수":3,
            "3km이내혐오시설수":0,
            "초등학교학업성취도":89.99,
            "중학교학업성취도":84.0,
            "용적률":223,
            "건폐율":19,
            "Y":37.618235,
            "X":127.017253,
            "rank":2.0,
            "area_info":"25평(84.94), 25평(85.23), 26평(86.88), 26평(86.28), 33평(110.87), 33평(110.31), 33평(111.42), 33평(111.73), 33평(111.25), 33평(112.27), 44평(145.94)",
            "last_sales":"2021-10-20,120000.0,44평(145.94)",
            "rank_history":[
                [
                    "202202",
                    2
                ],
                [
                    "202201",
                    2
                ]
            ],
            "rank_gap":0
        },
        {
            "index":94,
            "아파트명":"송천센트레빌",
            "투자타입":"일반",
            "전용면적(m2)":"79.35",
            "전용면적(평)":"24평",
            "법정동주소":"서울시 강북구 미아동 461",
            "도로명주소":"서울시 강북구 숭인로 39",
            "세대수":30,
            "입주년차":60,
            "용적률점수":"--",
            "건폐율점수":"--",
            "세대당주차수":30,
            "난방방식":30,
            "공급면적":"--",
            "전용률":"--",
            "욕실수":100,
            "현관타입":100,
            "주거총점":50.0,
            "지역구공급총점":100.0,
            "역세권":80,
            "30분내 이동가능 거점":40,
            "1시간내 이동가능 거점":100,
            "교통총점":72.0,
            "백화점":100,
            "아울렛몰":0,
            "대형마트":100,
            "은행":20,
            "병원":0,
            "종합병원":100,
            "공원":100,
            "혐오시설":0,
            "인프라총점":70.0,
            "초등학군":90.0,
            "중학군":64.14,
            "학군총점":69.312,
            "인구수":32.45,
            "인구증감":-13.19,
            "인구총점":18.758,
            "일자리":11.18,
            "소득수준":45.8,
            "일자리총점":21.566,
            "가치 총점":66.5968,
            "매매실거래년":20210811.0,
            "매매실거래가":149500.0,
            "전세실거래년":20220126.0,
            "전세실거래가":42000.0,
            "전세가율":43.08,
            "장기전세가율평균":67.7,
            "전세가율거품지수":24.62,
            "검색코드":26885,
            "세대수":376.0,
            "준공년월":"2010-09-10",
            "준공년차":13.0,
            "가까운역이름":"미아사거리",
            "가까운역거리":403.38,
            "역세권여부":"역세권",
            "30분이내주요거점역":2,
            "30분거점역이름":"['왕십리', '명동']",
            "1시간이내주요거점역":10,
            "1시간거점역이름":"['강남', '잠실', '여의도', '을지로입구', '을지로3가', '가산디지털단지', '왕십리', '홍대입구', '구로디지털단지', '명동']",
            "3km이내백화점수":2,
            "5km이내아울렛몰수":0,
            "1km이내대형먀트수":2,
            "500m이내은행수":2,
            "500m이내병원수":0,
            "5km이내대형병원수":9,
            "500m이내공원수":2,
            "3km이내혐오시설수":0,
            "초등학교학업성취도":90.0,
            "중학교학업성취도":98.3,
            "용적률":213,
            "건폐율":21,
            "Y":37.612744,
            "X":127.025526,
            "rank":3.0,
            "area_info":"24평(79.35), 24평(80.2), 29평(96.55), 32평(106.27), 33평(109.1), 43평(143.65)",
            "last_sales":"2021-08-11,149500.0,43평(143.65)",
            "rank_history":[
                [
                    "202202",
                    3
                ],
                [
                    "202201",
                    3
                ]
            ],
            "rank_gap":0
        },
        {
            "index":86,
            "아파트명":"삼성래미안트리베라2차",
            "투자타입":"일반",
            "전용면적(m2)":"79.48",
            "전용면적(평)":"24평",
            "법정동주소":"서울시 강북구 미아동 812",
            "도로명주소":"서울시 강북구 삼양로27길 19",
            "세대수":90,
            "입주년차":60,
            "용적률점수":"--",
            "건폐율점수":"--",
            "세대당주차수":30,
            "난방방식":30,
            "공급면적":"--",
            "전용률":"--",
            "욕실수":100,
            "현관타입":100,
            "주거총점":71.0,
            "지역구공급총점":100.0,
            "역세권":80,
            "30분내 이동가능 거점":40,
            "1시간내 이동가능 거점":70,
            "교통총점":66.0,
            "백화점":100,
            "아울렛몰":0,
            "대형마트":100,
            "은행":20,
            "병원":0,
            "종합병원":100,
            "공원":100,
            "혐오시설":0,
            "인프라총점":70.0,
            "초등학군":89.98,
            "중학군":46.56,
            "학군총점":55.244,
            "인구수":32.45,
            "인구증감":-13.19,
            "인구총점":18.758,
            "일자리":11.18,
            "소득수준":45.8,
            "일자리총점":21.566,
            "가치 총점":66.5866,
            "매매실거래년":20211030.0,
            "매매실거래가":84300.0,
            "전세실거래년":20211220.0,
            "전세실거래가":37000.0,
            "전세가율":42.05,
            "장기전세가율평균":67.7,
            "전세가율거품지수":25.65,
            "검색코드":25972,
            "세대수":1330.0,
            "준공년월":"2010-05-28",
            "준공년차":13.0,
            "가까운역이름":"삼양사거리",
            "가까운역거리":446.21,
            "역세권여부":"역세권",
            "30분이내주요거점역":2,
            "30분거점역이름":"['을지로3가', '명동']",
            "1시간이내주요거점역":7,
            "1시간거점역이름":"['여의도', '을지로입구', '을지로3가', '양재', '왕십리', '홍대입구', '명동']",
            "3km이내백화점수":2,
            "5km이내아울렛몰수":0,
            "1km이내대형먀트수":2,
            "500m이내은행수":2,
            "500m이내병원수":0,
            "5km이내대형병원수":8,
            "500m이내공원수":5,
            "3km이내혐오시설수":0,
            "초등학교학업성취도":89.98,
            "중학교학업성취도":75.0,
            "용적률":239,
            "건폐율":15,
            "Y":37.617507,
            "X":127.020797,
            "rank":4.0,
            "area_info":"24평(79.48), 24평(80.48), 24평(82.61), 32평(107.02), 32평(107.19), 33평(110.34), 33평(110.34), 42평(141.46)",
            "last_sales":"2021-10-30,84300.0,24평(82.61)",
            "rank_history":[
                [
                    "202202",
                    4
                ],
                [
                    "202201",
                    4
                ]
            ],
            "rank_gap":0
        },
        {
            "index":0,
            "아파트명":"SK북한산시티",
            "투자타입":"일반",
            "전용면적(m2)":"81.53",
            "전용면적(평)":"24평",
            "법정동주소":"서울시 강북구 미아동 1353",
            "도로명주소":"서울시 강북구 솔샘로 174",
            "세대수":100,
            "입주년차":40,
            "용적률점수":"--",
            "건폐율점수":"--",
            "세대당주차수":30,
            "난방방식":30,
            "공급면적":"--",
            "전용률":"--",
            "욕실수":100,
            "현관타입":100,
            "주거총점":70.5,
            "지역구공급총점":100.0,
            "역세권":80,
            "30분내 이동가능 거점":20,
            "1시간내 이동가능 거점":100,
            "교통총점":66.0,
            "백화점":100,
            "아울렛몰":0,
            "대형마트":80,
            "은행":0,
            "병원":0,
            "종합병원":100,
            "공원":100,
            "혐오시설":0,
            "인프라총점":65.0,
            "초등학군":89.99,
            "중학군":52.32,
            "학군총점":59.854,
            "인구수":32.45,
            "인구증감":-13.19,
            "인구총점":18.758,
            "일자리":11.18,
            "소득수준":45.8,
            "일자리총점":21.566,
            "가치 총점":65.6781,
            "매매실거래년":20220115.0,
            "매매실거래가":70000.0,
            "전세실거래년":20220124.0,
            "전세실거래가":41000.0,
            "전세가율":58.57,
            "장기전세가율평균":67.7,
            "전세가율거품지수":9.13,
            "검색코드":3098,
            "세대수":3830.0,
            "준공년월":"2004-05-07",
            "준공년차":19.0,
            "가까운역이름":"솔샘",
            "가까운역거리":329.7,
            "역세권여부":"역세권",
            "30분이내주요거점역":1,
            "30분거점역이름":"['명동']",
            "1시간이내주요거점역":11,
            "1시간거점역이름":"['강남', '역삼', '잠실', '여의도', '을지로입구', '을지로3가', '양재', '왕십리', '홍대입구', '구로디지털단지', '명동']",
            "3km이내백화점수":2,
            "5km이내아울렛몰수":0,
            "1km이내대형먀트수":1,
            "500m이내은행수":1,
            "500m이내병원수":0,
            "5km이내대형병원수":6,
            "500m이내공원수":3,
            "3km이내혐오시설수":0,
            "초등학교학업성취도":89.99,
            "중학교학업성취도":84.0,
            "용적률":271,
            "건폐율":17,
            "Y":37.618311,
            "X":127.012946,
            "rank":5.0,
            "area_info":"24평(81.53), 33평(109.28), 33평(111.06), 33평(111.31), 33평(111.12), 43평(142.21)",
            "last_sales":"2022-01-15,70000.0,24평(81.53)",
            "rank_history":[
                [
                    "202202",
                    5
                ],
                [
                    "202201",
                    5
                ]
            ],
            "rank_gap":0
        },
        {
            "index":78,
            "아파트명":"미아현대",
            "투자타입":"재건축",
            "전용면적(m2)":"102.08",
            "전용면적(평)":"30평",
            "법정동주소":"서울시 강북구 미아동 190-2",
            "도로명주소":"서울시 강북구 도봉로68길 26",
            "세대수":0,
            "입주년차":"--",
            "용적률점수":60,
            "건폐율점수":80,
            "세대당주차수":"--",
            "난방방식":"--",
            "공급면적":90,
            "전용률":80,
            "욕실수":"--",
            "현관타입":"--",
            "주거총점":48.5,
            "지역구공급총점":100.0,
            "역세권":80,
            "30분내 이동가능 거점":40,
            "1시간내 이동가능 거점":100,
            "교통총점":72.0,
            "백화점":100,
            "아울렛몰":0,
            "대형마트":80,
            "은행":70,
            "병원":0,
            "종합병원":100,
            "공원":100,
            "혐오시설":0,
            "인프라총점":72.0,
            "초등학군":90.0,
            "중학군":45.36,
            "학군총점":54.288,
            "인구수":32.45,
            "인구증감":-13.19,
            "인구총점":18.758,
            "일자리":11.18,
            "소득수준":45.8,
            "일자리총점":21.566,
            "가치 총점":64.6432,
            "매매실거래년":20210930.0,
            "매매실거래가":74700.0,
            "전세실거래년":20220113.0,
            "전세실거래가":40000.0,
            "전세가율":53.55,
            "장기전세가율평균":67.7,
            "전세가율거품지수":14.15,
            "검색코드":1006,
            "세대수":231.0,
            "준공년월":"1992-12-21",
            "준공년차":31.0,
            "가까운역이름":"미아",
            "가까운역거리":476.9,
            "역세권여부":"역세권",
            "30분이내주요거점역":2,
            "30분거점역이름":"['왕십리', '명동']",
            "1시간이내주요거점역":11,
            "1시간거점역이름":"['강남', '역삼', '잠실', '여의도', '을지로입구', '을지로3가', '양재', '왕십리', '홍대입구', '구로디지털단지', '명동']",
            "3km이내백화점수":2,
            "5km이내아울렛몰수":0,
            "1km이내대형먀트수":1,
            "500m이내은행수":3,
            "500m이내병원수":0,
            "5km이내대형병원수":6,
            "500m이내공원수":3,
            "3km이내혐오시설수":0,
            "초등학교학업성취도":90.0,
            "중학교학업성취도":74.4,
            "용적률":249,
            "건폐율":27,
            "Y":37.630956,
            "X":127.025786,
            "rank":6.0,
            "area_info":"30평(102.08)",
            "last_sales":"2021-09-30,74700.0,30평(102.08)",
            "rank_history":[
                [
                    "202202",
                    6
                ],
                [
                    "202201",
                    6
                ]
            ],
            "rank_gap":0
        },
        {
            "index":23,
            "아파트명":"꿈의숲해링턴플레이스",
            "투자타입":"일반",
            "전용면적(m2)":"62.37",
            "전용면적(평)":"18평",
            "법정동주소":"서울시 강북구 미아동 1369",
            "도로명주소":"서울시 강북구 오현로 45",
            "세대수":90,
            "입주년차":100,
            "용적률점수":"--",
            "건폐율점수":"--",
            "세대당주차수":60,
            "난방방식":30,
            "공급면적":"--",
            "전용률":"--",
            "욕실수":50,
            "현관타입":100,
            "주거총점":78.5,
            "지역구공급총점":100.0,
            "역세권":50,
            "30분내 이동가능 거점":40,
            "1시간내 이동가능 거점":100,
            "교통총점":57.0,
            "백화점":100,
            "아울렛몰":0,
            "대형마트":100,
            "은행":0,
            "병원":0,
            "종합병원":100,
            "공원":100,
            "혐오시설":-100,
            "인프라총점":66.0,
            "초등학군":89.99,
            "중학군":46.08,
            "학군총점":54.862,
            "인구수":32.45,
            "인구증감":-13.19,
            "인구총점":18.758,
            "일자리":11.18,
            "소득수준":45.8,
            "일자리총점":21.566,
            "가치 총점":63.6793,
            "매매실거래년":20200706.0,
            "매매실거래가":105000.0,
            "전세실거래년":20210914.0,
            "전세실거래가":27300.0,
            "전세가율":49.55,
            "장기전세가율평균":67.7,
            "전세가율거품지수":18.15,
            "검색코드":116048,
            "세대수":1028.0,
            "준공년월":"2019-09-01",
            "준공년차":4.0,
            "가까운역이름":"미아사거리",
            "가까운역거리":738.72,
            "역세권여부":"준역세권",
            "30분이내주요거점역":2,
            "30분거점역이름":"['왕십리', '명동']",
            "1시간이내주요거점역":10,
            "1시간거점역이름":"['강남', '역삼', '잠실', '여의도', '을지로입구', '을지로3가', '양재', '왕십리', '홍대입구', '명동']",
            "3km이내백화점수":2,
            "5km이내아울렛몰수":0,
            "1km이내대형먀트수":2,
            "500m이내은행수":0,
            "500m이내병원수":0,
            "5km이내대형병원수":10,
            "500m이내공원수":2,
            "3km이내혐오시설수":2,
            "초등학교학업성취도":89.99,
            "중학교학업성취도":74.8,
            "용적률":217,
            "건폐율":27,
            "Y":37.619023,
            "X":127.034295,
            "rank":7.0,
            "area_info":"18평(62.37), 19평(65.64), 23평(77.37), 23평(78.79), 24평(80.39), 33평(109.22), 33평(109.67), 33평(110.47), 33평(110.01), 39평(130.1), 45평(149.56)",
            "last_sales":"2020-07-06,105000.0,39평(130.1)",
            "rank_history":[
                [
                    "202202",
                    7
                ],
                [
                    "202201",
                    9
                ]
            ],
            "rank_gap":2
        },
        {
            "index":79,
            "아파트명":"벽산라이브파크",
            "투자타입":"일반",
            "전용면적(m2)":"74.38",
            "전용면적(평)":"22평",
            "법정동주소":"서울시 강북구 미아동 1354",
            "도로명주소":"서울시 강북구 솔샘로 159",
            "세대수":100,
            "입주년차":40,
            "용적률점수":"--",
            "건폐율점수":"--",
            "세대당주차수":30,
            "난방방식":30,
            "공급면적":"--",
            "전용률":"--",
            "욕실수":100,
            "현관타입":10,
            "주거총점":61.5,
            "지역구공급총점":100.0,
            "역세권":80,
            "30분내 이동가능 거점":20,
            "1시간내 이동가능 거점":100,
            "교통총점":66.0,
            "백화점":100,
            "아울렛몰":0,
            "대형마트":80,
            "은행":0,
            "병원":0,
            "종합병원":100,
            "공원":80,
            "혐오시설":0,
            "인프라총점":64.4,
            "초등학군":89.99,
            "중학군":44.68,
            "학군총점":53.742,
            "인구수":32.45,
            "인구증감":-13.19,
            "인구총점":18.758,
            "일자리":11.18,
            "소득수준":45.8,
            "일자리총점":21.566,
            "가치 총점":62.7813,
            "매매실거래년":20210814.0,
            "매매실거래가":85000.0,
            "전세실거래년":20220123.0,
            "전세실거래가":25500.0,
            "전세가율":38.93,
            "장기전세가율평균":67.7,
            "전세가율거품지수":28.77,
            "검색코드":3099,
            "세대수":1585.0,
            "준공년월":"2004-08-07",
            "준공년차":19.0,
            "가까운역이름":"솔샘",
            "가까운역거리":228.01,
            "역세권여부":"역세권",
            "30분이내주요거점역":1,
            "30분거점역이름":"['명동']",
            "1시간이내주요거점역":10,
            "1시간거점역이름":"['강남', '역삼', '잠실', '여의도', '을지로입구', '을지로3가', '양재', '왕십리', '홍대입구', '명동']",
            "3km이내백화점수":2,
            "5km이내아울렛몰수":0,
            "1km이내대형먀트수":1,
            "500m이내은행수":1,
            "500m이내병원수":0,
            "5km이내대형병원수":5,
            "500m이내공원수":1,
            "3km이내혐오시설수":0,
            "초등학교학업성취도":89.99,
            "중학교학업성취도":72.6,
            "용적률":231,
            "건폐율":16,
            "Y":37.621561,
            "X":127.010971,
            "rank":8.0,
            "area_info":"22평(74.38), 22평(74.79), 31평(102.49), 40평(133.01)",
            "last_sales":"2021-08-14,85000.0,40평(133.01)",
            "rank_history":[
                [
                    "202202",
                    8
                ],
                [
                    "202201",
                    7
                ]
            ],
            "rank_gap":-1
        },
        {
            "index":105,
            "아파트명":"신일해피트리",
            "투자타입":"일반",
            "전용면적(m2)":"77.26",
            "전용면적(평)":"23평",
            "법정동주소":"서울시 강북구 미아동 1358",
            "도로명주소":"서울시 강북구 오패산로60길 22",
            "세대수":0,
            "입주년차":40,
            "용적률점수":"--",
            "건폐율점수":"--",
            "세대당주차수":30,
            "난방방식":30,
            "공급면적":"--",
            "전용률":"--",
            "욕실수":100,
            "현관타입":100,
            "주거총점":35.5,
            "지역구공급총점":100.0,
            "역세권":80,
            "30분내 이동가능 거점":40,
            "1시간내 이동가능 거점":100,
            "교통총점":72.0,
            "백화점":100,
            "아울렛몰":0,
            "대형마트":80,
            "은행":70,
            "병원":0,
            "종합병원":100,
            "공원":100,
            "혐오시설":-50,
            "인프라총점":71.0,
            "초등학군":89.98,
            "중학군":45.36,
            "학군총점":54.284,
            "인구수":32.45,
            "인구증감":-13.19,
            "인구총점":18.758,
            "일자리":11.18,
            "소득수준":45.8,
            "일자리총점":21.566,
            "가치 총점":61.7426,
            "매매실거래년":20210930.0,
            "매매실거래가":72000.0,
            "전세실거래년":20210206.0,
            "전세실거래가":20000.0,
            "전세가율":35.27,
            "장기전세가율평균":67.7,
            "전세가율거품지수":32.43,
            "검색코드":24036,
            "세대수":117.0,
            "준공년월":"2006-03-03",
            "준공년차":17.0,
            "가까운역이름":"미아",
            "가까운역거리":467.33,
            "역세권여부":"역세권",
            "30분이내주요거점역":2,
            "30분거점역이름":"['왕십리', '명동']",
            "1시간이내주요거점역":10,
            "1시간거점역이름":"['강남', '잠실', '여의도', '을지로입구', '을지로3가', '양재', '왕십리', '홍대입구', '구로디지털단지', '명동']",
            "3km이내백화점수":2,
            "5km이내아울렛몰수":0,
            "1km이내대형먀트수":1,
            "500m이내은행수":3,
            "500m이내병원수":0,
            "5km이내대형병원수":8,
            "500m이내공원수":4,
            "3km이내혐오시설수":1,
            "초등학교학업성취도":89.98,
            "중학교학업성취도":74.4,
            "용적률":199,
            "건폐율":45,
            "Y":37.62586,
            "X":127.03119,
            "rank":9.0,
            "area_info":"23평(77.26), 26평(89.25), 33평(109.13), 33평(109.13), 33평(109.13)",
            "last_sales":"2021-09-30,72000.0,33평(109.13)",
            "rank_history":[
                [
                    "202202",
                    9
                ],
                [
                    "202201",
                    8
                ]
            ],
            "rank_gap":-1
        },
        {
            "index":198,
            "아파트명":"예도팔라티움(도시형)",
            "투자타입":"일반",
            "전용면적(m2)":"18.95",
            "전용면적(평)":"5평",
            "법정동주소":"서울시 강북구 수유동 223-7",
            "도로명주소":"서울시 강북구 노해로 34",
            "세대수":0,
            "입주년차":100,
            "용적률점수":"--",
            "건폐율점수":"--",
            "세대당주차수":0,
            "난방방식":30,
            "공급면적":"--",
            "전용률":"--",
            "욕실수":50,
            "현관타입":100,
            "주거총점":38.0,
            "지역구공급총점":100.0,
            "역세권":80,
            "30분내 이동가능 거점":20,
            "1시간내 이동가능 거점":100,
            "교통총점":66.0,
            "백화점":100,
            "아울렛몰":0,
            "대형마트":80,
            "은행":100,
            "병원":0,
            "종합병원":100,
            "공원":100,
            "혐오시설":0,
            "인프라총점":75.0,
            "초등학군":89.98,
            "중학군":45.92,
            "학군총점":54.732,
            "인구수":32.45,
            "인구증감":-13.19,
            "인구총점":18.758,
            "일자리":11.18,
            "소득수준":45.8,
            "일자리총점":21.566,
            "가치 총점":61.4098,
            "매매실거래년":20200820.0,
            "매매실거래가":17450.0,
            "전세실거래년":20210827.0,
            "전세실거래가":15500.0,
            "전세가율":87.82,
            "장기전세가율평균":67.7,
            "전세가율거품지수":-20.12,
            "검색코드":129509,
            "세대수":120.0,
            "준공년월":"2020-02-27",
            "준공년차":3.0,
            "가까운역이름":"수유",
            "가까운역거리":236.33,
            "역세권여부":"역세권",
            "30분이내주요거점역":1,
            "30분거점역이름":"['명동']",
            "1시간이내주요거점역":10,
            "1시간거점역이름":"['강남', '잠실', '여의도', '을지로입구', '을지로3가', '양재', '왕십리', '홍대입구', '구로디지털단지', '명동']",
            "3km이내백화점수":1,
            "5km이내아울렛몰수":0,
            "1km이내대형먀트수":1,
            "500m이내은행수":7,
            "500m이내병원수":0,
            "5km이내대형병원수":4,
            "500m이내공원수":5,
            "3km이내혐오시설수":0,
            "초등학교학업성취도":89.98,
            "중학교학업성취도":75.2,
            "용적률":349,
            "건폐율":51,
            "Y":37.63857,
            "X":127.023129,
            "rank":10.0,
            "area_info":"5평(18.95), 5평(19.7)",
            "last_sales":"2020-08-20,17450.0,5평(19.7)",
            "rank_history":[
                [
                    "202202",
                    10
                ],
                [
                    "202201",
                    12
                ]
            ],
            "rank_gap":2
        },
        {
            "index":61,
            "아파트명":"미아래미안1차",
            "투자타입":"일반",
            "전용면적(m2)":"78.63",
            "전용면적(평)":"23평",
            "법정동주소":"서울시 강북구 미아동 797",
            "도로명주소":"서울시 강북구 삼양로 256",
            "세대수":30,
            "입주년차":40,
            "용적률점수":"--",
            "건폐율점수":"--",
            "세대당주차수":30,
            "난방방식":30,
            "공급면적":"--",
            "전용률":"--",
            "욕실수":100,
            "현관타입":100,
            "주거총점":46.0,
            "지역구공급총점":100.0,
            "역세권":80,
            "30분내 이동가능 거점":20,
            "1시간내 이동가능 거점":100,
            "교통총점":66.0,
            "백화점":100,
            "아울렛몰":0,
            "대형마트":100,
            "은행":0,
            "병원":0,
            "종합병원":100,
            "공원":100,
            "혐오시설":0,
            "인프라총점":68.0,
            "초등학군":89.98,
            "중학군":44.68,
            "학군총점":53.74,
            "인구수":32.45,
            "인구증감":-13.19,
            "인구총점":18.758,
            "일자리":11.18,
            "소득수준":45.8,
            "일자리총점":21.566,
            "가치 총점":60.761,
            "매매실거래년":20211029.0,
            "매매실거래가":73200.0,
            "전세실거래년":20210529.0,
            "전세실거래가":43000.0,
            "전세가율":58.74,
            "장기전세가율평균":67.7,
            "전세가율거품지수":8.96,
            "검색코드":22197,
            "세대수":306.0,
            "준공년월":"2006-11-09",
            "준공년차":17.0,
            "가까운역이름":"삼양",
            "가까운역거리":173.76,
            "역세권여부":"역세권",
            "30분이내주요거점역":1,
            "30분거점역이름":"['명동']",
            "1시간이내주요거점역":10,
            "1시간거점역이름":"['강남', '역삼', '잠실', '여의도', '을지로입구', '을지로3가', '양재', '왕십리', '홍대입구', '명동']",
            "3km이내백화점수":2,
            "5km이내아울렛몰수":0,
            "1km이내대형먀트수":2,
            "500m이내은행수":1,
            "500m이내병원수":0,
            "5km이내대형병원수":6,
            "500m이내공원수":3,
            "3km이내혐오시설수":0,
            "초등학교학업성취도":89.98,
            "중학교학업성취도":72.6,
            "용적률":219,
            "건폐율":19,
            "Y":37.62612,
            "X":127.019619,
            "rank":11.0,
            "area_info":"23평(78.63), 33평(110.6), 43평(142.25)",
            "last_sales":"2021-10-29,73200.0,23평(78.63)",
            "rank_history":[
                [
                    "202202",
                    11
                ],
                [
                    "202201",
                    10
                ]
            ],
            "rank_gap":-1
        },
        {
            "index":50,
            "아파트명":"래미안트리베라1차",
            "투자타입":"일반",
            "전용면적(m2)":"86.77",
            "전용면적(평)":"26평",
            "법정동주소":"서울시 강북구 미아동 813",
            "도로명주소":"서울시 강북구 삼양로19길 25",
            "세대수":90,
            "입주년차":60,
            "용적률점수":"--",
            "건폐율점수":"--",
            "세대당주차수":30,
            "난방방식":30,
            "공급면적":"--",
            "전용률":"--",
            "욕실수":100,
            "현관타입":100,
            "주거총점":71.0,
            "지역구공급총점":100.0,
            "역세권":50,
            "30분내 이동가능 거점":20,
            "1시간내 이동가능 거점":90,
            "교통총점":49.0,
            "백화점":100,
            "아울렛몰":0,
            "대형마트":80,
            "은행":0,
            "병원":0,
            "종합병원":100,
            "공원":80,
            "혐오시설":0,
            "인프라총점":64.4,
            "초등학군":90.01,
            "중학군":53.6,
            "학군총점":60.882,
            "인구수":32.45,
            "인구증감":-13.19,
            "인구총점":18.758,
            "일자리":11.18,
            "소득수준":45.8,
            "일자리총점":21.566,
            "가치 총점":59.8023,
            "매매실거래년":20211025.0,
            "매매실거래가":91700.0,
            "전세실거래년":20220115.0,
            "전세실거래가":38850.0,
            "전세가율":42.37,
            "장기전세가율평균":67.7,
            "전세가율거품지수":25.33,
            "검색코드":25971,
            "세대수":1247.0,
            "준공년월":"2010-05-28",
            "준공년차":13.0,
            "가까운역이름":"미아사거리",
            "가까운역거리":849.34,
            "역세권여부":"준역세권",
            "30분이내주요거점역":1,
            "30분거점역이름":"['을지로3가']",
            "1시간이내주요거점역":9,
            "1시간거점역이름":"['강남', '잠실', '여의도', '을지로입구', '을지로3가', '양재', '왕십리', '홍대입구', '명동']",
            "3km이내백화점수":2,
            "5km이내아울렛몰수":0,
            "1km이내대형먀트수":1,
            "500m이내은행수":0,
            "500m이내병원수":0,
            "5km이내대형병원수":8,
            "500m이내공원수":1,
            "3km이내혐오시설수":0,
            "초등학교학업성취도":90.01,
            "중학교학업성취도":88.0,
            "용적률":228,
            "건폐율":19,
            "Y":37.613215,
            "X":127.020411,
            "rank":12.0,
            "area_info":"26평(86.77), 33평(109.63), 33평(110.25), 34평(113.13), 44평(145.6)",
            "last_sales":"2021-10-25,91700.0,26평(86.77)",
            "rank_history":[
                [
                    "202202",
                    12
                ],
                [
                    "202201",
                    13
                ]
            ],
            "rank_gap":1
        },
        {
            "index":162,
            "아파트명":"효성네오인텔리안",
            "투자타입":"일반",
            "전용면적(m2)":"52.99",
            "전용면적(평)":"16평",
            "법정동주소":"서울시 강북구 번동 418-3",
            "도로명주소":"서울시 강북구 도봉로 352",
            "세대수":0,
            "입주년차":40,
            "용적률점수":"--",
            "건폐율점수":"--",
            "세대당주차수":80,
            "난방방식":30,
            "공급면적":"--",
            "전용률":"--",
            "욕실수":50,
            "현관타입":100,
            "주거총점":38.0,
            "지역구공급총점":100.0,
            "역세권":80,
            "30분내 이동가능 거점":40,
            "1시간내 이동가능 거점":100,
            "교통총점":72.0,
            "백화점":100,
            "아울렛몰":0,
            "대형마트":0,
            "은행":100,
            "병원":0,
            "종합병원":100,
            "공원":100,
            "혐오시설":0,
            "인프라총점":63.0,
            "초등학군":89.99,
            "중학군":36.72,
            "학군총점":47.374,
            "인구수":32.45,
            "인구증감":-13.19,
            "인구총점":18.758,
            "일자리":11.18,
            "소득수준":45.8,
            "일자리총점":21.566,
            "가치 총점":58.8061,
            "매매실거래년":20201207.0,
            "매매실거래가":61000.0,
            "전세실거래년":20121029.0,
            "전세실거래가":8000.0,
            "전세가율":41.03,
            "장기전세가율평균":67.7,
            "전세가율거품지수":26.67,
            "검색코드":17631,
            "세대수":121.0,
            "준공년월":"2005-04-01",
            "준공년차":18.0,
            "가까운역이름":"수유",
            "가까운역거리":131.61,
            "역세권여부":"역세권",
            "30분이내주요거점역":2,
            "30분거점역이름":"['을지로3가', '명동']",
            "1시간이내주요거점역":10,
            "1시간거점역이름":"['강남', '잠실', '여의도', '을지로입구', '을지로3가', '양재', '왕십리', '홍대입구', '구로디지털단지', '명동']",
            "3km이내백화점수":1,
            "5km이내아울렛몰수":0,
            "1km이내대형먀트수":0,
            "500m이내은행수":8,
            "500m이내병원수":0,
            "5km이내대형병원수":4,
            "500m이내공원수":5,
            "3km이내혐오시설수":0,
            "초등학교학업성취도":89.99,
            "중학교학업성취도":60.2,
            "용적률":762,
            "건폐율":59,
            "Y":37.638616,
            "X":127.027046,
            "rank":13.0,
            "area_info":"16평(52.99), 16평(53.19), 23평(77.3), 27평(91.85), 31평(104.87), 59평(196.72)",
            "last_sales":"2020-12-07,61000.0,31평(104.87)",
            "rank_history":[
                [
                    "202202",
                    13
                ],
                [
                    "202201",
                    11
                ]
            ],
            "rank_gap":-2
        },
        {
            "index":73,
            "아파트명":"미아한일유앤아이",
            "투자타입":"일반",
            "전용면적(m2)":"91.08",
            "전용면적(평)":"27평",
            "법정동주소":"서울시 강북구 미아동 1355",
            "도로명주소":"서울시 강북구 월계로21가길 41",
            "세대수":30,
            "입주년차":20,
            "용적률점수":"--",
            "건폐율점수":"--",
            "세대당주차수":60,
            "난방방식":30,
            "공급면적":"--",
            "전용률":"--",
            "욕실수":50,
            "현관타입":100,
            "주거총점":41.5,
            "지역구공급총점":100.0,
            "역세권":50,
            "30분내 이동가능 거점":60,
            "1시간내 이동가능 거점":100,
            "교통총점":63.0,
            "백화점":100,
            "아울렛몰":0,
            "대형마트":100,
            "은행":0,
            "병원":0,
            "종합병원":100,
            "공원":80,
            "혐오시설":-50,
            "인프라총점":66.4,
            "초등학군":89.99,
            "중학군":46.08,
            "학군총점":54.862,
            "인구수":32.45,
            "인구증감":-13.19,
            "인구총점":18.758,
            "일자리":11.18,
            "소득수준":45.8,
            "일자리총점":21.566,
            "가치 총점":58.4993,
            "매매실거래년":20210821.0,
            "매매실거래가":94500.0,
            "전세실거래년":20200521.0,
            "전세실거래가":36000.0,
            "전세가율":49.32,
            "장기전세가율평균":67.7,
            "전세가율거품지수":18.38,
            "검색코드":8787,
            "세대수":384.0,
            "준공년월":"2002-11-29",
            "준공년차":21.0,
            "가까운역이름":"미아사거리",
            "가까운역거리":610.4,
            "역세권여부":"준역세권",
            "30분이내주요거점역":3,
            "30분거점역이름":"['을지로3가', '왕십리', '명동']",
            "1시간이내주요거점역":10,
            "1시간거점역이름":"['강남', '잠실', '여의도', '을지로입구', '을지로3가', '양재', '왕십리', '홍대입구', '구로디지털단지', '명동']",
            "3km이내백화점수":2,
            "5km이내아울렛몰수":0,
            "1km이내대형먀트수":2,
            "500m이내은행수":0,
            "500m이내병원수":0,
            "5km이내대형병원수":10,
            "500m이내공원수":1,
            "3km이내혐오시설수":1,
            "초등학교학업성취도":89.99,
            "중학교학업성취도":74.8,
            "용적률":244,
            "건폐율":18,
            "Y":37.614521,
            "X":127.036807,
            "rank":14.0,
            "area_info":"27평(91.08), 34평(112.82), 43평(142.83), 45평(150.61), 49평(163.46)",
            "last_sales":"2021-08-21,94500.0,49평(163.46)",
            "rank_history":[
                [
                    "202202",
                    14
                ],
                [
                    "202201",
                    15
                ]
            ],
            "rank_gap":1
        },
        {
            "index":15,
            "아파트명":"꿈의숲롯데캐슬",
            "투자타입":"일반",
            "전용면적(m2)":"83.42",
            "전용면적(평)":"25평",
            "법정동주소":"서울시 강북구 미아동 4",
            "도로명주소":"서울시 강북구 오현로 56",
            "세대수":50,
            "입주년차":80,
            "용적률점수":"--",
            "건폐율점수":"--",
            "세대당주차수":30,
            "난방방식":30,
            "공급면적":"--",
            "전용률":"--",
            "욕실수":100,
            "현관타입":100,
            "주거총점":61.0,
            "지역구공급총점":100.0,
            "역세권":50,
            "30분내 이동가능 거점":20,
            "1시간내 이동가능 거점":90,
            "교통총점":49.0,
            "백화점":100,
            "아울렛몰":0,
            "대형마트":100,
            "은행":0,
            "병원":0,
            "종합병원":100,
            "공원":80,
            "혐오시설":-100,
            "인프라총점":65.4,
            "초등학군":89.99,
            "중학군":46.08,
            "학군총점":54.862,
            "인구수":32.45,
            "인구증감":-13.19,
            "인구총점":18.758,
            "일자리":11.18,
            "소득수준":45.8,
            "일자리총점":21.566,
            "가치 총점":57.1993,
            "매매실거래년":20211030.0,
            "매매실거래가":113500.0,
            "전세실거래년":20210915.0,
            "전세실거래가":55000.0,
            "전세가율":58.51,
            "장기전세가율평균":67.7,
            "전세가율거품지수":9.19,
            "검색코드":109039,
            "세대수":615.0,
            "준공년월":"2017-02-01",
            "준공년차":6.0,
            "가까운역이름":"미아사거리",
            "가까운역거리":743.64,
            "역세권여부":"준역세권",
            "30분이내주요거점역":1,
            "30분거점역이름":"['명동']",
            "1시간이내주요거점역":9,
            "1시간거점역이름":"['강남', '잠실', '여의도', '을지로입구', '을지로3가', '양재', '왕십리', '홍대입구', '명동']",
            "3km이내백화점수":2,
            "5km이내아울렛몰수":0,
            "1km이내대형먀트수":2,
            "500m이내은행수":0,
            "500m이내병원수":0,
            "5km이내대형병원수":10,
            "500m이내공원수":1,
            "3km이내혐오시설수":2,
            "초등학교학업성취도":89.99,
            "중학교학업성취도":74.8,
            "용적률":188,
            "건폐율":22,
            "Y":37.617761,
            "X":127.036334,
            "rank":15.0,
            "area_info":"25평(83.42), 25평(83.59), 25평(85.07), 32평(106.33), 32평(107.61), 32평(107.49), 35평(116.85), 39평(130.1)",
            "last_sales":"2021-10-30,113500.0,32평(107.49)",
            "rank_history":[
                [
                    "202202",
                    15
                ],
                [
                    "202201",
                    18
                ]
            ],
            "rank_gap":3
        },
        {
            "index":64,
            "아파트명":"미아신구",
            "투자타입":"일반",
            "전용면적(m2)":"75.26",
            "전용면적(평)":"22평",
            "법정동주소":"서울시 강북구 미아동 1352",
            "도로명주소":"서울시 강북구 오패산로60길 17-7",
            "세대수":0,
            "입주년차":20,
            "용적률점수":"--",
            "건폐율점수":"--",
            "세대당주차수":30,
            "난방방식":30,
            "공급면적":"--",
            "전용률":"--",
            "욕실수":50,
            "현관타입":100,
            "주거총점":26.5,
            "지역구공급총점":100.0,
            "역세권":80,
            "30분내 이동가능 거점":20,
            "1시간내 이동가능 거점":90,
            "교통총점":64.0,
            "백화점":100,
            "아울렛몰":0,
            "대형마트":80,
            "은행":70,
            "병원":0,
            "종합병원":100,
            "공원":100,
            "혐오시설":-50,
            "인프라총점":71.0,
            "초등학군":89.98,
            "중학군":45.36,
            "학군총점":54.284,
            "인구수":32.45,
            "인구증감":-13.19,
            "인구총점":18.758,
            "일자리":11.18,
            "소득수준":45.8,
            "일자리총점":21.566,
            "가치 총점":57.1426,
            "매매실거래년":20200723.0,
            "매매실거래가":40500.0,
            "전세실거래년":20200508.0,
            "전세실거래가":20000.0,
            "전세가율":68.97,
            "장기전세가율평균":67.7,
            "전세가율거품지수":-1.27,
            "검색코드":3890,
            "세대수":105.0,
            "준공년월":"2000-10-05",
            "준공년차":23.0,
            "가까운역이름":"미아",
            "가까운역거리":394.68,
            "역세권여부":"역세권",
            "30분이내주요거점역":1,
            "30분거점역이름":"['명동']",
            "1시간이내주요거점역":9,
            "1시간거점역이름":"['강남', '잠실', '여의도', '을지로입구', '을지로3가', '양재', '왕십리', '홍대입구', '명동']",
            "3km이내백화점수":2,
            "5km이내아울렛몰수":0,
            "1km이내대형먀트수":1,
            "500m이내은행수":3,
            "500m이내병원수":0,
            "5km이내대형병원수":7,
            "500m이내공원수":3,
            "3km이내혐오시설수":1,
            "초등학교학업성취도":89.98,
            "중학교학업성취도":74.4,
            "용적률":0,
            "건폐율":0,
            "Y":37.62683,
            "X":127.03046,
            "rank":16.0,
            "area_info":"22평(75.26), 28평(93.67), 32평(107.54), 32평(107.59)",
            "last_sales":"2020-07-23,40500.0,32평(107.59)",
            "rank_history":[
                [
                    "202202",
                    16
                ],
                [
                    "202201",
                    14
                ]
            ],
            "rank_gap":-2
        },
        {
            "index":146,
            "아파트명":"솔라리움시티(도시형)",
            "투자타입":"일반",
            "전용면적(m2)":"23.75",
            "전용면적(평)":"7평",
            "법정동주소":"서울시 강북구 번동 443-6",
            "도로명주소":"서울시 강북구 덕릉로 111",
            "세대수":0,
            "입주년차":60,
            "용적률점수":"--",
            "건폐율점수":"--",
            "세대당주차수":0,
            "난방방식":30,
            "공급면적":"--",
            "전용률":"--",
            "욕실수":50,
            "현관타입":50,
            "주거총점":25.0,
            "지역구공급총점":100.0,
            "역세권":80,
            "30분내 이동가능 거점":40,
            "1시간내 이동가능 거점":100,
            "교통총점":72.0,
            "백화점":100,
            "아울렛몰":0,
            "대형마트":0,
            "은행":100,
            "병원":0,
            "종합병원":100,
            "공원":100,
            "혐오시설":0,
            "인프라총점":63.0,
            "초등학군":90.0,
            "중학군":36.72,
            "학군총점":47.376,
            "인구수":32.45,
            "인구증감":-13.19,
            "인구총점":18.758,
            "일자리":11.18,
            "소득수준":45.8,
            "일자리총점":21.566,
            "가치 총점":56.2064,
            "매매실거래년":"18000101",
            "매매실거래가":null,
            "전세실거래년":20130220.0,
            "전세실거래가":7000.0,
            "전세가율":null,
            "장기전세가율평균":67.7,
            "전세가율거품지수":null,
            "검색코드":106274,
            "세대수":108.0,
            "준공년월":"2013-02-08",
            "준공년차":10.0,
            "가까운역이름":"수유",
            "가까운역거리":312.92,
            "역세권여부":"역세권",
            "30분이내주요거점역":2,
            "30분거점역이름":"['왕십리', '명동']",
            "1시간이내주요거점역":10,
            "1시간거점역이름":"['강남', '잠실', '여의도', '을지로입구', '을지로3가', '양재', '왕십리', '홍대입구', '구로디지털단지', '명동']",
            "3km이내백화점수":2,
            "5km이내아울렛몰수":0,
            "1km이내대형먀트수":0,
            "500m이내은행수":7,
            "500m이내병원수":0,
            "5km이내대형병원수":4,
            "500m이내공원수":5,
            "3km이내혐오시설수":0,
            "초등학교학업성취도":90.0,
            "중학교학업성취도":60.2,
            "용적률":390,
            "건폐율":59,
            "Y":37.635246,
            "X":127.026002,
            "rank":17.0,
            "area_info":"7평(23.75), 9평(29.97)",
            "last_sales":"1800-01-01,nan,7평(23.75)",
            "rank_history":[
                [
                    "202202",
                    17
                ],
                [
                    "202201",
                    16
                ]
            ],
            "rank_gap":-1
        },
        {
            "index":6,
            "아파트명":"경남아너스빌(1356)",
            "투자타입":"일반",
            "전용면적(m2)":"87.18",
            "전용면적(평)":"26평",
            "법정동주소":"서울시 강북구 미아동 1356",
            "도로명주소":"서울시 강북구 오패산로30길 30",
            "세대수":80,
            "입주년차":20,
            "용적률점수":"--",
            "건폐율점수":"--",
            "세대당주차수":30,
            "난방방식":30,
            "공급면적":"--",
            "전용률":"--",
            "욕실수":50,
            "현관타입":10,
            "주거총점":45.5,
            "지역구공급총점":100.0,
            "역세권":50,
            "30분내 이동가능 거점":40,
            "1시간내 이동가능 거점":90,
            "교통총점":55.0,
            "백화점":100,
            "아울렛몰":0,
            "대형마트":80,
            "은행":0,
            "병원":0,
            "종합병원":100,
            "공원":80,
            "혐오시설":-100,
            "인프라총점":62.4,
            "초등학군":89.99,
            "중학군":46.08,
            "학군총점":54.862,
            "인구수":32.45,
            "인구증감":-13.19,
            "인구총점":18.758,
            "일자리":11.18,
            "소득수준":45.8,
            "일자리총점":21.566,
            "가치 총점":55.2993,
            "매매실거래년":20211007.0,
            "매매실거래가":96000.0,
            "전세실거래년":20220117.0,
            "전세실거래가":41000.0,
            "전세가율":56.16,
            "장기전세가율평균":67.7,
            "전세가율거품지수":11.54,
            "검색코드":8786,
            "세대수":860.0,
            "준공년월":"2003-06-20",
            "준공년차":20.0,
            "가까운역이름":"미아사거리",
            "가까운역거리":618.5,
            "역세권여부":"준역세권",
            "30분이내주요거점역":2,
            "30분거점역이름":"['왕십리', '명동']",
            "1시간이내주요거점역":9,
            "1시간거점역이름":"['강남', '잠실', '여의도', '을지로입구', '을지로3가', '양재', '왕십리', '홍대입구', '명동']",
            "3km이내백화점수":2,
            "5km이내아울렛몰수":0,
            "1km이내대형먀트수":1,
            "500m이내은행수":0,
            "500m이내병원수":0,
            "5km이내대형병원수":10,
            "500m이내공원수":1,
            "3km이내혐오시설수":2,
            "초등학교학업성취도":89.99,
            "중학교학업성취도":74.8,
            "용적률":287,
            "건폐율":20,
            "Y":37.615949,
            "X":127.036222,
            "rank":18.0,
            "area_info":"26평(87.18), 33평(109.48), 43평(142.86)",
            "last_sales":"2021-10-07,96000.0,43평(142.86)",
            "rank_history":[
                [
                    "202202",
                    18
                ],
                [
                    "202201",
                    20
                ]
            ],
            "rank_gap":2
        },
        {
            "index":110,
            "아파트명":"현대성우",
            "투자타입":"일반",
            "전용면적(m2)":"85.37",
            "전용면적(평)":"25평",
            "법정동주소":"서울시 강북구 미아동 561-2",
            "도로명주소":"서울시 강북구 삼양로24길 19",
            "세대수":0,
            "입주년차":0,
            "용적률점수":"--",
            "건폐율점수":"--",
            "세대당주차수":30,
            "난방방식":30,
            "공급면적":"--",
            "전용률":"--",
            "욕실수":50,
            "현관타입":50,
            "주거총점":17.5,
            "지역구공급총점":100.0,
            "역세권":80,
            "30분내 이동가능 거점":20,
            "1시간내 이동가능 거점":90,
            "교통총점":64.0,
            "백화점":100,
            "아울렛몰":0,
            "대형마트":100,
            "은행":20,
            "병원":0,
            "종합병원":100,
            "공원":100,
            "혐오시설":0,
            "인프라총점":70.0,
            "초등학군":89.98,
            "중학군":46.56,
            "학군총점":55.244,
            "인구수":32.45,
            "인구증감":-13.19,
            "인구총점":18.758,
            "일자리":11.18,
            "소득수준":45.8,
            "일자리총점":21.566,
            "가치 총점":55.1866,
            "매매실거래년":20210629.0,
            "매매실거래가":55000.0,
            "전세실거래년":20210712.0,
            "전세실거래가":38000.0,
            "전세가율":69.09,
            "장기전세가율평균":67.7,
            "전세가율거품지수":-1.39,
            "검색코드":1007,
            "세대수":216.0,
            "준공년월":"1998-10-27",
            "준공년차":25.0,
            "가까운역이름":"삼양사거리",
            "가까운역거리":492.02,
            "역세권여부":"역세권",
            "30분이내주요거점역":1,
            "30분거점역이름":"['을지로3가']",
            "1시간이내주요거점역":9,
            "1시간거점역이름":"['강남', '역삼', '여의도', '을지로입구', '을지로3가', '양재', '왕십리', '홍대입구', '명동']",
            "3km이내백화점수":2,
            "5km이내아울렛몰수":0,
            "1km이내대형먀트수":3,
            "500m이내은행수":2,
            "500m이내병원수":0,
            "5km이내대형병원수":9,
            "500m이내공원수":6,
            "3km이내혐오시설수":0,
            "초등학교학업성취도":89.98,
            "중학교학업성취도":75.0,
            "용적률":374,
            "건폐율":30,
            "Y":37.617321,
            "X":127.022272,
            "rank":19.0,
            "area_info":"25평(85.37), 28평(95.38), 34평(112.53), 34평(112.44)",
            "last_sales":"2021-06-29,55000.0,25평(85.37)",
            "rank_history":[
                [
                    "202202",
                    19
                ],
                [
                    "202201",
                    17
                ]
            ],
            "rank_gap":-2
        },
        {
            "index":100,
            "아파트명":"수유역푸르지오시티(도시형)",
            "투자타입":"일반",
            "전용면적(m2)":"28.65",
            "전용면적(평)":"8평",
            "법정동주소":"서울시 강북구 미아동 160-3",
            "도로명주소":"서울시 강북구 도봉로 290",
            "세대수":0,
            "입주년차":80,
            "용적률점수":"--",
            "건폐율점수":"--",
            "세대당주차수":0,
            "난방방식":30,
            "공급면적":"--",
            "전용률":"--",
            "욕실수":50,
            "현관타입":10,
            "주거총점":25.0,
            "지역구공급총점":100.0,
            "역세권":80,
            "30분내 이동가능 거점":20,
            "1시간내 이동가능 거점":90,
            "교통총점":64.0,
            "백화점":100,
            "아울렛몰":0,
            "대형마트":0,
            "은행":100,
            "병원":0,
            "종합병원":100,
            "공원":100,
            "혐오시설":0,
            "인프라총점":63.0,
            "초등학군":90.0,
            "중학군":45.36,
            "학군총점":54.288,
            "인구수":32.45,
            "인구증감":-13.19,
            "인구총점":18.758,
            "일자리":11.18,
            "소득수준":45.8,
            "일자리총점":21.566,
            "가치 총점":54.4432,
            "매매실거래년":20220127.0,
            "매매실거래가":12000.0,
            "전세실거래년":20201229.0,
            "전세실거래가":13000.0,
            "전세가율":108.33,
            "장기전세가율평균":67.7,
            "전세가율거품지수":-40.63,
            "검색코드":105879,
            "세대수":298.0,
            "준공년월":"2014-10-17",
            "준공년차":9.0,
            "가까운역이름":"수유",
            "가까운역거리":472.59,
            "역세권여부":"역세권",
            "30분이내주요거점역":1,
            "30분거점역이름":"['명동']",
            "1시간이내주요거점역":9,
            "1시간거점역이름":"['강남', '잠실', '여의도', '을지로입구', '을지로3가', '양재', '왕십리', '홍대입구', '명동']",
            "3km이내백화점수":2,
            "5km이내아울렛몰수":0,
            "1km이내대형먀트수":0,
            "500m이내은행수":6,
            "500m이내병원수":0,
            "5km이내대형병원수":4,
            "500m이내공원수":5,
            "3km이내혐오시설수":0,
            "초등학교학업성취도":90.0,
            "중학교학업성취도":74.4,
            "용적률":695,
            "건폐율":51,
            "Y":37.634102,
            "X":127.023751,
            "rank":20.0,
            "area_info":"8평(28.65), 17평(57.52)",
            "last_sales":"2022-01-27,12000.0,8평(28.65)",
            "rank_history":[
                [
                    "202202",
                    20
                ],
                [
                    "202201",
                    19
                ]
            ],
            "rank_gap":-1
        },
        {
            "index":9,
            "아파트명":"경남아너스빌(796)",
            "투자타입":"일반",
            "전용면적(m2)":"86.81",
            "전용면적(평)":"26평",
            "법정동주소":"서울시 강북구 미아동 796",
            "도로명주소":"서울시 강북구 삼양로74길 8",
            "세대수":0,
            "입주년차":40,
            "용적률점수":"--",
            "건폐율점수":"--",
            "세대당주차수":30,
            "난방방식":30,
            "공급면적":"--",
            "전용률":"--",
            "욕실수":100,
            "현관타입":100,
            "주거총점":35.5,
            "지역구공급총점":100.0,
            "역세권":80,
            "30분내 이동가능 거점":0,
            "1시간내 이동가능 거점":90,
            "교통총점":58.0,
            "백화점":100,
            "아울렛몰":0,
            "대형마트":80,
            "은행":0,
            "병원":0,
            "종합병원":100,
            "공원":100,
            "혐오시설":0,
            "인프라총점":65.0,
            "초등학군":90.0,
            "중학군":38.5,
            "학군총점":48.8,
            "인구수":32.45,
            "인구증감":-13.19,
            "인구총점":18.758,
            "일자리":11.18,
            "소득수준":45.8,
            "일자리총점":21.566,
            "가치 총점":54.22,
            "매매실거래년":20210519.0,
            "매매실거래가":70500.0,
            "전세실거래년":20220117.0,
            "전세실거래가":18000.0,
            "전세가율":32.43,
            "장기전세가율평균":67.7,
            "전세가율거품지수":35.27,
            "검색코드":23821,
            "세대수":208.0,
            "준공년월":"2008-01-25",
            "준공년차":15.0,
            "가까운역이름":"삼양",
            "가까운역거리":218.57,
            "역세권여부":"역세권",
            "30분이내주요거점역":0,
            "30분거점역이름":"[]",
            "1시간이내주요거점역":9,
            "1시간거점역이름":"['강남', '역삼', '잠실', '여의도', '을지로입구', '을지로3가', '왕십리', '홍대입구', '명동']",
            "3km이내백화점수":2,
            "5km이내아울렛몰수":0,
            "1km이내대형먀트수":1,
            "500m이내은행수":1,
            "500m이내병원수":0,
            "5km이내대형병원수":6,
            "500m이내공원수":3,
            "3km이내혐오시설수":0,
            "초등학교학업성취도":90.0,
            "중학교학업성취도":63.5,
            "용적률":248,
            "건폐율":21,
            "Y":37.629042,
            "X":127.018889,
            "rank":21.0,
            "area_info":"26평(86.81), 30평(102.02), 32평(108.38), 32평(108.18), 32평(108.91), 33평(109.73)",
            "last_sales":"2021-05-19,70500.0,33평(109.73)",
            "rank_history":[
                [
                    "202202",
                    21
                ],
                [
                    "202201",
                    22
                ]
            ],
            "rank_gap":1
        },
        {
            "index":183,
            "아파트명":"수유역하이시티(도시형)",
            "투자타입":"일반",
            "전용면적(m2)":"16.8",
            "전용면적(평)":"5평",
            "법정동주소":"서울시 강북구 수유동 733",
            "도로명주소":"서울시 강북구 도봉로71가길 16",
            "세대수":0,
            "입주년차":80,
            "용적률점수":"--",
            "건폐율점수":"--",
            "세대당주차수":0,
            "난방방식":30,
            "공급면적":"--",
            "전용률":"--",
            "욕실수":50,
            "현관타입":10,
            "주거총점":25.0,
            "지역구공급총점":100.0,
            "역세권":50,
            "30분내 이동가능 거점":20,
            "1시간내 이동가능 거점":100,
            "교통총점":51.0,
            "백화점":100,
            "아울렛몰":0,
            "대형마트":80,
            "은행":100,
            "병원":0,
            "종합병원":100,
            "공원":100,
            "혐오시설":0,
            "인프라총점":75.0,
            "초등학군":90.0,
            "중학군":45.36,
            "학군총점":54.288,
            "인구수":32.45,
            "인구증감":-13.19,
            "인구총점":18.758,
            "일자리":11.18,
            "소득수준":45.8,
            "일자리총점":21.566,
            "가치 총점":53.4932,
            "매매실거래년":20211224.0,
            "매매실거래가":9000.0,
            "전세실거래년":20210701.0,
            "전세실거래가":9500.0,
            "전세가율":91.35,
            "장기전세가율평균":67.7,
            "전세가율거품지수":-23.65,
            "검색코드":109387,
            "세대수":144.0,
            "준공년월":"2014-09-25",
            "준공년차":9.0,
            "가까운역이름":"화계",
            "가까운역거리":535.68,
            "역세권여부":"준역세권",
            "30분이내주요거점역":1,
            "30분거점역이름":"['왕십리']",
            "1시간이내주요거점역":10,
            "1시간거점역이름":"['강남', '역삼', '잠실', '여의도', '을지로입구', '을지로3가', '양재', '왕십리', '홍대입구', '명동']",
            "3km이내백화점수":2,
            "5km이내아울렛몰수":0,
            "1km이내대형먀트수":1,
            "500m이내은행수":5,
            "500m이내병원수":0,
            "5km이내대형병원수":5,
            "500m이내공원수":4,
            "3km이내혐오시설수":0,
            "초등학교학업성취도":90.0,
            "중학교학업성취도":74.4,
            "용적률":499,
            "건폐율":57,
            "Y":37.632073,
            "X":127.022532,
            "rank":22.0,
            "area_info":"5평(16.8), 5평(16.79), 5평(17.25), 5평(17.04)",
            "last_sales":"2021-12-24,9000.0,5평(17.25)",
            "rank_history":[
                [
                    "202202",
                    22
                ],
                [
                    "202201",
                    23
                ]
            ],
            "rank_gap":1
        },
        {
            "index":187,
            "아파트명":"수유프리미어엠(도시형)",
            "투자타입":"일반",
            "전용면적(m2)":"22.59",
            "전용면적(평)":"6평",
            "법정동주소":"서울시 강북구 수유동 48-8",
            "도로명주소":"서울시 강북구 덕릉로 76",
            "세대수":0,
            "입주년차":80,
            "용적률점수":"--",
            "건폐율점수":"--",
            "세대당주차수":0,
            "난방방식":30,
            "공급면적":"--",
            "전용률":"--",
            "욕실수":50,
            "현관타입":10,
            "주거총점":25.0,
            "지역구공급총점":100.0,
            "역세권":80,
            "30분내 이동가능 거점":0,
            "1시간내 이동가능 거점":100,
            "교통총점":60.0,
            "백화점":100,
            "아울렛몰":0,
            "대형마트":0,
            "은행":100,
            "병원":0,
            "종합병원":100,
            "공원":100,
            "혐오시설":0,
            "인프라총점":63.0,
            "초등학군":90.0,
            "중학군":45.36,
            "학군총점":54.288,
            "인구수":32.45,
            "인구증감":-13.19,
            "인구총점":18.758,
            "일자리":11.18,
            "소득수준":45.8,
            "일자리총점":21.566,
            "가치 총점":53.0432,
            "매매실거래년":20210225.0,
            "매매실거래가":14200.0,
            "전세실거래년":null,
            "전세실거래가":null,
            "전세가율":null,
            "장기전세가율평균":67.7,
            "전세가율거품지수":null,
            "검색코드":114671,
            "세대수":110.0,
            "준공년월":"2016-12-28",
            "준공년차":7.0,
            "가까운역이름":"화계",
            "가까운역거리":411.15,
            "역세권여부":"역세권",
            "30분이내주요거점역":0,
            "30분거점역이름":"[]",
            "1시간이내주요거점역":10,
            "1시간거점역이름":"['강남', '역삼', '잠실', '여의도', '을지로입구', '을지로3가', '양재', '왕십리', '홍대입구', '명동']",
            "3km이내백화점수":2,
            "5km이내아울렛몰수":0,
            "1km이내대형먀트수":0,
            "500m이내은행수":6,
            "500m이내병원수":0,
            "5km이내대형병원수":4,
            "500m이내공원수":5,
            "3km이내혐오시설수":0,
            "초등학교학업성취도":90.0,
            "중학교학업성취도":74.4,
            "용적률":649,
            "건폐율":59,
            "Y":37.63439,
            "X":127.022159,
            "rank":23.0,
            "area_info":"6평(22.59), 7평(25.15), 8평(27.3), 8평(28.37), 10평(34.94)",
            "last_sales":"2021-02-25,14200.0,8평(28.37)",
            "rank_history":[
                [
                    "202202",
                    23
                ],
                [
                    "202201",
                    21
                ]
            ],
            "rank_gap":-2
        },
        {
            "index":83,
            "아파트명":"삼각산아이원",
            "투자타입":"일반",
            "전용면적(m2)":"79.4",
            "전용면적(평)":"24평",
            "법정동주소":"서울시 강북구 미아동 1357",
            "도로명주소":"서울시 강북구 삼양로19길 113",
            "세대수":90,
            "입주년차":20,
            "용적률점수":"--",
            "건폐율점수":"--",
            "세대당주차수":30,
            "난방방식":30,
            "공급면적":"--",
            "전용률":"--",
            "욕실수":50,
            "현관타입":100,
            "주거총점":58.0,
            "지역구공급총점":100.0,
            "역세권":50,
            "30분내 이동가능 거점":0,
            "1시간내 이동가능 거점":70,
            "교통총점":39.0,
            "백화점":100,
            "아울렛몰":0,
            "대형마트":0,
            "은행":0,
            "병원":0,
            "종합병원":100,
            "공원":100,
            "혐오시설":0,
            "인프라총점":53.0,
            "초등학군":89.99,
            "중학군":53.6,
            "학군총점":60.878,
            "인구수":32.45,
            "인구증감":-13.19,
            "인구총점":18.758,
            "일자리":11.18,
            "소득수준":45.8,
            "일자리총점":21.566,
            "가치 총점":50.2817,
            "매매실거래년":20211022.0,
            "매매실거래가":89900.0,
            "전세실거래년":20220103.0,
            "전세실거래가":34650.0,
            "전세가율":43.86,
            "장기전세가율평균":67.7,
            "전세가율거품지수":23.84,
            "검색코드":8206,
            "세대수":1344.0,
            "준공년월":"2003-12-30",
            "준공년차":20.0,
            "가까운역이름":"삼양사거리",
            "가까운역거리":689.37,
            "역세권여부":"준역세권",
            "30분이내주요거점역":0,
            "30분거점역이름":"[]",
            "1시간이내주요거점역":7,
            "1시간거점역이름":"['강남', '여의도', '을지로입구', '을지로3가', '왕십리', '홍대입구', '명동']",
            "3km이내백화점수":2,
            "5km이내아울렛몰수":0,
            "1km이내대형먀트수":0,
            "500m이내은행수":0,
            "500m이내병원수":0,
            "5km이내대형병원수":7,
            "500m이내공원수":4,
            "3km이내혐오시설수":0,
            "초등학교학업성취도":89.99,
            "중학교학업성취도":88.0,
            "용적률":256,
            "건폐율":16,
            "Y":37.615672,
            "X":127.017853,
            "rank":24.0,
            "area_info":"24평(79.4), 31평(105.19), 41평(137.59)",
            "last_sales":"2021-10-22,89900.0,31평(105.19)",
            "rank_history":[
                [
                    "202202",
                    24
                ],
                [
                    "202201",
                    25
                ]
            ],
            "rank_gap":1
        },
        {
            "index":102,
            "아파트명":"수유지웰에스테이트(도시형)",
            "투자타입":"일반",
            "전용면적(m2)":"21.73",
            "전용면적(평)":"6평",
            "법정동주소":"서울시 강북구 미아동 1363",
            "도로명주소":"서울시 강북구 도봉로76길 48",
            "세대수":0,
            "입주년차":80,
            "용적률점수":"--",
            "건폐율점수":"--",
            "세대당주차수":0,
            "난방방식":30,
            "공급면적":"--",
            "전용률":"--",
            "욕실수":50,
            "현관타입":10,
            "주거총점":25.0,
            "지역구공급총점":100.0,
            "역세권":50,
            "30분내 이동가능 거점":20,
            "1시간내 이동가능 거점":100,
            "교통총점":51.0,
            "백화점":100,
            "아울렛몰":0,
            "대형마트":0,
            "은행":100,
            "병원":0,
            "종합병원":100,
            "공원":100,
            "혐오시설":0,
            "인프라총점":63.0,
            "초등학군":90.0,
            "중학군":45.36,
            "학군총점":54.288,
            "인구수":32.45,
            "인구증감":-13.19,
            "인구총점":18.758,
            "일자리":11.18,
            "소득수준":45.8,
            "일자리총점":21.566,
            "가치 총점":49.8932,
            "매매실거래년":"18000101",
            "매매실거래가":null,
            "전세실거래년":null,
            "전세실거래가":null,
            "전세가율":null,
            "장기전세가율평균":67.7,
            "전세가율거품지수":null,
            "검색코드":111970,
            "세대수":210.0,
            "준공년월":"2015-01-08",
            "준공년차":8.0,
            "가까운역이름":"수유",
            "가까운역거리":542.92,
            "역세권여부":"준역세권",
            "30분이내주요거점역":1,
            "30분거점역이름":"['왕십리']",
            "1시간이내주요거점역":10,
            "1시간거점역이름":"['강남', '역삼', '잠실', '여의도', '을지로입구', '을지로3가', '양재', '왕십리', '홍대입구', '명동']",
            "3km이내백화점수":2,
            "5km이내아울렛몰수":0,
            "1km이내대형먀트수":0,
            "500m이내은행수":6,
            "500m이내병원수":0,
            "5km이내대형병원수":6,
            "500m이내공원수":3,
            "3km이내혐오시설수":0,
            "초등학교학업성취도":90.0,
            "중학교학업성취도":74.4,
            "용적률":191,
            "건폐율":53,
            "Y":37.633215,
            "X":127.026573,
            "rank":25.0,
            "area_info":"6평(21.73), 7평(26.27), 9평(32.23)",
            "last_sales":"1800-01-01,nan,6평(21.73)",
            "rank_history":[
                [
                    "202202",
                    25
                ],
                [
                    "202201",
                    24
                ]
            ],
            "rank_gap":-1
        },
        {
            "index":34,
            "아파트명":"대성",
            "투자타입":"재건축",
            "전용면적(m2)":"56.58",
            "전용면적(평)":"17평",
            "법정동주소":"서울시 강북구 미아동 258-601",
            "도로명주소":"서울시 강북구 오패산로 260",
            "세대수":0,
            "입주년차":"--",
            "용적률점수":0,
            "건폐율점수":0,
            "세대당주차수":"--",
            "난방방식":"--",
            "공급면적":50,
            "전용률":40,
            "욕실수":"--",
            "현관타입":"--",
            "주거총점":4.5,
            "지역구공급총점":100.0,
            "역세권":50,
            "30분내 이동가능 거점":40,
            "1시간내 이동가능 거점":90,
            "교통총점":55.0,
            "백화점":100,
            "아울렛몰":0,
            "대형마트":80,
            "은행":70,
            "병원":0,
            "종합병원":100,
            "공원":100,
            "혐오시설":-50,
            "인프라총점":71.0,
            "초등학군":89.98,
            "중학군":45.36,
            "학군총점":54.284,
            "인구수":32.45,
            "인구증감":-13.19,
            "인구총점":18.758,
            "일자리":11.18,
            "소득수준":45.8,
            "일자리총점":21.566,
            "가치 총점":49.5926,
            "매매실거래년":"18000101",
            "매매실거래가":null,
            "전세실거래년":null,
            "전세실거래가":null,
            "전세가율":null,
            "장기전세가율평균":67.7,
            "전세가율거품지수":null,
            "검색코드":25042,
            "세대수":168.0,
            "준공년월":"1987-12-31",
            "준공년차":36.0,
            "가까운역이름":"미아",
            "가까운역거리":500.23,
            "역세권여부":"준역세권",
            "30분이내주요거점역":2,
            "30분거점역이름":"['왕십리', '명동']",
            "1시간이내주요거점역":9,
            "1시간거점역이름":"['강남', '잠실', '여의도', '을지로입구', '을지로3가', '양재', '왕십리', '홍대입구', '명동']",
            "3km이내백화점수":2,
            "5km이내아울렛몰수":0,
            "1km이내대형먀트수":1,
            "500m이내은행수":3,
            "500m이내병원수":0,
            "5km이내대형병원수":8,
            "500m이내공원수":4,
            "3km이내혐오시설수":1,
            "초등학교학업성취도":89.98,
            "중학교학업성취도":74.4,
            "용적률":0,
            "건폐율":0,
            "Y":37.624683,
            "X":127.031079,
            "rank":26.0,
            "area_info":"17평(56.58), 19평(63.78), 20평(66.66), 25평(84.54), 26평(85.98)",
            "last_sales":"1800-01-01,nan,17평(56.58)",
            "rank_history":[
                [
                    "202202",
                    26
                ],
                [
                    "202201",
                    26
                ]
            ],
            "rank_gap":0
        },
        {
            "index":68,
            "아파트명":"미아요진",
            "투자타입":"일반",
            "전용면적(m2)":"76.09",
            "전용면적(평)":"23평",
            "법정동주소":"서울시 강북구 미아동 152",
            "도로명주소":"서울시 강북구 도봉로76길 52",
            "세대수":0,
            "입주년차":40,
            "용적률점수":"--",
            "건폐율점수":"--",
            "세대당주차수":0,
            "난방방식":30,
            "공급면적":"--",
            "전용률":"--",
            "욕실수":50,
            "현관타입":100,
            "주거총점":26.0,
            "지역구공급총점":100.0,
            "역세권":50,
            "30분내 이동가능 거점":0,
            "1시간내 이동가능 거점":100,
            "교통총점":45.0,
            "백화점":100,
            "아울렛몰":0,
            "대형마트":0,
            "은행":100,
            "병원":0,
            "종합병원":100,
            "공원":100,
            "혐오시설":0,
            "인프라총점":63.0,
            "초등학군":90.0,
            "중학군":45.36,
            "학군총점":54.288,
            "인구수":32.45,
            "인구증감":-13.19,
            "인구총점":18.758,
            "일자리":11.18,
            "소득수준":45.8,
            "일자리총점":21.566,
            "가치 총점":47.9932,
            "매매실거래년":20210720.0,
            "매매실거래가":50000.0,
            "전세실거래년":20210427.0,
            "전세실거래가":34000.0,
            "전세가율":68.0,
            "장기전세가율평균":67.7,
            "전세가율거품지수":-0.3,
            "검색코드":3888,
            "세대수":123.0,
            "준공년월":"2005-07-05",
            "준공년차":18.0,
            "가까운역이름":"수유",
            "가까운역거리":529.76,
            "역세권여부":"준역세권",
            "30분이내주요거점역":0,
            "30분거점역이름":"[]",
            "1시간이내주요거점역":10,
            "1시간거점역이름":"['강남', '역삼', '잠실', '여의도', '을지로입구', '을지로3가', '양재', '왕십리', '홍대입구', '명동']",
            "3km이내백화점수":2,
            "5km이내아울렛몰수":0,
            "1km이내대형먀트수":0,
            "500m이내은행수":6,
            "500m이내병원수":0,
            "5km이내대형병원수":6,
            "500m이내공원수":3,
            "3km이내혐오시설수":0,
            "초등학교학업성취도":90.0,
            "중학교학업성취도":74.4,
            "용적률":242,
            "건폐율":0,
            "Y":37.63338,
            "X":127.02691,
            "rank":27.0,
            "area_info":"23평(76.09), 23평(76.55), 32평(108.13), 32평(108.76), 32평(108.66)",
            "last_sales":"2021-07-20,50000.0,23평(76.09)",
            "rank_history":[
                [
                    "202202",
                    27
                ],
                [
                    "202201",
                    27
                ]
            ],
            "rank_gap":0
        },
        {
            "index":148,
            "아파트명":"수유역두산위브1",
            "투자타입":"일반",
            "전용면적(m2)":"112.4",
            "전용면적(평)":"34평",
            "법정동주소":"서울시 강북구 번동 410",
            "도로명주소":"서울시 강북구 덕릉로41길 12",
            "세대수":0,
            "입주년차":60,
            "용적률점수":"--",
            "건폐율점수":"--",
            "세대당주차수":30,
            "난방방식":30,
            "공급면적":"--",
            "전용률":"--",
            "욕실수":100,
            "현관타입":100,
            "주거총점":39.5,
            "지역구공급총점":100.0,
            "역세권":50,
            "30분내 이동가능 거점":0,
            "1시간내 이동가능 거점":90,
            "교통총점":43.0,
            "백화점":100,
            "아울렛몰":0,
            "대형마트":0,
            "은행":0,
            "병원":0,
            "종합병원":100,
            "공원":100,
            "혐오시설":0,
            "인프라총점":53.0,
            "초등학군":89.99,
            "중학군":36.72,
            "학군총점":47.374,
            "인구수":32.45,
            "인구증감":-13.19,
            "인구총점":18.758,
            "일자리":11.18,
            "소득수준":45.8,
            "일자리총점":21.566,
            "가치 총점":45.9561,
            "매매실거래년":20220114.0,
            "매매실거래가":82500.0,
            "전세실거래년":20211207.0,
            "전세실거래가":38500.0,
            "전세가율":46.67,
            "장기전세가율평균":67.7,
            "전세가율거품지수":21.03,
            "검색코드":27729,
            "세대수":193.0,
            "준공년월":"2009-06-29",
            "준공년차":14.0,
            "가까운역이름":"수유",
            "가까운역거리":566.57,
            "역세권여부":"준역세권",
            "30분이내주요거점역":0,
            "30분거점역이름":"[]",
            "1시간이내주요거점역":9,
            "1시간거점역이름":"['강남', '잠실', '여의도', '을지로입구', '을지로3가', '양재', '왕십리', '홍대입구', '명동']",
            "3km이내백화점수":1,
            "5km이내아울렛몰수":0,
            "1km이내대형먀트수":0,
            "500m이내은행수":0,
            "500m이내병원수":0,
            "5km이내대형병원수":6,
            "500m이내공원수":3,
            "3km이내혐오시설수":0,
            "초등학교학업성취도":89.99,
            "중학교학업성취도":60.2,
            "용적률":251,
            "건폐율":21,
            "Y":37.635833,
            "X":127.031524,
            "rank":28.0,
            "area_info":"34평(112.4), 34평(112.4)",
            "last_sales":"2022-01-14,82500.0,34평(112.4)",
            "rank_history":[
                [
                    "202202",
                    28
                ],
                [
                    "202201",
                    28
                ]
            ],
            "rank_gap":0
        },
        {
            "index":175,
            "아파트명":"수유벽산1차",
            "투자타입":"일반",
            "전용면적(m2)":"84.85",
            "전용면적(평)":"25평",
            "법정동주소":"서울시 강북구 수유동 205",
            "도로명주소":"서울시 강북구 삼각산로 143-1",
            "세대수":90,
            "입주년차":0,
            "용적률점수":"--",
            "건폐율점수":"--",
            "세대당주차수":0,
            "난방방식":30,
            "공급면적":"--",
            "전용률":"--",
            "욕실수":50,
            "현관타입":10,
            "주거총점":40.5,
            "지역구공급총점":100.0,
            "역세권":80,
            "30분내 이동가능 거점":0,
            "1시간내 이동가능 거점":70,
            "교통총점":54.0,
            "백화점":0,
            "아울렛몰":0,
            "대형마트":80,
            "은행":0,
            "병원":0,
            "종합병원":100,
            "공원":100,
            "혐오시설":0,
            "인프라총점":35.0,
            "초등학군":89.98,
            "중학군":45.92,
            "학군총점":54.732,
            "인구수":32.45,
            "인구증감":-13.19,
            "인구총점":18.758,
            "일자리":11.18,
            "소득수준":45.8,
            "일자리총점":21.566,
            "가치 총점":45.7098,
            "매매실거래년":20211127.0,
            "매매실거래가":55000.0,
            "전세실거래년":20220117.0,
            "전세실거래가":26000.0,
            "전세가율":47.27,
            "장기전세가율평균":67.7,
            "전세가율거품지수":20.43,
            "검색코드":1344,
            "세대수":1454.0,
            "준공년월":"1993-11-17",
            "준공년차":30.0,
            "가까운역이름":"가오리",
            "가까운역거리":235.95,
            "역세권여부":"역세권",
            "30분이내주요거점역":0,
            "30분거점역이름":"[]",
            "1시간이내주요거점역":7,
            "1시간거점역이름":"['잠실', '여의도', '을지로입구', '을지로3가', '왕십리', '홍대입구', '명동']",
            "3km이내백화점수":0,
            "5km이내아울렛몰수":0,
            "1km이내대형먀트수":1,
            "500m이내은행수":1,
            "500m이내병원수":0,
            "5km이내대형병원수":4,
            "500m이내공원수":4,
            "3km이내혐오시설수":0,
            "초등학교학업성취도":89.98,
            "중학교학업성취도":75.2,
            "용적률":233,
            "건폐율":21,
            "Y":37.642336,
            "X":127.019349,
            "rank":29.0,
            "area_info":"25평(84.85), 31평(104.9), 31평(105.14), 42평(141.24)",
            "last_sales":"2021-11-27,55000.0,31평(105.14)",
            "rank_history":[
                [
                    "202202",
                    29
                ],
                [
                    "202201",
                    32
                ]
            ],
            "rank_gap":3
        },
        {
            "index":127,
            "아파트명":"번동주공1단지",
            "투자타입":"재건축",
            "전용면적(m2)":"58.37",
            "전용면적(평)":"17평",
            "법정동주소":"서울시 강북구 번동 242",
            "도로명주소":"서울시 강북구 한천로105길 23",
            "세대수":90,
            "입주년차":"--",
            "용적률점수":80,
            "건폐율점수":100,
            "세대당주차수":"--",
            "난방방식":"--",
            "공급면적":50,
            "전용률":60,
            "욕실수":"--",
            "현관타입":"--",
            "주거총점":84.5,
            "지역구공급총점":100.0,
            "역세권":0,
            "30분내 이동가능 거점":0,
            "1시간내 이동가능 거점":70,
            "교통총점":14.0,
            "백화점":100,
            "아울렛몰":0,
            "대형마트":0,
            "은행":0,
            "병원":0,
            "종합병원":100,
            "공원":100,
            "혐오시설":-100,
            "인프라총점":51.0,
            "초등학군":90.01,
            "중학군":42.66,
            "학군총점":52.13,
            "인구수":32.45,
            "인구증감":-13.19,
            "인구총점":18.758,
            "일자리":11.18,
            "소득수준":45.8,
            "일자리총점":21.566,
            "가치 총점":44.9195,
            "매매실거래년":20210904.0,
            "매매실거래가":60000.0,
            "전세실거래년":20220112.0,
            "전세실거래가":23000.0,
            "전세가율":38.33,
            "장기전세가율평균":67.7,
            "전세가율거품지수":29.37,
            "검색코드":1337,
            "세대수":1430.0,
            "준공년월":"1991-05-18",
            "준공년차":32.0,
            "가까운역이름":"광운대",
            "가까운역거리":1287.87,
            "역세권여부":"비역세권",
            "30분이내주요거점역":0,
            "30분거점역이름":"[]",
            "1시간이내주요거점역":7,
            "1시간거점역이름":"['역삼', '여의도', '을지로입구', '을지로3가', '왕십리', '홍대입구', '명동']",
            "3km이내백화점수":2,
            "5km이내아울렛몰수":0,
            "1km이내대형먀트수":0,
            "500m이내은행수":0,
            "500m이내병원수":0,
            "5km이내대형병원수":10,
            "500m이내공원수":2,
            "3km이내혐오시설수":2,
            "초등학교학업성취도":90.01,
            "중학교학업성취도":69.7,
            "용적률":156,
            "건폐율":14,
            "Y":37.62475,
            "X":127.04728,
            "rank":30.0,
            "area_info":"17평(58.37), 18평(60.33), 21평(72.15), 22평(74.53), 25평(85.78), 30평(100.72), 31평(105.49)",
            "last_sales":"2021-09-04,60000.0,17평(58.37)",
            "rank_history":[
                [
                    "202202",
                    30
                ],
                [
                    "202201",
                    30
                ]
            ],
            "rank_gap":0
        },
        {
            "index":134,
            "아파트명":"번동주공4단지",
            "투자타입":"재건축",
            "전용면적(m2)":"57.15",
            "전용면적(평)":"17평",
            "법정동주소":"서울시 강북구 번동 234",
            "도로명주소":"서울시 강북구 오현로 207",
            "세대수":90,
            "입주년차":"--",
            "용적률점수":100,
            "건폐율점수":100,
            "세대당주차수":"--",
            "난방방식":"--",
            "공급면적":50,
            "전용률":60,
            "욕실수":"--",
            "현관타입":"--",
            "주거총점":92.5,
            "지역구공급총점":100.0,
            "역세권":0,
            "30분내 이동가능 거점":0,
            "1시간내 이동가능 거점":40,
            "교통총점":8.0,
            "백화점":100,
            "아울렛몰":0,
            "대형마트":0,
            "은행":0,
            "병원":0,
            "종합병원":100,
            "공원":80,
            "혐오시설":0,
            "인프라총점":52.4,
            "초등학군":89.99,
            "중학군":41.52,
            "학군총점":51.214,
            "인구수":32.45,
            "인구증감":-13.19,
            "인구총점":18.758,
            "일자리":11.18,
            "소득수준":45.8,
            "일자리총점":21.566,
            "가치 총점":44.7021,
            "매매실거래년":20210916.0,
            "매매실거래가":79000.0,
            "전세실거래년":20211118.0,
            "전세실거래가":14175.0,
            "전세가율":26.59,
            "장기전세가율평균":67.7,
            "전세가율거품지수":41.11,
            "검색코드":1302,
            "세대수":900.0,
            "준공년월":"1991-04-23",
            "준공년차":32.0,
            "가까운역이름":"미아",
            "가까운역거리":1247.58,
            "역세권여부":"비역세권",
            "30분이내주요거점역":0,
            "30분거점역이름":"[]",
            "1시간이내주요거점역":4,
            "1시간거점역이름":"['을지로입구', '을지로3가', '왕십리', '명동']",
            "3km이내백화점수":2,
            "5km이내아울렛몰수":0,
            "1km이내대형먀트수":0,
            "500m이내은행수":1,
            "500m이내병원수":0,
            "5km이내대형병원수":6,
            "500m이내공원수":1,
            "3km이내혐오시설수":0,
            "초등학교학업성취도":89.99,
            "중학교학업성취도":67.8,
            "용적률":140,
            "건폐율":9,
            "Y":37.631064,
            "X":127.039018,
            "rank":31.0,
            "area_info":"17평(57.15), 17평(59.04), 22평(72.95), 23평(77.89), 28평(94.25), 31평(104.45)",
            "last_sales":"2021-09-16,79000.0,31평(104.45)",
            "rank_history":[
                [
                    "202202",
                    31
                ],
                [
                    "202201",
                    29
                ]
            ],
            "rank_gap":-2
        },
        {
            "index":172,
            "아파트명":"수유래미안",
            "투자타입":"일반",
            "전용면적(m2)":"82.5",
            "전용면적(평)":"24평",
            "법정동주소":"서울시 강북구 수유동 730",
            "도로명주소":"서울시 강북구 한천로159길 8",
            "세대수":50,
            "입주년차":20,
            "용적률점수":"--",
            "건폐율점수":"--",
            "세대당주차수":30,
            "난방방식":30,
            "공급면적":"--",
            "전용률":"--",
            "욕실수":50,
            "현관타입":10,
            "주거총점":35.0,
            "지역구공급총점":100.0,
            "역세권":80,
            "30분내 이동가능 거점":0,
            "1시간내 이동가능 거점":70,
            "교통총점":54.0,
            "백화점":0,
            "아울렛몰":0,
            "대형마트":80,
            "은행":0,
            "병원":0,
            "종합병원":100,
            "공원":100,
            "혐오시설":0,
            "인프라총점":35.0,
            "초등학군":89.98,
            "중학군":39.08,
            "학군총점":49.26,
            "인구수":32.45,
            "인구증감":-13.19,
            "인구총점":18.758,
            "일자리":11.18,
            "소득수준":45.8,
            "일자리총점":21.566,
            "가치 총점":43.789,
            "매매실거래년":20220110.0,
            "매매실거래가":84500.0,
            "전세실거래년":20211013.0,
            "전세실거래가":40000.0,
            "전세가율":61.54,
            "장기전세가율평균":67.7,
            "전세가율거품지수":6.16,
            "검색코드":3132,
            "세대수":690.0,
            "준공년월":"2001-11-29",
            "준공년차":22.0,
            "가까운역이름":"가오리",
            "가까운역거리":371.25,
            "역세권여부":"역세권",
            "30분이내주요거점역":0,
            "30분거점역이름":"[]",
            "1시간이내주요거점역":7,
            "1시간거점역이름":"['잠실', '여의도', '을지로입구', '을지로3가', '왕십리', '홍대입구', '명동']",
            "3km이내백화점수":0,
            "5km이내아울렛몰수":0,
            "1km이내대형먀트수":1,
            "500m이내은행수":0,
            "500m이내병원수":0,
            "5km이내대형병원수":4,
            "500m이내공원수":4,
            "3km이내혐오시설수":0,
            "초등학교학업성취도":89.98,
            "중학교학업성취도":64.2,
            "용적률":241,
            "건폐율":21,
            "Y":37.644937,
            "X":127.01783,
            "rank":32.0,
            "area_info":"24평(82.5), 32평(107.69), 43평(145.01)",
            "last_sales":"2022-01-10,84500.0,32평(107.69)",
            "rank_history":[
                [
                    "202202",
                    32
                ],
                [
                    "202201",
                    33
                ]
            ],
            "rank_gap":1
        },
        {
            "index":192,
            "아파트명":"수유현대",
            "투자타입":"일반",
            "전용면적(m2)":"66.25",
            "전용면적(평)":"20평",
            "법정동주소":"서울시 강북구 수유동 729",
            "도로명주소":"서울시 강북구 한천로 1131",
            "세대수":0,
            "입주년차":20,
            "용적률점수":"--",
            "건폐율점수":"--",
            "세대당주차수":0,
            "난방방식":30,
            "공급면적":"--",
            "전용률":"--",
            "욕실수":50,
            "현관타입":10,
            "주거총점":13.0,
            "지역구공급총점":100.0,
            "역세권":80,
            "30분내 이동가능 거점":20,
            "1시간내 이동가능 거점":90,
            "교통총점":64.0,
            "백화점":0,
            "아울렛몰":0,
            "대형마트":80,
            "은행":0,
            "병원":0,
            "종합병원":100,
            "공원":100,
            "혐오시설":0,
            "인프라총점":35.0,
            "초등학군":89.98,
            "중학군":45.92,
            "학군총점":54.732,
            "인구수":32.45,
            "인구증감":-13.19,
            "인구총점":18.758,
            "일자리":11.18,
            "소득수준":45.8,
            "일자리총점":21.566,
            "가치 총점":43.7098,
            "매매실거래년":20210827.0,
            "매매실거래가":40000.0,
            "전세실거래년":20200818.0,
            "전세실거래가":23000.0,
            "전세가율":57.5,
            "장기전세가율평균":67.7,
            "전세가율거품지수":10.2,
            "검색코드":3133,
            "세대수":110.0,
            "준공년월":"2000-07-10",
            "준공년차":23.0,
            "가까운역이름":"가오리",
            "가까운역거리":444.34,
            "역세권여부":"역세권",
            "30분이내주요거점역":1,
            "30분거점역이름":"['명동']",
            "1시간이내주요거점역":9,
            "1시간거점역이름":"['강남', '잠실', '여의도', '을지로입구', '을지로3가', '양재', '왕십리', '홍대입구', '명동']",
            "3km이내백화점수":0,
            "5km이내아울렛몰수":0,
            "1km이내대형먀트수":1,
            "500m이내은행수":0,
            "500m이내병원수":0,
            "5km이내대형병원수":4,
            "500m이내공원수":3,
            "3km이내혐오시설수":0,
            "초등학교학업성취도":89.98,
            "중학교학업성취도":75.2,
            "용적률":397,
            "건폐율":29,
            "Y":37.64541,
            "X":127.01867,
            "rank":33.0,
            "area_info":"20평(66.25), 23평(76.94), 23평(77.09), 31평(105.21), 32평(106.57), 32평(108.97)",
            "last_sales":"2021-08-27,40000.0,20평(66.25)",
            "rank_history":[
                [
                    "202202",
                    33
                ],
                [
                    "202201",
                    34
                ]
            ],
            "rank_gap":1
        },
        {
            "index":168,
            "아파트명":"극동",
            "투자타입":"재건축",
            "전용면적(m2)":"90.78",
            "전용면적(평)":"27평",
            "법정동주소":"서울시 강북구 수유동 553-61",
            "도로명주소":"서울시 강북구 인수봉로72길 4",
            "세대수":50,
            "입주년차":"--",
            "용적률점수":0,
            "건폐율점수":80,
            "세대당주차수":"--",
            "난방방식":"--",
            "공급면적":70,
            "전용률":60,
            "욕실수":"--",
            "현관타입":"--",
            "주거총점":37.5,
            "지역구공급총점":100.0,
            "역세권":80,
            "30분내 이동가능 거점":0,
            "1시간내 이동가능 거점":60,
            "교통총점":52.0,
            "백화점":0,
            "아울렛몰":0,
            "대형마트":80,
            "은행":0,
            "병원":0,
            "종합병원":100,
            "공원":100,
            "혐오시설":0,
            "인프라총점":35.0,
            "초등학군":89.99,
            "중학군":39.08,
            "학군총점":49.262,
            "인구수":32.45,
            "인구증감":-13.19,
            "인구총점":18.758,
            "일자리":11.18,
            "소득수준":45.8,
            "일자리총점":21.566,
            "가치 총점":43.5893,
            "매매실거래년":20210914.0,
            "매매실거래가":75500.0,
            "전세실거래년":20201017.0,
            "전세실거래가":32500.0,
            "전세가율":59.52,
            "장기전세가율평균":67.7,
            "전세가율거품지수":8.18,
            "검색코드":1343,
            "세대수":574.0,
            "준공년월":"1992-03-23",
            "준공년차":31.0,
            "가까운역이름":"가오리",
            "가까운역거리":426.86,
            "역세권여부":"역세권",
            "30분이내주요거점역":0,
            "30분거점역이름":"[]",
            "1시간이내주요거점역":6,
            "1시간거점역이름":"['잠실', '여의도', '을지로입구', '을지로3가', '왕십리', '명동']",
            "3km이내백화점수":0,
            "5km이내아울렛몰수":0,
            "1km이내대형먀트수":1,
            "500m이내은행수":0,
            "500m이내병원수":0,
            "5km이내대형병원수":3,
            "500m이내공원수":2,
            "3km이내혐오시설수":0,
            "초등학교학업성취도":89.99,
            "중학교학업성취도":64.2,
            "용적률":331,
            "건폐율":28,
            "Y":37.641959,
            "X":127.011955,
            "rank":34.0,
            "area_info":"27평(90.78), 31평(104.99), 47평(156.13), 55평(182.73)",
            "last_sales":"2021-09-14,75500.0,55평(182.73)",
            "rank_history":[
                [
                    "202202",
                    34
                ],
                [
                    "202201",
                    36
                ]
            ],
            "rank_gap":2
        },
        {
            "index":144,
            "아파트명":"삼성",
            "투자타입":"일반",
            "전용면적(m2)":"80.6",
            "전용면적(평)":"24평",
            "법정동주소":"서울시 강북구 번동 470-1",
            "도로명주소":"서울시 강북구 도봉로98길 33",
            "세대수":0,
            "입주년차":0,
            "용적률점수":"--",
            "건폐율점수":"--",
            "세대당주차수":0,
            "난방방식":30,
            "공급면적":"--",
            "전용률":"--",
            "욕실수":50,
            "현관타입":100,
            "주거총점":18.0,
            "지역구공급총점":100.0,
            "역세권":50,
            "30분내 이동가능 거점":0,
            "1시간내 이동가능 거점":90,
            "교통총점":43.0,
            "백화점":100,
            "아울렛몰":0,
            "대형마트":0,
            "은행":20,
            "병원":0,
            "종합병원":100,
            "공원":100,
            "혐오시설":0,
            "인프라총점":55.0,
            "초등학군":89.99,
            "중학군":36.72,
            "학군총점":47.374,
            "인구수":32.45,
            "인구증감":-13.19,
            "인구총점":18.758,
            "일자리":11.18,
            "소득수준":45.8,
            "일자리총점":21.566,
            "가치 총점":42.2561,
            "매매실거래년":20211222.0,
            "매매실거래가":70000.0,
            "전세실거래년":20211029.0,
            "전세실거래가":27000.0,
            "전세가율":49.09,
            "장기전세가율평균":67.7,
            "전세가율거품지수":18.61,
            "검색코드":3131,
            "세대수":228.0,
            "준공년월":"1998-12-03",
            "준공년차":25.0,
            "가까운역이름":"수유",
            "가까운역거리":657.15,
            "역세권여부":"준역세권",
            "30분이내주요거점역":0,
            "30분거점역이름":"[]",
            "1시간이내주요거점역":9,
            "1시간거점역이름":"['강남', '역삼', '잠실', '여의도', '을지로입구', '을지로3가', '왕십리', '홍대입구', '명동']",
            "3km이내백화점수":1,
            "5km이내아울렛몰수":0,
            "1km이내대형먀트수":0,
            "500m이내은행수":2,
            "500m이내병원수":0,
            "5km이내대형병원수":5,
            "500m이내공원수":3,
            "3km이내혐오시설수":0,
            "초등학교학업성취도":89.99,
            "중학교학업성취도":60.2,
            "용적률":348,
            "건폐율":28,
            "Y":37.641466,
            "X":127.031824,
            "rank":35.0,
            "area_info":"24평(80.6), 32평(108.32)",
            "last_sales":"2021-12-22,70000.0,32평(108.32)",
            "rank_history":[
                [
                    "202202",
                    35
                ],
                [
                    "202201",
                    31
                ]
            ],
            "rank_gap":-4
        },
        {
            "index":203,
            "아파트명":"성원",
            "투자타입":"재건축",
            "전용면적(m2)":"86.11",
            "전용면적(평)":"26평",
            "법정동주소":"서울시 강북구 우이동 1",
            "도로명주소":"서울시 강북구 삼양로 658",
            "세대수":0,
            "입주년차":"--",
            "용적률점수":60,
            "건폐율점수":80,
            "세대당주차수":"--",
            "난방방식":"--",
            "공급면적":70,
            "전용률":80,
            "욕실수":"--",
            "현관타입":"--",
            "주거총점":47.5,
            "지역구공급총점":100.0,
            "역세권":80,
            "30분내 이동가능 거점":0,
            "1시간내 이동가능 거점":60,
            "교통총점":52.0,
            "백화점":0,
            "아울렛몰":0,
            "대형마트":0,
            "은행":0,
            "병원":0,
            "종합병원":100,
            "공원":0,
            "혐오시설":0,
            "인프라총점":20.0,
            "초등학군":90.0,
            "중학군":42.3,
            "학군총점":51.84,
            "인구수":32.45,
            "인구증감":-13.19,
            "인구총점":18.758,
            "일자리":11.18,
            "소득수준":45.8,
            "일자리총점":21.566,
            "가치 총점":41.476,
            "매매실거래년":20211214.0,
            "매매실거래가":45500.0,
            "전세실거래년":20200717.0,
            "전세실거래가":28000.0,
            "전세가율":61.54,
            "장기전세가율평균":67.7,
            "전세가율거품지수":6.16,
            "검색코드":1011,
            "세대수":262.0,
            "준공년월":"1990-10-19",
            "준공년차":33.0,
            "가까운역이름":"북한산우이",
            "가까운역거리":176.52,
            "역세권여부":"역세권",
            "30분이내주요거점역":0,
            "30분거점역이름":"[]",
            "1시간이내주요거점역":6,
            "1시간거점역이름":"['잠실', '여의도', '을지로입구', '을지로3가', '왕십리', '명동']",
            "3km이내백화점수":0,
            "5km이내아울렛몰수":0,
            "1km이내대형먀트수":0,
            "500m이내은행수":1,
            "500m이내병원수":0,
            "5km이내대형병원수":3,
            "500m이내공원수":0,
            "3km이내혐오시설수":0,
            "초등학교학업성취도":90.0,
            "중학교학업성취도":70.5,
            "용적률":248,
            "건폐율":20,
            "Y":37.66177,
            "X":127.013789,
            "rank":36.0,
            "area_info":"26평(86.11), 30평(99.79)",
            "last_sales":"2021-12-14,45500.0,26평(86.11)",
            "rank_history":[
                [
                    "202202",
                    36
                ],
                [
                    "202201",
                    35
                ]
            ],
            "rank_gap":-1
        },
        {
            "index":140,
            "아파트명":"번동한양",
            "투자타입":"재건축",
            "전용면적(m2)":"100.12",
            "전용면적(평)":"30평",
            "법정동주소":"서울시 강북구 번동 133-1",
            "도로명주소":"서울시 강북구 한천로109길 69",
            "세대수":0,
            "입주년차":"--",
            "용적률점수":80,
            "건폐율점수":100,
            "세대당주차수":"--",
            "난방방식":"--",
            "공급면적":90,
            "전용률":80,
            "욕실수":"--",
            "현관타입":"--",
            "주거총점":60.5,
            "지역구공급총점":100.0,
            "역세권":0,
            "30분내 이동가능 거점":0,
            "1시간내 이동가능 거점":40,
            "교통총점":8.0,
            "백화점":100,
            "아울렛몰":0,
            "대형마트":0,
            "은행":0,
            "병원":0,
            "종합병원":100,
            "공원":100,
            "혐오시설":-100,
            "인프라총점":51.0,
            "초등학군":89.99,
            "중학군":42.66,
            "학군총점":52.126,
            "인구수":32.45,
            "인구증감":-13.19,
            "인구총점":18.758,
            "일자리":11.18,
            "소득수준":45.8,
            "일자리총점":21.566,
            "가치 총점":38.0189,
            "매매실거래년":20211203.0,
            "매매실거래가":65000.0,
            "전세실거래년":20211209.0,
            "전세실거래가":27300.0,
            "전세가율":42.0,
            "장기전세가율평균":67.7,
            "전세가율거품지수":25.7,
            "검색코드":1342,
            "세대수":261.0,
            "준공년월":"1992-11-06",
            "준공년차":31.0,
            "가까운역이름":"미아",
            "가까운역거리":1296.65,
            "역세권여부":"비역세권",
            "30분이내주요거점역":0,
            "30분거점역이름":"[]",
            "1시간이내주요거점역":4,
            "1시간거점역이름":"['을지로입구', '을지로3가', '왕십리', '명동']",
            "3km이내백화점수":2,
            "5km이내아울렛몰수":0,
            "1km이내대형먀트수":0,
            "500m이내은행수":1,
            "500m이내병원수":0,
            "5km이내대형병원수":9,
            "500m이내공원수":2,
            "3km이내혐오시설수":2,
            "초등학교학업성취도":89.99,
            "중학교학업성취도":69.7,
            "용적률":184,
            "건폐율":17,
            "Y":37.626987,
            "X":127.040701,
            "rank":37.0,
            "area_info":"30평(100.12)",
            "last_sales":"2021-12-03,65000.0,30평(100.12)",
            "rank_history":[
                [
                    "202202",
                    37
                ],
                [
                    "202201",
                    37
                ]
            ],
            "rank_gap":0
        },
        {
            "index":200,
            "아파트명":"대우",
            "투자타입":"일반",
            "전용면적(m2)":"80.31",
            "전용면적(평)":"24평",
            "법정동주소":"서울시 강북구 우이동 342",
            "도로명주소":"서울시 강북구 삼양로149길 45",
            "세대수":0,
            "입주년차":20,
            "용적률점수":"--",
            "건폐율점수":"--",
            "세대당주차수":30,
            "난방방식":30,
            "공급면적":"--",
            "전용률":"--",
            "욕실수":50,
            "현관타입":100,
            "주거총점":26.5,
            "지역구공급총점":100.0,
            "역세권":80,
            "30분내 이동가능 거점":0,
            "1시간내 이동가능 거점":60,
            "교통총점":52.0,
            "백화점":0,
            "아울렛몰":0,
            "대형마트":0,
            "은행":0,
            "병원":0,
            "종합병원":100,
            "공원":80,
            "혐오시설":0,
            "인프라총점":22.4,
            "초등학군":90.0,
            "중학군":42.3,
            "학군총점":51.84,
            "인구수":32.45,
            "인구증감":-13.19,
            "인구총점":18.758,
            "일자리":11.18,
            "소득수준":45.8,
            "일자리총점":21.566,
            "가치 총점":37.996,
            "매매실거래년":20210830.0,
            "매매실거래가":67000.0,
            "전세실거래년":20211013.0,
            "전세실거래가":26250.0,
            "전세가율":46.46,
            "장기전세가율평균":67.7,
            "전세가율거품지수":21.24,
            "검색코드":3134,
            "세대수":260.0,
            "준공년월":"2000-11-16",
            "준공년차":23.0,
            "가까운역이름":"솔밭공원",
            "가까운역거리":203.01,
            "역세권여부":"역세권",
            "30분이내주요거점역":0,
            "30분거점역이름":"[]",
            "1시간이내주요거점역":6,
            "1시간거점역이름":"['잠실', '여의도', '을지로입구', '을지로3가', '왕십리', '명동']",
            "3km이내백화점수":0,
            "5km이내아울렛몰수":0,
            "1km이내대형먀트수":0,
            "500m이내은행수":0,
            "500m이내병원수":0,
            "5km이내대형병원수":3,
            "500m이내공원수":1,
            "3km이내혐오시설수":0,
            "초등학교학업성취도":90.0,
            "중학교학업성취도":70.5,
            "용적률":121,
            "건폐율":32,
            "Y":37.655611,
            "X":127.011026,
            "rank":38.0,
            "area_info":"24평(80.31), 32평(108.01), 33평(111.36)",
            "last_sales":"2021-08-30,67000.0,32평(108.01)",
            "rank_history":[
                [
                    "202202",
                    38
                ],
                [
                    "202201",
                    38
                ]
            ],
            "rank_gap":0
        },
        {
            "index":179,
            "아파트명":"수유벽산2차",
            "투자타입":"일반",
            "전용면적(m2)":"71.47",
            "전용면적(평)":"21평",
            "법정동주소":"서울시 강북구 수유동 648",
            "도로명주소":"서울시 강북구 삼각산로 143-1",
            "세대수":0,
            "입주년차":0,
            "용적률점수":"--",
            "건폐율점수":"--",
            "세대당주차수":0,
            "난방방식":30,
            "공급면적":"--",
            "전용률":"--",
            "욕실수":50,
            "현관타입":100,
            "주거총점":18.0,
            "지역구공급총점":100.0,
            "역세권":80,
            "30분내 이동가능 거점":0,
            "1시간내 이동가능 거점":0,
            "교통총점":40.0,
            "백화점":0,
            "아울렛몰":0,
            "대형마트":80,
            "은행":0,
            "병원":0,
            "종합병원":100,
            "공원":100,
            "혐오시설":0,
            "인프라총점":35.0,
            "초등학군":89.98,
            "중학군":39.08,
            "학군총점":49.26,
            "인구수":32.45,
            "인구증감":-13.19,
            "인구총점":18.758,
            "일자리":11.18,
            "소득수준":45.8,
            "일자리총점":21.566,
            "가치 총점":35.489,
            "매매실거래년":20220110.0,
            "매매실거래가":46000.0,
            "전세실거래년":20200307.0,
            "전세실거래가":25000.0,
            "전세가율":54.35,
            "장기전세가율평균":67.7,
            "전세가율거품지수":13.35,
            "검색코드":1010,
            "세대수":146.0,
            "준공년월":"1994-02-12",
            "준공년차":29.0,
            "가까운역이름":"가오리",
            "가까운역거리":221.17,
            "역세권여부":"역세권",
            "30분이내주요거점역":0,
            "30분거점역이름":"[]",
            "1시간이내주요거점역":0,
            "1시간거점역이름":"[]",
            "3km이내백화점수":0,
            "5km이내아울렛몰수":0,
            "1km이내대형먀트수":1,
            "500m이내은행수":0,
            "500m이내병원수":0,
            "5km이내대형병원수":4,
            "500m이내공원수":3,
            "3km이내혐오시설수":0,
            "초등학교학업성취도":89.98,
            "중학교학업성취도":64.2,
            "용적률":225,
            "건폐율":21,
            "Y":37.643451,
            "X":127.017986,
            "rank":39.0,
            "area_info":"21평(71.47), 22평(74.62), 31평(104.75), 42평(142.09)",
            "last_sales":"2022-01-10,46000.0,21평(71.47)",
            "rank_history":[
                [
                    "202202",
                    39
                ],
                [
                    "202201",
                    39
                ]
            ],
            "rank_gap":0
        },
        {
            "index":152,
            "아파트명":"오동공원현대홈타운",
            "투자타입":"일반",
            "전용면적(m2)":"82.25",
            "전용면적(평)":"24평",
            "법정동주소":"서울시 강북구 번동 760",
            "도로명주소":"서울시 강북구 오현로31길 89",
            "세대수":0,
            "입주년차":20,
            "용적률점수":"--",
            "건폐율점수":"--",
            "세대당주차수":60,
            "난방방식":30,
            "공급면적":"--",
            "전용률":"--",
            "욕실수":50,
            "현관타입":100,
            "주거총점":31.0,
            "지역구공급총점":100.0,
            "역세권":0,
            "30분내 이동가능 거점":0,
            "1시간내 이동가능 거점":50,
            "교통총점":10.0,
            "백화점":100,
            "아울렛몰":0,
            "대형마트":0,
            "은행":0,
            "병원":0,
            "종합병원":100,
            "공원":100,
            "혐오시설":0,
            "인프라총점":53.0,
            "초등학군":89.98,
            "중학군":41.52,
            "학군총점":51.212,
            "인구수":32.45,
            "인구증감":-13.19,
            "인구총점":18.758,
            "일자리":11.18,
            "소득수준":45.8,
            "일자리총점":21.566,
            "가치 총점":33.2818,
            "매매실거래년":20211008.0,
            "매매실거래가":79300.0,
            "전세실거래년":20200919.0,
            "전세실거래가":30000.0,
            "전세가율":75.0,
            "장기전세가율평균":67.7,
            "전세가율거품지수":-7.3,
            "검색코드":9086,
            "세대수":245.0,
            "준공년월":"2001-09-11",
            "준공년차":22.0,
            "가까운역이름":"미아",
            "가까운역거리":1004.77,
            "역세권여부":"비역세권",
            "30분이내주요거점역":0,
            "30분거점역이름":"[]",
            "1시간이내주요거점역":5,
            "1시간거점역이름":"['여의도', '을지로3가', '왕십리', '홍대입구', '명동']",
            "3km이내백화점수":2,
            "5km이내아울렛몰수":0,
            "1km이내대형먀트수":0,
            "500m이내은행수":0,
            "500m이내병원수":0,
            "5km이내대형병원수":6,
            "500m이내공원수":3,
            "3km이내혐오시설수":0,
            "초등학교학업성취도":89.98,
            "중학교학업성취도":67.8,
            "용적률":284,
            "건폐율":26,
            "Y":37.631711,
            "X":127.035452,
            "rank":40.0,
            "area_info":"24평(82.25), 34평(112.92), 34평(113.54), 45평(149.85), 45평(150.88)",
            "last_sales":"2021-10-08,79300.0,45평(150.88)",
            "rank_history":[
                [
                    "202202",
                    40
                ],
                [
                    "202201",
                    42
                ]
            ],
            "rank_gap":2
        },
        {
            "index":157,
            "아파트명":"한솔솔파크",
            "투자타입":"일반",
            "전용면적(m2)":"109.88",
            "전용면적(평)":"33평",
            "법정동주소":"서울시 강북구 번동 138",
            "도로명주소":"서울시 강북구 오현로 180",
            "세대수":0,
            "입주년차":40,
            "용적률점수":"--",
            "건폐율점수":"--",
            "세대당주차수":30,
            "난방방식":30,
            "공급면적":"--",
            "전용률":"--",
            "욕실수":100,
            "현관타입":100,
            "주거총점":35.5,
            "지역구공급총점":100.0,
            "역세권":0,
            "30분내 이동가능 거점":0,
            "1시간내 이동가능 거점":40,
            "교통총점":8.0,
            "백화점":100,
            "아울렛몰":0,
            "대형마트":0,
            "은행":0,
            "병원":0,
            "종합병원":100,
            "공원":100,
            "혐오시설":-100,
            "인프라총점":51.0,
            "초등학군":89.99,
            "중학군":41.52,
            "학군총점":51.214,
            "인구수":32.45,
            "인구증감":-13.19,
            "인구총점":18.758,
            "일자리":11.18,
            "소득수준":45.8,
            "일자리총점":21.566,
            "가치 총점":32.8821,
            "매매실거래년":20211223.0,
            "매매실거래가":78000.0,
            "전세실거래년":20211113.0,
            "전세실거래가":53000.0,
            "전세가율":67.95,
            "장기전세가율평균":67.7,
            "전세가율거품지수":-0.25,
            "검색코드":9607,
            "세대수":225.0,
            "준공년월":"2005-09-01",
            "준공년차":18.0,
            "가까운역이름":"미아",
            "가까운역거리":1164.93,
            "역세권여부":"비역세권",
            "30분이내주요거점역":0,
            "30분거점역이름":"[]",
            "1시간이내주요거점역":4,
            "1시간거점역이름":"['을지로입구', '을지로3가', '왕십리', '명동']",
            "3km이내백화점수":2,
            "5km이내아울렛몰수":0,
            "1km이내대형먀트수":0,
            "500m이내은행수":1,
            "500m이내병원수":0,
            "5km이내대형병원수":9,
            "500m이내공원수":2,
            "3km이내혐오시설수":2,
            "초등학교학업성취도":89.99,
            "중학교학업성취도":67.8,
            "용적률":223,
            "건폐율":18,
            "Y":37.627407,
            "X":127.039178,
            "rank":41.0,
            "area_info":"33평(109.88)",
            "last_sales":"2021-12-23,78000.0,33평(109.88)",
            "rank_history":[
                [
                    "202202",
                    41
                ],
                [
                    "202201",
                    40
                ]
            ],
            "rank_gap":-1
        },
        {
            "index":158,
            "아파트명":"해모로",
            "투자타입":"일반",
            "전용면적(m2)":"81.97",
            "전용면적(평)":"24평",
            "법정동주소":"서울시 강북구 번동 139",
            "도로명주소":"서울시 강북구 오현로 156",
            "세대수":50,
            "입주년차":20,
            "용적률점수":"--",
            "건폐율점수":"--",
            "세대당주차수":30,
            "난방방식":30,
            "공급면적":"--",
            "전용률":"--",
            "욕실수":50,
            "현관타입":10,
            "주거총점":35.0,
            "지역구공급총점":100.0,
            "역세권":0,
            "30분내 이동가능 거점":0,
            "1시간내 이동가능 거점":40,
            "교통총점":8.0,
            "백화점":100,
            "아울렛몰":0,
            "대형마트":0,
            "은행":0,
            "병원":0,
            "종합병원":100,
            "공원":100,
            "혐오시설":-100,
            "인프라총점":51.0,
            "초등학군":89.99,
            "중학군":41.52,
            "학군총점":51.214,
            "인구수":32.45,
            "인구증감":-13.19,
            "인구총점":18.758,
            "일자리":11.18,
            "소득수준":45.8,
            "일자리총점":21.566,
            "가치 총점":32.7821,
            "매매실거래년":20210621.0,
            "매매실거래가":85000.0,
            "전세실거래년":20210610.0,
            "전세실거래가":30000.0,
            "전세가율":55.56,
            "장기전세가율평균":67.7,
            "전세가율거품지수":12.14,
            "검색코드":9345,
            "세대수":430.0,
            "준공년월":"2003-07-28",
            "준공년차":20.0,
            "가까운역이름":"미아",
            "가까운역거리":1018.35,
            "역세권여부":"비역세권",
            "30분이내주요거점역":0,
            "30분거점역이름":"[]",
            "1시간이내주요거점역":4,
            "1시간거점역이름":"['을지로입구', '을지로3가', '왕십리', '명동']",
            "3km이내백화점수":2,
            "5km이내아울렛몰수":0,
            "1km이내대형먀트수":0,
            "500m이내은행수":1,
            "500m이내병원수":0,
            "5km이내대형병원수":9,
            "500m이내공원수":2,
            "3km이내혐오시설수":2,
            "초등학교학업성취도":89.99,
            "중학교학업성취도":67.8,
            "용적률":355,
            "건폐율":23,
            "Y":37.626601,
            "X":127.037546,
            "rank":42.0,
            "area_info":"24평(81.97), 24평(82.02), 33평(109.79), 47평(156.35)",
            "last_sales":"2021-06-21,85000.0,47평(156.35)",
            "rank_history":[
                [
                    "202202",
                    42
                ],
                [
                    "202201",
                    41
                ]
            ],
            "rank_gap":-1
        },
        {
            "index":122,
            "아파트명":"번동동문",
            "투자타입":"일반",
            "전용면적(m2)":"79.23",
            "전용면적(평)":"23평",
            "법정동주소":"서울시 강북구 번동 657",
            "도로명주소":"서울시 강북구 오현로 128",
            "세대수":0,
            "입주년차":0,
            "용적률점수":"--",
            "건폐율점수":"--",
            "세대당주차수":30,
            "난방방식":30,
            "공급면적":"--",
            "전용률":"--",
            "욕실수":50,
            "현관타입":100,
            "주거총점":22.5,
            "지역구공급총점":100.0,
            "역세권":0,
            "30분내 이동가능 거점":0,
            "1시간내 이동가능 거점":60,
            "교통총점":12.0,
            "백화점":100,
            "아울렛몰":0,
            "대형마트":0,
            "은행":0,
            "병원":0,
            "종합병원":100,
            "공원":0,
            "혐오시설":-100,
            "인프라총점":48.0,
            "초등학군":89.99,
            "중학군":42.66,
            "학군총점":52.126,
            "인구수":32.45,
            "인구증감":-13.19,
            "인구총점":18.758,
            "일자리":11.18,
            "소득수준":45.8,
            "일자리총점":21.566,
            "가치 총점":30.9189,
            "매매실거래년":20210720.0,
            "매매실거래가":85000.0,
            "전세실거래년":20211021.0,
            "전세실거래가":25200.0,
            "전세가율":45.41,
            "장기전세가율평균":67.7,
            "전세가율거품지수":22.29,
            "검색코드":900,
            "세대수":167.0,
            "준공년월":"1998-08-14",
            "준공년차":25.0,
            "가까운역이름":"미아",
            "가까운역거리":1120.91,
            "역세권여부":"비역세권",
            "30분이내주요거점역":0,
            "30분거점역이름":"[]",
            "1시간이내주요거점역":6,
            "1시간거점역이름":"['여의도', '을지로입구', '을지로3가', '왕십리', '홍대입구', '명동']",
            "3km이내백화점수":2,
            "5km이내아울렛몰수":0,
            "1km이내대형먀트수":0,
            "500m이내은행수":1,
            "500m이내병원수":0,
            "5km이내대형병원수":9,
            "500m이내공원수":0,
            "3km이내혐오시설수":2,
            "초등학교학업성취도":89.99,
            "중학교학업성취도":69.7,
            "용적률":347,
            "건폐율":26,
            "Y":37.624274,
            "X":127.038346,
            "rank":43.0,
            "area_info":"23평(79.23), 32평(107.32), 49평(162.88)",
            "last_sales":"2021-07-20,85000.0,49평(162.88)",
            "rank_history":[
                [
                    "202202",
                    43
                ],
                [
                    "202201",
                    44
                ]
            ],
            "rank_gap":1
        },
        {
            "index":114,
            "아파트명":"금호",
            "투자타입":"일반",
            "전용면적(m2)":"81.66",
            "전용면적(평)":"24평",
            "법정동주소":"서울시 강북구 번동 656",
            "도로명주소":"서울시 강북구 오현로31길 85-7",
            "세대수":0,
            "입주년차":0,
            "용적률점수":"--",
            "건폐율점수":"--",
            "세대당주차수":0,
            "난방방식":30,
            "공급면적":"--",
            "전용률":"--",
            "욕실수":50,
            "현관타입":100,
            "주거총점":18.0,
            "지역구공급총점":100.0,
            "역세권":0,
            "30분내 이동가능 거점":0,
            "1시간내 이동가능 거점":50,
            "교통총점":10.0,
            "백화점":100,
            "아울렛몰":0,
            "대형마트":0,
            "은행":0,
            "병원":0,
            "종합병원":100,
            "공원":100,
            "혐오시설":0,
            "인프라총점":53.0,
            "초등학군":89.99,
            "중학군":41.52,
            "학군총점":51.214,
            "인구수":32.45,
            "인구증감":-13.19,
            "인구총점":18.758,
            "일자리":11.18,
            "소득수준":45.8,
            "일자리총점":21.566,
            "가치 총점":30.6821,
            "매매실거래년":20210831.0,
            "매매실거래가":60000.0,
            "전세실거래년":20210818.0,
            "전세실거래가":25000.0,
            "전세가율":41.67,
            "장기전세가율평균":67.7,
            "전세가율거품지수":26.03,
            "검색코드":1336,
            "세대수":284.0,
            "준공년월":"1998-06-24",
            "준공년차":25.0,
            "가까운역이름":"미아",
            "가까운역거리":1021.58,
            "역세권여부":"비역세권",
            "30분이내주요거점역":0,
            "30분거점역이름":"[]",
            "1시간이내주요거점역":5,
            "1시간거점역이름":"['여의도', '을지로3가', '왕십리', '홍대입구', '명동']",
            "3km이내백화점수":2,
            "5km이내아울렛몰수":0,
            "1km이내대형먀트수":0,
            "500m이내은행수":1,
            "500m이내병원수":0,
            "5km이내대형병원수":7,
            "500m이내공원수":3,
            "3km이내혐오시설수":0,
            "초등학교학업성취도":89.99,
            "중학교학업성취도":67.8,
            "용적률":302,
            "건폐율":19,
            "Y":37.631158,
            "X":127.036105,
            "rank":44.0,
            "area_info":"24평(81.66), 24평(82.31), 34평(114.08), 34평(114.11)",
            "last_sales":"2021-08-31,60000.0,24평(81.66)",
            "rank_history":[
                [
                    "202202",
                    44
                ],
                [
                    "202201",
                    43
                ]
            ],
            "rank_gap":-1
        },
        {
            "index":141,
            "아파트명":"번동한진(꿈의숲)",
            "투자타입":"일반",
            "전용면적(m2)":"79.32",
            "전용면적(평)":"23평",
            "법정동주소":"서울시 강북구 번동 658",
            "도로명주소":"서울시 강북구 월계로37길 65",
            "세대수":0,
            "입주년차":20,
            "용적률점수":"--",
            "건폐율점수":"--",
            "세대당주차수":0,
            "난방방식":30,
            "공급면적":"--",
            "전용률":"--",
            "욕실수":50,
            "현관타입":10,
            "주거총점":13.0,
            "지역구공급총점":100.0,
            "역세권":0,
            "30분내 이동가능 거점":0,
            "1시간내 이동가능 거점":70,
            "교통총점":14.0,
            "백화점":100,
            "아울렛몰":0,
            "대형마트":0,
            "은행":0,
            "병원":0,
            "종합병원":100,
            "공원":100,
            "혐오시설":-100,
            "인프라총점":51.0,
            "초등학군":90.01,
            "중학군":42.66,
            "학군총점":52.13,
            "인구수":32.45,
            "인구증감":-13.19,
            "인구총점":18.758,
            "일자리":11.18,
            "소득수준":45.8,
            "일자리총점":21.566,
            "가치 총점":30.6195,
            "매매실거래년":20210915.0,
            "매매실거래가":55800.0,
            "전세실거래년":20220117.0,
            "전세실거래가":24000.0,
            "전세가율":43.01,
            "장기전세가율평균":67.7,
            "전세가율거품지수":24.69,
            "검색코드":1009,
            "세대수":202.0,
            "준공년월":"2000-12-29",
            "준공년차":23.0,
            "가까운역이름":"광운대",
            "가까운역거리":1518.59,
            "역세권여부":"비역세권",
            "30분이내주요거점역":0,
            "30분거점역이름":"[]",
            "1시간이내주요거점역":7,
            "1시간거점역이름":"['잠실', '여의도', '을지로입구', '을지로3가', '왕십리', '홍대입구', '명동']",
            "3km이내백화점수":2,
            "5km이내아울렛몰수":0,
            "1km이내대형먀트수":0,
            "500m이내은행수":0,
            "500m이내병원수":0,
            "5km이내대형병원수":10,
            "500m이내공원수":2,
            "3km이내혐오시설수":2,
            "초등학교학업성취도":90.01,
            "중학교학업성취도":69.7,
            "용적률":337,
            "건폐율":28,
            "Y":37.62465,
            "X":127.04464,
            "rank":45.0,
            "area_info":"23평(79.32), 24평(81.02), 34평(114.92)",
            "last_sales":"2021-09-15,55800.0,23평(79.32)",
            "rank_history":[
                [
                    "202202",
                    45
                ],
                [
                    "202201",
                    47
                ]
            ],
            "rank_gap":2
        },
        {
            "index":125,
            "아파트명":"번동솔그린",
            "투자타입":"일반",
            "전용면적(m2)":"81.7",
            "전용면적(평)":"24평",
            "법정동주소":"서울시 강북구 번동 136",
            "도로명주소":"서울시 강북구 한천로109길 83",
            "세대수":30,
            "입주년차":20,
            "용적률점수":"--",
            "건폐율점수":"--",
            "세대당주차수":0,
            "난방방식":30,
            "공급면적":"--",
            "전용률":"--",
            "욕실수":50,
            "현관타입":10,
            "주거총점":23.5,
            "지역구공급총점":100.0,
            "역세권":0,
            "30분내 이동가능 거점":0,
            "1시간내 이동가능 거점":30,
            "교통총점":6.0,
            "백화점":100,
            "아울렛몰":0,
            "대형마트":0,
            "은행":0,
            "병원":0,
            "종합병원":100,
            "공원":100,
            "혐오시설":-100,
            "인프라총점":51.0,
            "초등학군":89.99,
            "중학군":42.66,
            "학군총점":52.126,
            "인구수":32.45,
            "인구증감":-13.19,
            "인구총점":18.758,
            "일자리":11.18,
            "소득수준":45.8,
            "일자리총점":21.566,
            "가치 총점":29.9189,
            "매매실거래년":20211223.0,
            "매매실거래가":57000.0,
            "전세실거래년":20220108.0,
            "전세실거래가":33500.0,
            "전세가율":58.77,
            "장기전세가율평균":67.7,
            "전세가율거품지수":8.93,
            "검색코드":3128,
            "세대수":380.0,
            "준공년월":"1999-09-16",
            "준공년차":24.0,
            "가까운역이름":"미아",
            "가까운역거리":1201.65,
            "역세권여부":"비역세권",
            "30분이내주요거점역":0,
            "30분거점역이름":"[]",
            "1시간이내주요거점역":3,
            "1시간거점역이름":"['을지로3가', '왕십리', '명동']",
            "3km이내백화점수":2,
            "5km이내아울렛몰수":0,
            "1km이내대형먀트수":0,
            "500m이내은행수":1,
            "500m이내병원수":0,
            "5km이내대형병원수":9,
            "500m이내공원수":2,
            "3km이내혐오시설수":2,
            "초등학교학업성취도":89.99,
            "중학교학업성취도":69.7,
            "용적률":365,
            "건폐율":26,
            "Y":37.626357,
            "X":127.039622,
            "rank":46.0,
            "area_info":"24평(81.7), 32평(106.94)",
            "last_sales":"2021-12-23,57000.0,24평(81.7)",
            "rank_history":[
                [
                    "202202",
                    46
                ],
                [
                    "202201",
                    45
                ]
            ],
            "rank_gap":-1
        },
        {
            "index":118,
            "아파트명":"기산그린",
            "투자타입":"일반",
            "전용면적(m2)":"82.83",
            "전용면적(평)":"25평",
            "법정동주소":"서울시 강북구 번동 191",
            "도로명주소":"서울시 강북구 월계로37길 137",
            "세대수":0,
            "입주년차":20,
            "용적률점수":"--",
            "건폐율점수":"--",
            "세대당주차수":0,
            "난방방식":30,
            "공급면적":"--",
            "전용률":"--",
            "욕실수":50,
            "현관타입":10,
            "주거총점":13.0,
            "지역구공급총점":100.0,
            "역세권":0,
            "30분내 이동가능 거점":0,
            "1시간내 이동가능 거점":50,
            "교통총점":10.0,
            "백화점":100,
            "아울렛몰":0,
            "대형마트":0,
            "은행":0,
            "병원":0,
            "종합병원":100,
            "공원":100,
            "혐오시설":-100,
            "인프라총점":51.0,
            "초등학군":89.99,
            "중학군":42.66,
            "학군총점":52.126,
            "인구수":32.45,
            "인구증감":-13.19,
            "인구총점":18.758,
            "일자리":11.18,
            "소득수준":45.8,
            "일자리총점":21.566,
            "가치 총점":29.2189,
            "매매실거래년":20211120.0,
            "매매실거래가":55900.0,
            "전세실거래년":20211025.0,
            "전세실거래가":22000.0,
            "전세가율":39.36,
            "장기전세가율평균":67.7,
            "전세가율거품지수":28.34,
            "검색코드":3126,
            "세대수":263.0,
            "준공년월":"2000-02-24",
            "준공년차":23.0,
            "가까운역이름":"월계",
            "가까운역거리":1502.3,
            "역세권여부":"비역세권",
            "30분이내주요거점역":0,
            "30분거점역이름":"[]",
            "1시간이내주요거점역":5,
            "1시간거점역이름":"['을지로입구', '을지로3가', '왕십리', '홍대입구', '명동']",
            "3km이내백화점수":2,
            "5km이내아울렛몰수":0,
            "1km이내대형먀트수":0,
            "500m이내은행수":1,
            "500m이내병원수":0,
            "5km이내대형병원수":9,
            "500m이내공원수":3,
            "3km이내혐오시설수":2,
            "초등학교학업성취도":89.99,
            "중학교학업성취도":69.7,
            "용적률":324,
            "건폐율":23,
            "Y":37.627388,
            "X":127.043438,
            "rank":47.0,
            "area_info":"25평(82.83), 30평(101.09), 33평(109.23), 33평(112.23)",
            "last_sales":"2021-11-20,55900.0,25평(82.83)",
            "rank_history":[
                [
                    "202202",
                    47
                ],
                [
                    "202201",
                    46
                ]
            ],
            "rank_gap":-1
        },
        {
            "index":150,
            "아파트명":"신원",
            "투자타입":"일반",
            "전용면적(m2)":"82.19",
            "전용면적(평)":"24평",
            "법정동주소":"서울시 강북구 번동 204",
            "도로명주소":"서울시 강북구 월계로37길 87-9",
            "세대수":0,
            "입주년차":20,
            "용적률점수":"--",
            "건폐율점수":"--",
            "세대당주차수":0,
            "난방방식":30,
            "공급면적":"--",
            "전용률":"--",
            "욕실수":50,
            "현관타입":10,
            "주거총점":13.0,
            "지역구공급총점":100.0,
            "역세권":0,
            "30분내 이동가능 거점":0,
            "1시간내 이동가능 거점":40,
            "교통총점":8.0,
            "백화점":100,
            "아울렛몰":0,
            "대형마트":0,
            "은행":0,
            "병원":0,
            "종합병원":100,
            "공원":100,
            "혐오시설":-100,
            "인프라총점":51.0,
            "초등학군":90.01,
            "중학군":42.66,
            "학군총점":52.13,
            "인구수":32.45,
            "인구증감":-13.19,
            "인구총점":18.758,
            "일자리":11.18,
            "소득수준":45.8,
            "일자리총점":21.566,
            "가치 총점":28.5195,
            "매매실거래년":20210823.0,
            "매매실거래가":60000.0,
            "전세실거래년":20211123.0,
            "전세실거래가":19840.0,
            "전세가율":37.08,
            "장기전세가율평균":67.7,
            "전세가율거품지수":30.62,
            "검색코드":1008,
            "세대수":285.0,
            "준공년월":"2000-06-08",
            "준공년차":23.0,
            "가까운역이름":"미아",
            "가까운역거리":1509.16,
            "역세권여부":"비역세권",
            "30분이내주요거점역":0,
            "30분거점역이름":"[]",
            "1시간이내주요거점역":4,
            "1시간거점역이름":"['을지로입구', '을지로3가', '왕십리', '명동']",
            "3km이내백화점수":2,
            "5km이내아울렛몰수":0,
            "1km이내대형먀트수":0,
            "500m이내은행수":1,
            "500m이내병원수":0,
            "5km이내대형병원수":9,
            "500m이내공원수":2,
            "3km이내혐오시설수":2,
            "초등학교학업성취도":90.01,
            "중학교학업성취도":69.7,
            "용적률":399,
            "건폐율":26,
            "Y":37.625799,
            "X":127.043084,
            "rank":48.0,
            "area_info":"24평(82.19), 32평(107.17)",
            "last_sales":"2021-08-23,60000.0,32평(107.17)",
            "rank_history":[
                [
                    "202202",
                    48
                ],
                [
                    "202201",
                    48
                ]
            ],
            "rank_gap":0
        }
    ]
}