{
    "schema":{
        "fields":[
            {
                "name":"index",
                "type":"integer"
            },
            {
                "name":"아파트명",
                "type":"string"
            },
            {
                "name":"투자타입",
                "type":"string"
            },
            {
                "name":"전용면적(m2)",
                "type":"string"
            },
            {
                "name":"전용면적(평)",
                "type":"string"
            },
            {
                "name":"법정동주소",
                "type":"string"
            },
            {
                "name":"도로명주소",
                "type":"string"
            },
            {
                "name":"세대수",
                "type":"integer"
            },
            {
                "name":"입주년차",
                "type":"string"
            },
            {
                "name":"용적률점수",
                "type":"string"
            },
            {
                "name":"건폐율점수",
                "type":"string"
            },
            {
                "name":"세대당주차수",
                "type":"string"
            },
            {
                "name":"난방방식",
                "type":"string"
            },
            {
                "name":"공급면적",
                "type":"string"
            },
            {
                "name":"전용률",
                "type":"string"
            },
            {
                "name":"욕실수",
                "type":"string"
            },
            {
                "name":"현관타입",
                "type":"string"
            },
            {
                "name":"주거총점",
                "type":"number"
            },
            {
                "name":"지역구공급총점",
                "type":"number"
            },
            {
                "name":"역세권",
                "type":"integer"
            },
            {
                "name":"30분내 이동가능 거점",
                "type":"integer"
            },
            {
                "name":"1시간내 이동가능 거점",
                "type":"integer"
            },
            {
                "name":"교통총점",
                "type":"number"
            },
            {
                "name":"백화점",
                "type":"integer"
            },
            {
                "name":"아울렛몰",
                "type":"integer"
            },
            {
                "name":"대형마트",
                "type":"integer"
            },
            {
                "name":"은행",
                "type":"integer"
            },
            {
                "name":"병원",
                "type":"integer"
            },
            {
                "name":"종합병원",
                "type":"integer"
            },
            {
                "name":"공원",
                "type":"integer"
            },
            {
                "name":"혐오시설",
                "type":"integer"
            },
            {
                "name":"인프라총점",
                "type":"number"
            },
            {
                "name":"초등학군",
                "type":"number"
            },
            {
                "name":"중학군",
                "type":"number"
            },
            {
                "name":"학군총점",
                "type":"number"
            },
            {
                "name":"인구수",
                "type":"number"
            },
            {
                "name":"인구증감",
                "type":"number"
            },
            {
                "name":"인구총점",
                "type":"number"
            },
            {
                "name":"일자리",
                "type":"number"
            },
            {
                "name":"소득수준",
                "type":"number"
            },
            {
                "name":"일자리총점",
                "type":"number"
            },
            {
                "name":"가치 총점",
                "type":"number"
            },
            {
                "name":"매매실거래년",
                "type":"string"
            },
            {
                "name":"매매실거래가",
                "type":"number"
            },
            {
                "name":"전세실거래년",
                "type":"number"
            },
            {
                "name":"전세실거래가",
                "type":"number"
            },
            {
                "name":"전세가율",
                "type":"number"
            },
            {
                "name":"장기전세가율평균",
                "type":"number"
            },
            {
                "name":"전세가율거품지수",
                "type":"number"
            },
            {
                "name":"검색코드",
                "type":"integer"
            },
            {
                "name":"세대수",
                "type":"number"
            },
            {
                "name":"준공년월",
                "type":"string"
            },
            {
                "name":"준공년차",
                "type":"number"
            },
            {
                "name":"가까운역이름",
                "type":"string"
            },
            {
                "name":"가까운역거리",
                "type":"number"
            },
            {
                "name":"역세권여부",
                "type":"string"
            },
            {
                "name":"30분이내주요거점역",
                "type":"integer"
            },
            {
                "name":"30분거점역이름",
                "type":"string"
            },
            {
                "name":"1시간이내주요거점역",
                "type":"integer"
            },
            {
                "name":"1시간거점역이름",
                "type":"string"
            },
            {
                "name":"3km이내백화점수",
                "type":"integer"
            },
            {
                "name":"5km이내아울렛몰수",
                "type":"integer"
            },
            {
                "name":"1km이내대형먀트수",
                "type":"integer"
            },
            {
                "name":"500m이내은행수",
                "type":"integer"
            },
            {
                "name":"500m이내병원수",
                "type":"integer"
            },
            {
                "name":"5km이내대형병원수",
                "type":"integer"
            },
            {
                "name":"500m이내공원수",
                "type":"integer"
            },
            {
                "name":"3km이내혐오시설수",
                "type":"integer"
            },
            {
                "name":"초등학교학업성취도",
                "type":"number"
            },
            {
                "name":"중학교학업성취도",
                "type":"number"
            },
            {
                "name":"용적률",
                "type":"integer"
            },
            {
                "name":"건폐율",
                "type":"integer"
            },
            {
                "name":"Y",
                "type":"number"
            },
            {
                "name":"X",
                "type":"number"
            },
            {
                "name":"rank",
                "type":"number"
            },
            {
                "name":"area_info",
                "type":"string"
            },
            {
                "name":"last_sales",
                "type":"string"
            },
            {
                "name":"rank_history",
                "type":"string"
            },
            {
                "name":"rank_gap",
                "type":"integer"
            }
        ],
        "primaryKey":[
            "index"
        ],
        "pandas_version":"1.4.0"
    },
    "data":[
        {
            "index":94,
            "아파트명":"래미안베라힐즈",
            "투자타입":"일반",
            "전용면적(m2)":"81.07",
            "전용면적(평)":"24평",
            "법정동주소":"서울시 은평구 녹번동 283",
            "도로명주소":"서울시 은평구 통일로 630",
            "세대수":90,
            "입주년차":100,
            "용적률점수":"--",
            "건폐율점수":"--",
            "세대당주차수":30,
            "난방방식":30,
            "공급면적":"--",
            "전용률":"--",
            "욕실수":100,
            "현관타입":100,
            "주거총점":79.0,
            "지역구공급총점":0.0,
            "역세권":80,
            "30분내 이동가능 거점":20,
            "1시간내 이동가능 거점":70,
            "교통총점":60.0,
            "백화점":0,
            "아울렛몰":80,
            "대형마트":80,
            "은행":0,
            "병원":0,
            "종합병원":100,
            "공원":100,
            "혐오시설":-50,
            "인프라총점":42.0,
            "초등학군":90.11,
            "중학군":40.34,
            "학군총점":50.294,
            "인구수":51.83,
            "인구증감":-5.22,
            "인구총점":34.715,
            "일자리":14.21,
            "소득수준":50.45,
            "일자리총점":25.082,
            "가치 총점":56.9441,
            "매매실거래년":20210126.0,
            "매매실거래가":140000.0,
            "전세실거래년":null,
            "전세실거래가":null,
            "전세가율":null,
            "장기전세가율평균":66.04,
            "전세가율거품지수":null,
            "검색코드":111575,
            "세대수":1305.0,
            "준공년월":"2019-08-01",
            "준공년차":4.0,
            "가까운역이름":"녹번",
            "가까운역거리":362.27,
            "역세권여부":"역세권",
            "30분이내주요거점역":1,
            "30분거점역이름":"['을지로입구']",
            "1시간이내주요거점역":7,
            "1시간거점역이름":"['강남', '역삼', '을지로입구', '을지로3가', '양재', '왕십리', '명동']",
            "3km이내백화점수":0,
            "5km이내아울렛몰수":1,
            "1km이내대형먀트수":1,
            "500m이내은행수":0,
            "500m이내병원수":0,
            "5km이내대형병원수":7,
            "500m이내공원수":5,
            "3km이내혐오시설수":1,
            "초등학교학업성취도":90.11,
            "중학교학업성취도":66.5,
            "용적률":236,
            "건폐율":25,
            "Y":37.604144,
            "X":126.936406,
            "rank":1.0,
            "area_info":"24평(81.07), 24평(82.12), 24평(82.34), 25평(83.36), 25평(84.01), 25평(84.6), 26평(86.3), 26평(87.74), 27평(91.06), 33평(109.85), 33평(111.86), 34평(113.39), 34평(114.11), 35평(116.03), 36평(119.53), 36평(122.01), 40평(134.83), 47평(156.22)",
            "last_sales":"2021-01-26,140000.0,47평(156.22)",
            "rank_history":[
                [
                    "202202",
                    1
                ],
                [
                    "202201",
                    2
                ]
            ],
            "rank_gap":1
        },
        {
            "index":620,
            "아파트명":"은평뉴타운박석고개힐스테이트1단지",
            "투자타입":"일반",
            "전용면적(m2)":"79.54",
            "전용면적(평)":"24평",
            "법정동주소":"서울시 은평구 진관동 102",
            "도로명주소":"서울시 은평구 진관1로 21-10",
            "세대수":90,
            "입주년차":60,
            "용적률점수":"--",
            "건폐율점수":"--",
            "세대당주차수":30,
            "난방방식":100,
            "공급면적":"--",
            "전용률":"--",
            "욕실수":100,
            "현관타입":100,
            "주거총점":78.0,
            "지역구공급총점":0.0,
            "역세권":80,
            "30분내 이동가능 거점":0,
            "1시간내 이동가능 거점":40,
            "교통총점":48.0,
            "백화점":0,
            "아울렛몰":80,
            "대형마트":80,
            "은행":70,
            "병원":0,
            "종합병원":100,
            "공원":100,
            "혐오시설":0,
            "인프라총점":50.0,
            "초등학군":89.99,
            "중학군":43.94,
            "학군총점":53.15,
            "인구수":51.83,
            "인구증감":-5.22,
            "인구총점":34.715,
            "일자리":14.21,
            "소득수준":50.45,
            "일자리총점":25.082,
            "가치 총점":55.3725,
            "매매실거래년":20210902.0,
            "매매실거래가":97000.0,
            "전세실거래년":20220115.0,
            "전세실거래가":42000.0,
            "전세가율":43.3,
            "장기전세가율평균":66.04,
            "전세가율거품지수":22.74,
            "검색코드":26869,
            "세대수":947.0,
            "준공년월":"2009-01-12",
            "준공년차":14.0,
            "가까운역이름":"구파발",
            "가까운역거리":391.39,
            "역세권여부":"역세권",
            "30분이내주요거점역":0,
            "30분거점역이름":"[]",
            "1시간이내주요거점역":4,
            "1시간거점역이름":"['강남', '을지로입구', '을지로3가', '명동']",
            "3km이내백화점수":0,
            "5km이내아울렛몰수":1,
            "1km이내대형먀트수":1,
            "500m이내은행수":3,
            "500m이내병원수":0,
            "5km이내대형병원수":2,
            "500m이내공원수":3,
            "3km이내혐오시설수":0,
            "초등학교학업성취도":89.99,
            "중학교학업성취도":72.9,
            "용적률":169,
            "건폐율":19,
            "Y":37.633767,
            "X":126.921154,
            "rank":2.0,
            "area_info":"24평(79.54), 24평(79.62), 23평(79.12), 24평(79.39), 33평(110.98), 33평(110.85), 33평(111.23), 40평(133.24), 40평(134.25), 53평(175.46)",
            "last_sales":"2021-09-02,97000.0,24평(79.54)",
            "rank_history":[
                [
                    "202202",
                    2
                ],
                [
                    "202201",
                    7
                ]
            ],
            "rank_gap":5
        },
        {
            "index":353,
            "아파트명":"녹번역e편한세상캐슬",
            "투자타입":"일반",
            "전용면적(m2)":"66.21",
            "전용면적(평)":"20평",
            "법정동주소":"서울시 은평구 응암동 769",
            "도로명주소":"서울시 은평구 은평로 220",
            "세대수":100,
            "입주년차":100,
            "용적률점수":"--",
            "건폐율점수":"--",
            "세대당주차수":30,
            "난방방식":30,
            "공급면적":"--",
            "전용률":"--",
            "욕실수":50,
            "현관타입":100,
            "주거총점":77.5,
            "지역구공급총점":0.0,
            "역세권":80,
            "30분내 이동가능 거점":20,
            "1시간내 이동가능 거점":60,
            "교통총점":58.0,
            "백화점":0,
            "아울렛몰":80,
            "대형마트":0,
            "은행":70,
            "병원":0,
            "종합병원":100,
            "공원":100,
            "혐오시설":-50,
            "인프라총점":37.0,
            "초등학군":90.11,
            "중학군":40.34,
            "학군총점":50.294,
            "인구수":51.83,
            "인구증감":-5.22,
            "인구총점":34.715,
            "일자리":14.21,
            "소득수준":50.45,
            "일자리총점":25.082,
            "가치 총점":54.4441,
            "매매실거래년":20211130.0,
            "매매실거래가":137500.0,
            "전세실거래년":20211127.0,
            "전세실거래가":49000.0,
            "전세가율":55.06,
            "장기전세가율평균":66.04,
            "전세가율거품지수":10.98,
            "검색코드":119275,
            "세대수":2569.0,
            "준공년월":"2020-05-27",
            "준공년차":3.0,
            "가까운역이름":"녹번",
            "가까운역거리":375.41,
            "역세권여부":"역세권",
            "30분이내주요거점역":1,
            "30분거점역이름":"['을지로입구']",
            "1시간이내주요거점역":6,
            "1시간거점역이름":"['강남', '을지로입구', '을지로3가', '양재', '홍대입구', '명동']",
            "3km이내백화점수":0,
            "5km이내아울렛몰수":1,
            "1km이내대형먀트수":0,
            "500m이내은행수":3,
            "500m이내병원수":0,
            "5km이내대형병원수":7,
            "500m이내공원수":5,
            "3km이내혐오시설수":1,
            "초등학교학업성취도":90.11,
            "중학교학업성취도":66.5,
            "용적률":240,
            "건폐율":22,
            "Y":37.599269,
            "X":126.932044,
            "rank":3.0,
            "area_info":"20평(66.21), 24평(81.92), 25평(83.95), 25평(84.65), 33평(110.65), 34평(113.4), 34평(114.44), 34평(115.62), 39평(129.27), 46평(152.14)",
            "last_sales":"2021-11-30,137500.0,33평(110.65)",
            "rank_history":[
                [
                    "202202",
                    3
                ],
                [
                    "202201",
                    1
                ]
            ],
            "rank_gap":-2
        },
        {
            "index":1007,
            "아파트명":"은평스카이뷰자이",
            "투자타입":"일반",
            "전용면적(m2)":"118.95",
            "전용면적(평)":"35평",
            "법정동주소":"서울시 은평구 진관동 62",
            "도로명주소":"서울시 은평구 통일로 1034",
            "세대수":30,
            "입주년차":100,
            "용적률점수":"--",
            "건폐율점수":"--",
            "세대당주차수":60,
            "난방방식":100,
            "공급면적":"--",
            "전용률":"--",
            "욕실수":100,
            "현관타입":100,
            "주거총점":69.5,
            "지역구공급총점":0.0,
            "역세권":80,
            "30분내 이동가능 거점":0,
            "1시간내 이동가능 거점":40,
            "교통총점":48.0,
            "백화점":0,
            "아울렛몰":100,
            "대형마트":80,
            "은행":70,
            "병원":0,
            "종합병원":100,
            "공원":100,
            "혐오시설":0,
            "인프라총점":52.0,
            "초등학군":89.99,
            "중학군":43.94,
            "학군총점":53.15,
            "인구수":51.83,
            "인구증감":-5.22,
            "인구총점":34.715,
            "일자리":14.21,
            "소득수준":50.45,
            "일자리총점":25.082,
            "가치 총점":54.2725,
            "매매실거래년":20211030.0,
            "매매실거래가":125000.0,
            "전세실거래년":20210928.0,
            "전세실거래가":70000.0,
            "전세가율":56.0,
            "장기전세가율평균":66.04,
            "전세가율거품지수":10.04,
            "검색코드":114378,
            "세대수":361.0,
            "준공년월":"2019-01-30",
            "준공년차":4.0,
            "가까운역이름":"구파발",
            "가까운역거리":200.24,
            "역세권여부":"역세권",
            "30분이내주요거점역":0,
            "30분거점역이름":"[]",
            "1시간이내주요거점역":4,
            "1시간거점역이름":"['강남', '을지로입구', '을지로3가', '명동']",
            "3km이내백화점수":0,
            "5km이내아울렛몰수":2,
            "1km이내대형먀트수":1,
            "500m이내은행수":4,
            "500m이내병원수":0,
            "5km이내대형병원수":2,
            "500m이내공원수":3,
            "3km이내혐오시설수":0,
            "초등학교학업성취도":89.99,
            "중학교학업성취도":72.9,
            "용적률":598,
            "건폐율":50,
            "Y":37.635084,
            "X":126.917999,
            "rank":4.0,
            "area_info":"35평(118.95), 35평(118.67)",
            "last_sales":"2021-10-30,125000.0,35평(118.95)",
            "rank_history":[
                [
                    "202202",
                    4
                ],
                [
                    "202201",
                    8
                ]
            ],
            "rank_gap":4
        },
        {
            "index":213,
            "아파트명":"불광롯데캐슬",
            "투자타입":"일반",
            "전용면적(m2)":"79.8",
            "전용면적(평)":"24평",
            "법정동주소":"서울시 은평구 불광동 645",
            "도로명주소":"서울시 은평구 불광로 64",
            "세대수":50,
            "입주년차":80,
            "용적률점수":"--",
            "건폐율점수":"--",
            "세대당주차수":30,
            "난방방식":30,
            "공급면적":"--",
            "전용률":"--",
            "욕실수":100,
            "현관타입":100,
            "주거총점":61.0,
            "지역구공급총점":0.0,
            "역세권":80,
            "30분내 이동가능 거점":0,
            "1시간내 이동가능 거점":60,
            "교통총점":52.0,
            "백화점":0,
            "아울렛몰":80,
            "대형마트":80,
            "은행":70,
            "병원":0,
            "종합병원":100,
            "공원":100,
            "혐오시설":0,
            "인프라총점":50.0,
            "초등학군":89.98,
            "중학군":45.42,
            "학군총점":54.332,
            "인구수":51.83,
            "인구증감":-5.22,
            "인구총점":34.715,
            "일자리":14.21,
            "소득수준":50.45,
            "일자리총점":25.082,
            "가치 총점":53.5498,
            "매매실거래년":20200703.0,
            "매매실거래가":127000.0,
            "전세실거래년":null,
            "전세실거래가":null,
            "전세가율":null,
            "장기전세가율평균":66.04,
            "전세가율거품지수":null,
            "검색코드":103025,
            "세대수":588.0,
            "준공년월":"2018-11-29",
            "준공년차":5.0,
            "가까운역이름":"불광",
            "가까운역거리":386.17,
            "역세권여부":"역세권",
            "30분이내주요거점역":0,
            "30분거점역이름":"[]",
            "1시간이내주요거점역":6,
            "1시간거점역이름":"['강남', '을지로입구', '을지로3가', '양재', '왕십리', '명동']",
            "3km이내백화점수":0,
            "5km이내아울렛몰수":1,
            "1km이내대형먀트수":1,
            "500m이내은행수":4,
            "500m이내병원수":0,
            "5km이내대형병원수":4,
            "500m이내공원수":3,
            "3km이내혐오시설수":0,
            "초등학교학업성취도":89.98,
            "중학교학업성취도":74.9,
            "용적률":226,
            "건폐율":20,
            "Y":37.612988,
            "X":126.932905,
            "rank":5.0,
            "area_info":"24평(79.8), 24평(80.47), 24평(80.35), 24평(81.46), 24평(82.57), 24평(82.3), 24평(82.5), 25평(83.41), 25평(83.61), 25평(83.98), 32평(108.19), 33평(110.09), 33평(112.16), 34평(112.97), 41평(136.06), 43평(144.22), 51평(169.3)",
            "last_sales":"2020-07-03,127000.0,51평(169.3)",
            "rank_history":[
                [
                    "202202",
                    5
                ],
                [
                    "202201",
                    4
                ]
            ],
            "rank_gap":-1
        },
        {
            "index":456,
            "아파트명":"힐스테이트녹번역",
            "투자타입":"일반",
            "전용면적(m2)":"62.94",
            "전용면적(평)":"19평",
            "법정동주소":"서울시 은평구 응암동 8",
            "도로명주소":"서울시 은평구 은평로 240",
            "세대수":80,
            "입주년차":100,
            "용적률점수":"--",
            "건폐율점수":"--",
            "세대당주차수":30,
            "난방방식":30,
            "공급면적":"--",
            "전용률":"--",
            "욕실수":50,
            "현관타입":100,
            "주거총점":70.5,
            "지역구공급총점":0.0,
            "역세권":80,
            "30분내 이동가능 거점":40,
            "1시간내 이동가능 거점":60,
            "교통총점":64.0,
            "백화점":0,
            "아울렛몰":80,
            "대형마트":0,
            "은행":0,
            "병원":0,
            "종합병원":100,
            "공원":100,
            "혐오시설":-50,
            "인프라총점":30.0,
            "초등학군":90.11,
            "중학군":44.1,
            "학군총점":53.302,
            "인구수":51.83,
            "인구증감":-5.22,
            "인구총점":34.715,
            "일자리":14.21,
            "소득수준":50.45,
            "일자리총점":25.082,
            "가치 총점":53.4953,
            "매매실거래년":20200926.0,
            "매매실거래가":115500.0,
            "전세실거래년":null,
            "전세실거래가":null,
            "전세가율":null,
            "장기전세가율평균":66.04,
            "전세가율거품지수":null,
            "검색코드":123961,
            "세대수":879.0,
            "준공년월":"2021-04-01",
            "준공년차":2.0,
            "가까운역이름":"녹번",
            "가까운역거리":174.68,
            "역세권여부":"역세권",
            "30분이내주요거점역":2,
            "30분거점역이름":"['을지로입구', '명동']",
            "1시간이내주요거점역":6,
            "1시간거점역이름":"['강남', '을지로입구', '을지로3가', '양재', '홍대입구', '명동']",
            "3km이내백화점수":0,
            "5km이내아울렛몰수":1,
            "1km이내대형먀트수":0,
            "500m이내은행수":1,
            "500m이내병원수":0,
            "5km이내대형병원수":7,
            "500m이내공원수":4,
            "3km이내혐오시설수":1,
            "초등학교학업성취도":90.11,
            "중학교학업성취도":70.7,
            "용적률":0,
            "건폐율":0,
            "Y":37.59962,
            "X":126.934656,
            "rank":6.0,
            "area_info":"19평(62.94), 22평(73.23), 23평(77.47), 23평(78.06), 24평(80.32), 25평(82.76), 30평(99.63), 32평(106.48), 32평(108.92), 33평(109.63), 33평(110.29), 33평(110.06), 33평(111.26), 34평(113.02)",
            "last_sales":"2020-09-26,115500.0,34평(113.02)",
            "rank_history":[
                [
                    "202202",
                    6
                ],
                [
                    "202201",
                    3
                ]
            ],
            "rank_gap":-3
        },
        {
            "index":128,
            "아파트명":"힐스테이트녹번",
            "투자타입":"일반",
            "전용면적(m2)":"66.71",
            "전용면적(평)":"20평",
            "법정동주소":"서울시 은평구 녹번동 282",
            "도로명주소":"서울시 은평구 통일로 610",
            "세대수":90,
            "입주년차":80,
            "용적률점수":"--",
            "건폐율점수":"--",
            "세대당주차수":30,
            "난방방식":30,
            "공급면적":"--",
            "전용률":"--",
            "욕실수":100,
            "현관타입":100,
            "주거총점":75.0,
            "지역구공급총점":0.0,
            "역세권":80,
            "30분내 이동가능 거점":20,
            "1시간내 이동가능 거점":60,
            "교통총점":58.0,
            "백화점":0,
            "아울렛몰":80,
            "대형마트":0,
            "은행":0,
            "병원":0,
            "종합병원":100,
            "공원":100,
            "혐오시설":-50,
            "인프라총점":30.0,
            "초등학군":90.11,
            "중학군":44.1,
            "학군총점":53.302,
            "인구수":51.83,
            "인구증감":-5.22,
            "인구총점":34.715,
            "일자리":14.21,
            "소득수준":50.45,
            "일자리총점":25.082,
            "가치 총점":52.2953,
            "매매실거래년":20211207.0,
            "매매실거래가":145000.0,
            "전세실거래년":null,
            "전세실거래가":null,
            "전세가율":null,
            "장기전세가율평균":66.04,
            "전세가율거품지수":null,
            "검색코드":111964,
            "세대수":952.0,
            "준공년월":"2018-10-01",
            "준공년차":5.0,
            "가까운역이름":"녹번",
            "가까운역거리":128.42,
            "역세권여부":"역세권",
            "30분이내주요거점역":1,
            "30분거점역이름":"['을지로입구']",
            "1시간이내주요거점역":6,
            "1시간거점역이름":"['강남', '여의도', '을지로입구', '을지로3가', '왕십리', '명동']",
            "3km이내백화점수":0,
            "5km이내아울렛몰수":1,
            "1km이내대형먀트수":0,
            "500m이내은행수":1,
            "500m이내병원수":0,
            "5km이내대형병원수":7,
            "500m이내공원수":4,
            "3km이내혐오시설수":1,
            "초등학교학업성취도":90.11,
            "중학교학업성취도":70.7,
            "용적률":243,
            "건폐율":23,
            "Y":37.601981,
            "X":126.936352,
            "rank":7.0,
            "area_info":"20평(66.71), 20평(67.25), 20평(68.04), 24평(79.88), 24평(80.51), 33평(111.86), 34평(112.53), 47평(156.46)",
            "last_sales":"2021-12-07,145000.0,34평(112.53)",
            "rank_history":[
                [
                    "202202",
                    7
                ],
                [
                    "202201",
                    5
                ]
            ],
            "rank_gap":-2
        },
        {
            "index":182,
            "아파트명":"북한산현대홈타운",
            "투자타입":"일반",
            "전용면적(m2)":"84.09",
            "전용면적(평)":"25평",
            "법정동주소":"서울시 은평구 불광동 633",
            "도로명주소":"서울시 은평구 불광로2길 7",
            "세대수":50,
            "입주년차":40,
            "용적률점수":"--",
            "건폐율점수":"--",
            "세대당주차수":30,
            "난방방식":30,
            "공급면적":"--",
            "전용률":"--",
            "욕실수":100,
            "현관타입":100,
            "주거총점":53.0,
            "지역구공급총점":0.0,
            "역세권":80,
            "30분내 이동가능 거점":0,
            "1시간내 이동가능 거점":60,
            "교통총점":52.0,
            "백화점":0,
            "아울렛몰":80,
            "대형마트":80,
            "은행":70,
            "병원":0,
            "종합병원":100,
            "공원":100,
            "혐오시설":0,
            "인프라총점":50.0,
            "초등학군":89.98,
            "중학군":45.42,
            "학군총점":54.332,
            "인구수":51.83,
            "인구증감":-5.22,
            "인구총점":34.715,
            "일자리":14.21,
            "소득수준":50.45,
            "일자리총점":25.082,
            "가치 총점":51.9498,
            "매매실거래년":20210910.0,
            "매매실거래가":94000.0,
            "전세실거래년":20211230.0,
            "전세실거래가":39900.0,
            "전세가율":42.45,
            "장기전세가율평균":66.04,
            "전세가율거품지수":23.59,
            "검색코드":9239,
            "세대수":662.0,
            "준공년월":"2004-05-29",
            "준공년차":19.0,
            "가까운역이름":"불광",
            "가까운역거리":441.63,
            "역세권여부":"역세권",
            "30분이내주요거점역":0,
            "30분거점역이름":"[]",
            "1시간이내주요거점역":6,
            "1시간거점역이름":"['강남', '을지로입구', '을지로3가', '양재', '왕십리', '명동']",
            "3km이내백화점수":0,
            "5km이내아울렛몰수":1,
            "1km이내대형먀트수":1,
            "500m이내은행수":4,
            "500m이내병원수":0,
            "5km이내대형병원수":4,
            "500m이내공원수":2,
            "3km이내혐오시설수":0,
            "초등학교학업성취도":89.98,
            "중학교학업성취도":74.9,
            "용적률":232,
            "건폐율":23,
            "Y":37.612217,
            "X":126.934389,
            "rank":8.0,
            "area_info":"25평(84.09), 33평(110.73), 42평(140.05)",
            "last_sales":"2021-09-10,94000.0,25평(84.09)",
            "rank_history":[
                [
                    "202202",
                    8
                ],
                [
                    "202201",
                    6
                ]
            ],
            "rank_gap":-2
        },
        {
            "index":837,
            "아파트명":"은평뉴타운엘크루",
            "투자타입":"일반",
            "전용면적(m2)":"84.13",
            "전용면적(평)":"25평",
            "법정동주소":"서울시 은평구 진관동 65",
            "도로명주소":"서울시 은평구 진관3로 21",
            "세대수":0,
            "입주년차":80,
            "용적률점수":"--",
            "건폐율점수":"--",
            "세대당주차수":80,
            "난방방식":100,
            "공급면적":"--",
            "전용률":"--",
            "욕실수":100,
            "현관타입":100,
            "주거총점":58.0,
            "지역구공급총점":0.0,
            "역세권":80,
            "30분내 이동가능 거점":0,
            "1시간내 이동가능 거점":30,
            "교통총점":46.0,
            "백화점":0,
            "아울렛몰":80,
            "대형마트":80,
            "은행":70,
            "병원":0,
            "종합병원":100,
            "공원":100,
            "혐오시설":0,
            "인프라총점":50.0,
            "초등학군":89.99,
            "중학군":51.3,
            "학군총점":59.038,
            "인구수":51.83,
            "인구증감":-5.22,
            "인구총점":34.715,
            "일자리":14.21,
            "소득수준":50.45,
            "일자리총점":25.082,
            "가치 총점":51.5557,
            "매매실거래년":20211017.0,
            "매매실거래가":78000.0,
            "전세실거래년":20220126.0,
            "전세실거래가":40950.0,
            "전세가율":52.5,
            "장기전세가율평균":66.04,
            "전세가율거품지수":13.54,
            "검색코드":109357,
            "세대수":146.0,
            "준공년월":"2017-02-14",
            "준공년차":6.0,
            "가까운역이름":"구파발",
            "가까운역거리":301.01,
            "역세권여부":"역세권",
            "30분이내주요거점역":0,
            "30분거점역이름":"[]",
            "1시간이내주요거점역":3,
            "1시간거점역이름":"['을지로입구', '을지로3가', '명동']",
            "3km이내백화점수":0,
            "5km이내아울렛몰수":1,
            "1km이내대형먀트수":1,
            "500m이내은행수":3,
            "500m이내병원수":0,
            "5km이내대형병원수":2,
            "500m이내공원수":3,
            "3km이내혐오시설수":0,
            "초등학교학업성취도":89.99,
            "중학교학업성취도":84.1,
            "용적률":499,
            "건폐율":58,
            "Y":37.639454,
            "X":126.919193,
            "rank":9.0,
            "area_info":"25평(84.13), 25평(84.61), 25평(84.43), 25평(84.21)",
            "last_sales":"2021-10-17,78000.0,25평(84.13)",
            "rank_history":[
                [
                    "202202",
                    9
                ],
                [
                    "202201",
                    15
                ]
            ],
            "rank_gap":6
        },
        {
            "index":185,
            "아파트명":"북한산현대힐스테이트3차",
            "투자타입":"일반",
            "전용면적(m2)":"78.59",
            "전용면적(평)":"23평",
            "법정동주소":"서울시 은평구 불광동 641",
            "도로명주소":"서울시 은평구 불광로 122-10",
            "세대수":90,
            "입주년차":60,
            "용적률점수":"--",
            "건폐율점수":"--",
            "세대당주차수":30,
            "난방방식":30,
            "공급면적":"--",
            "전용률":"--",
            "욕실수":100,
            "현관타입":100,
            "주거총점":71.0,
            "지역구공급총점":0.0,
            "역세권":80,
            "30분내 이동가능 거점":0,
            "1시간내 이동가능 거점":30,
            "교통총점":46.0,
            "백화점":0,
            "아울렛몰":80,
            "대형마트":80,
            "은행":0,
            "병원":0,
            "종합병원":100,
            "공원":100,
            "혐오시설":0,
            "인프라총점":43.0,
            "초등학군":89.99,
            "중학군":45.42,
            "학군총점":54.334,
            "인구수":51.83,
            "인구증감":-5.22,
            "인구총점":34.715,
            "일자리":14.21,
            "소득수준":50.45,
            "일자리총점":25.082,
            "가치 총점":51.3501,
            "매매실거래년":20201221.0,
            "매매실거래가":105000.0,
            "전세실거래년":20210726.0,
            "전세실거래가":52000.0,
            "전세가율":73.76,
            "장기전세가율평균":66.04,
            "전세가율거품지수":-7.72,
            "검색코드":26191,
            "세대수":1185.0,
            "준공년월":"2010-08-25",
            "준공년차":13.0,
            "가까운역이름":"독바위",
            "가까운역거리":166.74,
            "역세권여부":"역세권",
            "30분이내주요거점역":0,
            "30분거점역이름":"[]",
            "1시간이내주요거점역":3,
            "1시간거점역이름":"['을지로입구', '을지로3가', '명동']",
            "3km이내백화점수":0,
            "5km이내아울렛몰수":1,
            "1km이내대형먀트수":1,
            "500m이내은행수":0,
            "500m이내병원수":0,
            "5km이내대형병원수":3,
            "500m이내공원수":7,
            "3km이내혐오시설수":0,
            "초등학교학업성취도":89.99,
            "중학교학업성취도":74.9,
            "용적률":216,
            "건폐율":23,
            "Y":37.618763,
            "X":126.934884,
            "rank":10.0,
            "area_info":"23평(78.59), 24평(79.34), 24평(79.4), 24평(79.34), 33평(110.67), 33평(110.67), 33평(111.41), 33평(111.52), 45평(149.28), 45평(149.28), 50평(167.77), 50평(167.77)",
            "last_sales":"2020-12-21,105000.0,50평(167.77)",
            "rank_history":[
                [
                    "202202",
                    10
                ],
                [
                    "202201",
                    20
                ]
            ],
            "rank_gap":10
        },
        {
            "index":233,
            "아파트명":"DMC SK뷰",
            "투자타입":"일반",
            "전용면적(m2)":"84.89",
            "전용면적(평)":"25평",
            "법정동주소":"서울시 은평구 수색동 30-2",
            "도로명주소":"서울시 은평구 수색로 216",
            "세대수":80,
            "입주년차":100,
            "용적률점수":"--",
            "건폐율점수":"--",
            "세대당주차수":30,
            "난방방식":30,
            "공급면적":"--",
            "전용률":"--",
            "욕실수":100,
            "현관타입":100,
            "주거총점":75.5,
            "지역구공급총점":0.0,
            "역세권":80,
            "30분내 이동가능 거점":0,
            "1시간내 이동가능 거점":50,
            "교통총점":50.0,
            "백화점":0,
            "아울렛몰":0,
            "대형마트":100,
            "은행":20,
            "병원":0,
            "종합병원":100,
            "공원":0,
            "혐오시설":-50,
            "인프라총점":36.0,
            "초등학군":89.99,
            "중학군":39.22,
            "학군총점":49.374,
            "인구수":51.83,
            "인구증감":-5.22,
            "인구총점":34.715,
            "일자리":14.21,
            "소득수준":50.45,
            "일자리총점":25.082,
            "가치 총점":50.8061,
            "매매실거래년":20210909.0,
            "매매실거래가":150000.0,
            "전세실거래년":null,
            "전세실거래가":null,
            "전세가율":null,
            "장기전세가율평균":66.04,
            "전세가율거품지수":null,
            "검색코드":124651,
            "세대수":753.0,
            "준공년월":"2021-10-01",
            "준공년차":2.0,
            "가까운역이름":"수색",
            "가까운역거리":382.43,
            "역세권여부":"역세권",
            "30분이내주요거점역":0,
            "30분거점역이름":"[]",
            "1시간이내주요거점역":5,
            "1시간거점역이름":"['여의도', '을지로입구', '을지로3가', '명동', '대화']",
            "3km이내백화점수":0,
            "5km이내아울렛몰수":0,
            "1km이내대형먀트수":2,
            "500m이내은행수":2,
            "500m이내병원수":0,
            "5km이내대형병원수":3,
            "500m이내공원수":0,
            "3km이내혐오시설수":1,
            "초등학교학업성취도":89.99,
            "중학교학업성취도":63.1,
            "용적률":0,
            "건폐율":0,
            "Y":37.581003,
            "X":126.899946,
            "rank":11.0,
            "area_info":"25평(84.89), 25평(85.22), 34평(114.32), 35평(117.72), 35평(117.52), 35평(117.66), 35평(118.36), 45평(149.89)",
            "last_sales":"2021-09-09,150000.0,34평(114.32)",
            "rank_history":[
                [
                    "202202",
                    11
                ],
                [
                    "202201",
                    11
                ]
            ],
            "rank_gap":0
        },
        {
            "index":163,
            "아파트명":"미성",
            "투자타입":"재건축",
            "전용면적(m2)":"86.47",
            "전용면적(평)":"26평",
            "법정동주소":"서울시 은평구 불광동 248",
            "도로명주소":"서울시 은평구 통일로 780",
            "세대수":90,
            "입주년차":"--",
            "용적률점수":60,
            "건폐율점수":100,
            "세대당주차수":"--",
            "난방방식":"--",
            "공급면적":70,
            "전용률":60,
            "욕실수":"--",
            "현관타입":"--",
            "주거총점":77.5,
            "지역구공급총점":0.0,
            "역세권":50,
            "30분내 이동가능 거점":0,
            "1시간내 이동가능 거점":60,
            "교통총점":37.0,
            "백화점":0,
            "아울렛몰":80,
            "대형마트":100,
            "은행":0,
            "병원":0,
            "종합병원":100,
            "공원":100,
            "혐오시설":0,
            "인프라총점":46.0,
            "초등학군":89.98,
            "중학군":39.96,
            "학군총점":49.964,
            "인구수":51.83,
            "인구증감":-5.22,
            "인구총점":34.715,
            "일자리":14.21,
            "소득수준":50.45,
            "일자리총점":25.082,
            "가치 총점":49.7446,
            "매매실거래년":20211215.0,
            "매매실거래가":81000.0,
            "전세실거래년":20211227.0,
            "전세실거래가":30000.0,
            "전세가율":37.04,
            "장기전세가율평균":66.04,
            "전세가율거품지수":29.0,
            "검색코드":780,
            "세대수":1340.0,
            "준공년월":"1988-10-13",
            "준공년차":35.0,
            "가까운역이름":"불광",
            "가까운역거리":542.61,
            "역세권여부":"준역세권",
            "30분이내주요거점역":0,
            "30분거점역이름":"[]",
            "1시간이내주요거점역":6,
            "1시간거점역이름":"['강남', '을지로입구', '을지로3가', '양재', '왕십리', '명동']",
            "3km이내백화점수":0,
            "5km이내아울렛몰수":1,
            "1km이내대형먀트수":2,
            "500m이내은행수":1,
            "500m이내병원수":0,
            "5km이내대형병원수":3,
            "500m이내공원수":5,
            "3km이내혐오시설수":0,
            "초등학교학업성취도":89.98,
            "중학교학업성취도":66.0,
            "용적률":227,
            "건폐율":17,
            "Y":37.615143,
            "X":126.928117,
            "rank":12.0,
            "area_info":"26평(86.47), 33평(109.75), 44평(146.65)",
            "last_sales":"2021-12-15,81000.0,26평(86.47)",
            "rank_history":[
                [
                    "202202",
                    12
                ],
                [
                    "202201",
                    10
                ]
            ],
            "rank_gap":-2
        },
        {
            "index":125,
            "아파트명":"현대",
            "투자타입":"재건축",
            "전용면적(m2)":"80.81",
            "전용면적(평)":"24평",
            "법정동주소":"서울시 은평구 녹번동 100-55",
            "도로명주소":"서울시 은평구 녹번로 40",
            "세대수":0,
            "입주년차":"--",
            "용적률점수":80,
            "건폐율점수":100,
            "세대당주차수":"--",
            "난방방식":"--",
            "공급면적":50,
            "전용률":60,
            "욕실수":"--",
            "현관타입":"--",
            "주거총점":57.5,
            "지역구공급총점":0.0,
            "역세권":50,
            "30분내 이동가능 거점":20,
            "1시간내 이동가능 거점":60,
            "교통총점":43.0,
            "백화점":0,
            "아울렛몰":80,
            "대형마트":100,
            "은행":70,
            "병원":0,
            "종합병원":100,
            "공원":100,
            "혐오시설":-50,
            "인프라총점":52.0,
            "초등학군":89.99,
            "중학군":40.34,
            "학군총점":50.27,
            "인구수":51.83,
            "인구증감":-5.22,
            "인구총점":34.715,
            "일자리":14.21,
            "소득수준":50.45,
            "일자리총점":25.082,
            "가치 총점":49.6905,
            "매매실거래년":20210623.0,
            "매매실거래가":50000.0,
            "전세실거래년":20200810.0,
            "전세실거래가":25200.0,
            "전세가율":64.62,
            "장기전세가율평균":66.04,
            "전세가율거품지수":1.42,
            "검색코드":779,
            "세대수":132.0,
            "준공년월":"1989-04-27",
            "준공년차":34.0,
            "가까운역이름":"역촌",
            "가까운역거리":575.6,
            "역세권여부":"준역세권",
            "30분이내주요거점역":1,
            "30분거점역이름":"['을지로입구']",
            "1시간이내주요거점역":6,
            "1시간거점역이름":"['강남', '을지로입구', '을지로3가', '양재', '왕십리', '명동']",
            "3km이내백화점수":0,
            "5km이내아울렛몰수":1,
            "1km이내대형먀트수":2,
            "500m이내은행수":3,
            "500m이내병원수":0,
            "5km이내대형병원수":5,
            "500m이내공원수":10,
            "3km이내혐오시설수":1,
            "초등학교학업성취도":89.99,
            "중학교학업성취도":66.5,
            "용적률":204,
            "건폐율":17,
            "Y":37.604907,
            "X":126.929125,
            "rank":13.0,
            "area_info":"24평(80.81), 29평(97.31), 31평(103.04)",
            "last_sales":"2021-06-23,50000.0,29평(97.31)",
            "rank_history":[
                [
                    "202202",
                    13
                ],
                [
                    "202201",
                    12
                ]
            ],
            "rank_gap":-1
        },
        {
            "index":121,
            "아파트명":"해주드림빌",
            "투자타입":"일반",
            "전용면적(m2)":"68.72",
            "전용면적(평)":"20평",
            "법정동주소":"서울시 은평구 녹번동 279-1",
            "도로명주소":"서울시 은평구 응암로 366",
            "세대수":0,
            "입주년차":20,
            "용적률점수":"--",
            "건폐율점수":"--",
            "세대당주차수":60,
            "난방방식":30,
            "공급면적":"--",
            "전용률":"--",
            "욕실수":50,
            "현관타입":100,
            "주거총점":31.0,
            "지역구공급총점":0.0,
            "역세권":80,
            "30분내 이동가능 거점":20,
            "1시간내 이동가능 거점":60,
            "교통총점":58.0,
            "백화점":0,
            "아울렛몰":80,
            "대형마트":100,
            "은행":70,
            "병원":0,
            "종합병원":100,
            "공원":100,
            "혐오시설":-50,
            "인프라총점":52.0,
            "초등학군":89.99,
            "중학군":40.34,
            "학군총점":50.27,
            "인구수":51.83,
            "인구증감":-5.22,
            "인구총점":34.715,
            "일자리":14.21,
            "소득수준":50.45,
            "일자리총점":25.082,
            "가치 총점":49.6405,
            "매매실거래년":20200707.0,
            "매매실거래가":59900.0,
            "전세실거래년":20160402.0,
            "전세실거래가":21000.0,
            "전세가율":null,
            "장기전세가율평균":66.04,
            "전세가율거품지수":null,
            "검색코드":10237,
            "세대수":111.0,
            "준공년월":"2001-11-14",
            "준공년차":22.0,
            "가까운역이름":"역촌",
            "가까운역거리":245.53,
            "역세권여부":"역세권",
            "30분이내주요거점역":1,
            "30분거점역이름":"['을지로입구']",
            "1시간이내주요거점역":6,
            "1시간거점역이름":"['강남', '을지로입구', '을지로3가', '양재', '왕십리', '명동']",
            "3km이내백화점수":0,
            "5km이내아울렛몰수":1,
            "1km이내대형먀트수":2,
            "500m이내은행수":3,
            "500m이내병원수":0,
            "5km이내대형병원수":5,
            "500m이내공원수":6,
            "3km이내혐오시설수":1,
            "초등학교학업성취도":89.99,
            "중학교학업성취도":66.5,
            "용적률":232,
            "건폐율":28,
            "Y":37.60383,
            "X":126.92309,
            "rank":14.0,
            "area_info":"20평(68.72), 24평(81.35), 32평(106.24), 43평(142.68)",
            "last_sales":"2020-07-07,59900.0,43평(142.68)",
            "rank_history":[
                [
                    "202202",
                    14
                ],
                [
                    "202201",
                    9
                ]
            ],
            "rank_gap":-5
        },
        {
            "index":203,
            "아파트명":"북한산힐스테이트7차",
            "투자타입":"일반",
            "전용면적(m2)":"80.63",
            "전용면적(평)":"24평",
            "법정동주소":"서울시 은평구 불광동 643",
            "도로명주소":"서울시 은평구 통일로 796",
            "세대수":80,
            "입주년차":60,
            "용적률점수":"--",
            "건폐율점수":"--",
            "세대당주차수":60,
            "난방방식":30,
            "공급면적":"--",
            "전용률":"--",
            "욕실수":100,
            "현관타입":100,
            "주거총점":72.0,
            "지역구공급총점":0.0,
            "역세권":50,
            "30분내 이동가능 거점":0,
            "1시간내 이동가능 거점":60,
            "교통총점":37.0,
            "백화점":0,
            "아울렛몰":80,
            "대형마트":100,
            "은행":20,
            "병원":0,
            "종합병원":100,
            "공원":100,
            "혐오시설":0,
            "인프라총점":48.0,
            "초등학군":89.97,
            "중학군":39.96,
            "학군총점":49.962,
            "인구수":51.83,
            "인구증감":-5.22,
            "인구총점":34.715,
            "일자리":14.21,
            "소득수준":50.45,
            "일자리총점":25.082,
            "가치 총점":49.2443,
            "매매실거래년":20210830.0,
            "매매실거래가":144000.0,
            "전세실거래년":20211204.0,
            "전세실거래가":43500.0,
            "전세가율":41.04,
            "장기전세가율평균":66.04,
            "전세가율거품지수":25.0,
            "검색코드":26897,
            "세대수":882.0,
            "준공년월":"2011-07-29",
            "준공년차":12.0,
            "가까운역이름":"독바위",
            "가까운역거리":599.18,
            "역세권여부":"준역세권",
            "30분이내주요거점역":0,
            "30분거점역이름":"[]",
            "1시간이내주요거점역":6,
            "1시간거점역이름":"['강남', '을지로입구', '을지로3가', '양재', '왕십리', '명동']",
            "3km이내백화점수":0,
            "5km이내아울렛몰수":1,
            "1km이내대형먀트수":2,
            "500m이내은행수":2,
            "500m이내병원수":0,
            "5km이내대형병원수":3,
            "500m이내공원수":5,
            "3km이내혐오시설수":0,
            "초등학교학업성취도":89.97,
            "중학교학업성취도":66.0,
            "용적률":208,
            "건폐율":20,
            "Y":37.616195,
            "X":126.926856,
            "rank":15.0,
            "area_info":"24평(80.63), 24평(80.26), 33평(109.6), 33평(109.65), 33평(110.28), 33평(110.88), 33평(111.08), 42평(140.46), 42평(140.68), 50평(168.5)",
            "last_sales":"2021-08-30,144000.0,42평(140.46)",
            "rank_history":[
                [
                    "202202",
                    15
                ],
                [
                    "202201",
                    13
                ]
            ],
            "rank_gap":-2
        },
        {
            "index":546,
            "아파트명":"은평뉴타운꿈에그린",
            "투자타입":"일반",
            "전용면적(m2)":"91.81",
            "전용면적(평)":"27평",
            "법정동주소":"서울시 은평구 진관동 66",
            "도로명주소":"서울시 은평구 진관3로 33",
            "세대수":0,
            "입주년차":80,
            "용적률점수":"--",
            "건폐율점수":"--",
            "세대당주차수":0,
            "난방방식":100,
            "공급면적":"--",
            "전용률":"--",
            "욕실수":100,
            "현관타입":100,
            "주거총점":46.0,
            "지역구공급총점":0.0,
            "역세권":80,
            "30분내 이동가능 거점":0,
            "1시간내 이동가능 거점":30,
            "교통총점":46.0,
            "백화점":0,
            "아울렛몰":80,
            "대형마트":80,
            "은행":70,
            "병원":0,
            "종합병원":100,
            "공원":100,
            "혐오시설":0,
            "인프라총점":50.0,
            "초등학군":89.99,
            "중학군":51.3,
            "학군총점":59.038,
            "인구수":51.83,
            "인구증감":-5.22,
            "인구총점":34.715,
            "일자리":14.21,
            "소득수준":50.45,
            "일자리총점":25.082,
            "가치 총점":49.1557,
            "매매실거래년":20211002.0,
            "매매실거래가":85000.0,
            "전세실거래년":20211212.0,
            "전세실거래가":51000.0,
            "전세가율":60.0,
            "장기전세가율평균":66.04,
            "전세가율거품지수":6.04,
            "검색코드":113148,
            "세대수":142.0,
            "준공년월":"2018-03-22",
            "준공년차":5.0,
            "가까운역이름":"구파발",
            "가까운역거리":340.21,
            "역세권여부":"역세권",
            "30분이내주요거점역":0,
            "30분거점역이름":"[]",
            "1시간이내주요거점역":3,
            "1시간거점역이름":"['을지로입구', '을지로3가', '명동']",
            "3km이내백화점수":0,
            "5km이내아울렛몰수":1,
            "1km이내대형먀트수":1,
            "500m이내은행수":3,
            "500m이내병원수":0,
            "5km이내대형병원수":2,
            "500m이내공원수":2,
            "3km이내혐오시설수":0,
            "초등학교학업성취도":89.99,
            "중학교학업성취도":84.1,
            "용적률":491,
            "건폐율":59,
            "Y":37.639714,
            "X":126.919841,
            "rank":16.0,
            "area_info":"27평(91.81), 27평(91.42), 27평(92.53)",
            "last_sales":"2021-10-02,85000.0,27평(91.81)",
            "rank_history":[
                [
                    "202202",
                    16
                ],
                [
                    "202201",
                    24
                ]
            ],
            "rank_gap":8
        },
        {
            "index":88,
            "아파트명":"녹번현대2차",
            "투자타입":"일반",
            "전용면적(m2)":"114.02",
            "전용면적(평)":"34평",
            "법정동주소":"서울시 은평구 녹번동 278-1",
            "도로명주소":"서울시 은평구 서오릉로 46",
            "세대수":0,
            "입주년차":20,
            "용적률점수":"--",
            "건폐율점수":"--",
            "세대당주차수":60,
            "난방방식":30,
            "공급면적":"--",
            "전용률":"--",
            "욕실수":100,
            "현관타입":100,
            "주거총점":36.0,
            "지역구공급총점":0.0,
            "역세권":80,
            "30분내 이동가능 거점":20,
            "1시간내 이동가능 거점":50,
            "교통총점":56.0,
            "백화점":0,
            "아울렛몰":80,
            "대형마트":100,
            "은행":20,
            "병원":0,
            "종합병원":100,
            "공원":100,
            "혐오시설":-50,
            "인프라총점":47.0,
            "초등학군":89.99,
            "중학군":40.34,
            "학군총점":50.27,
            "인구수":51.83,
            "인구증감":-5.22,
            "인구총점":34.715,
            "일자리":14.21,
            "소득수준":50.45,
            "일자리총점":25.082,
            "가치 총점":48.4405,
            "매매실거래년":20211209.0,
            "매매실거래가":85000.0,
            "전세실거래년":20210520.0,
            "전세실거래가":65000.0,
            "전세가율":76.47,
            "장기전세가율평균":66.04,
            "전세가율거품지수":-10.43,
            "검색코드":10782,
            "세대수":192.0,
            "준공년월":"2001-05-24",
            "준공년차":22.0,
            "가까운역이름":"역촌",
            "가까운역거리":220.12,
            "역세권여부":"역세권",
            "30분이내주요거점역":1,
            "30분거점역이름":"['을지로입구']",
            "1시간이내주요거점역":5,
            "1시간거점역이름":"['강남', '을지로입구', '을지로3가', '왕십리', '명동']",
            "3km이내백화점수":0,
            "5km이내아울렛몰수":1,
            "1km이내대형먀트수":2,
            "500m이내은행수":2,
            "500m이내병원수":0,
            "5km이내대형병원수":5,
            "500m이내공원수":7,
            "3km이내혐오시설수":1,
            "초등학교학업성취도":89.99,
            "중학교학업성취도":66.5,
            "용적률":269,
            "건폐율":27,
            "Y":37.605357,
            "X":126.925098,
            "rank":17.0,
            "area_info":"34평(114.02), 47평(157.52)",
            "last_sales":"2021-12-09,85000.0,34평(114.02)",
            "rank_history":[
                [
                    "202202",
                    17
                ],
                [
                    "202201",
                    14
                ]
            ],
            "rank_gap":-3
        },
        {
            "index":112,
            "아파트명":"북한산푸르지오",
            "투자타입":"일반",
            "전용면적(m2)":"82.56",
            "전용면적(평)":"24평",
            "법정동주소":"서울시 은평구 녹번동 281",
            "도로명주소":"서울시 은평구 통일로 660",
            "세대수":90,
            "입주년차":80,
            "용적률점수":"--",
            "건폐율점수":"--",
            "세대당주차수":30,
            "난방방식":30,
            "공급면적":"--",
            "전용률":"--",
            "욕실수":100,
            "현관타입":100,
            "주거총점":75.0,
            "지역구공급총점":0.0,
            "역세권":50,
            "30분내 이동가능 거점":0,
            "1시간내 이동가능 거점":60,
            "교통총점":37.0,
            "백화점":0,
            "아울렛몰":80,
            "대형마트":80,
            "은행":0,
            "병원":0,
            "종합병원":100,
            "공원":100,
            "혐오시설":-50,
            "인프라총점":42.0,
            "초등학군":89.99,
            "중학군":40.34,
            "학군총점":50.27,
            "인구수":51.83,
            "인구증감":-5.22,
            "인구총점":34.715,
            "일자리":14.21,
            "소득수준":50.45,
            "일자리총점":25.082,
            "가치 총점":48.0905,
            "매매실거래년":20211015.0,
            "매매실거래가":134500.0,
            "전세실거래년":20211223.0,
            "전세실거래가":44500.0,
            "전세가율":45.18,
            "장기전세가율평균":66.04,
            "전세가율거품지수":20.86,
            "검색코드":107610,
            "세대수":1230.0,
            "준공년월":"2015-07-01",
            "준공년차":8.0,
            "가까운역이름":"녹번",
            "가까운역거리":661.48,
            "역세권여부":"준역세권",
            "30분이내주요거점역":0,
            "30분거점역이름":"[]",
            "1시간이내주요거점역":6,
            "1시간거점역이름":"['강남', '을지로입구', '을지로3가', '양재', '왕십리', '명동']",
            "3km이내백화점수":0,
            "5km이내아울렛몰수":1,
            "1km이내대형먀트수":1,
            "500m이내은행수":0,
            "500m이내병원수":0,
            "5km이내대형병원수":5,
            "500m이내공원수":3,
            "3km이내혐오시설수":1,
            "초등학교학업성취도":89.99,
            "중학교학업성취도":66.5,
            "용적률":222,
            "건폐율":23,
            "Y":37.606856,
            "X":126.936368,
            "rank":18.0,
            "area_info":"24평(82.56), 29평(96.21), 32평(107.44), 32평(108.28), 34평(114.78), 34평(115.7), 42평(139.66), 42평(140.54), 43평(144.72)",
            "last_sales":"2021-10-15,134500.0,43평(144.72)",
            "rank_history":[
                [
                    "202202",
                    18
                ],
                [
                    "202201",
                    18
                ]
            ],
            "rank_gap":0
        },
        {
            "index":136,
            "아파트명":"삼성타운",
            "투자타입":"일반",
            "전용면적(m2)":"87.74",
            "전용면적(평)":"26평",
            "법정동주소":"서울시 은평구 대조동 231",
            "도로명주소":"서울시 은평구 서오릉로 94",
            "세대수":30,
            "입주년차":0,
            "용적률점수":"--",
            "건폐율점수":"--",
            "세대당주차수":30,
            "난방방식":30,
            "공급면적":"--",
            "전용률":"--",
            "욕실수":50,
            "현관타입":10,
            "주거총점":24.0,
            "지역구공급총점":0.0,
            "역세권":80,
            "30분내 이동가능 거점":20,
            "1시간내 이동가능 거점":60,
            "교통총점":58.0,
            "백화점":0,
            "아울렛몰":80,
            "대형마트":100,
            "은행":0,
            "병원":0,
            "종합병원":100,
            "공원":100,
            "혐오시설":0,
            "인프라총점":46.0,
            "초등학군":89.99,
            "중학군":47.16,
            "학군총점":55.726,
            "인구수":51.83,
            "인구증감":-5.22,
            "인구총점":34.715,
            "일자리":14.21,
            "소득수준":50.45,
            "일자리총점":25.082,
            "가치 총점":47.2589,
            "매매실거래년":20211217.0,
            "매매실거래가":67000.0,
            "전세실거래년":20211028.0,
            "전세실거래가":41000.0,
            "전세가율":61.19,
            "장기전세가율평균":66.04,
            "전세가율거품지수":4.85,
            "검색코드":3818,
            "세대수":357.0,
            "준공년월":"1997-11-04",
            "준공년차":26.0,
            "가까운역이름":"역촌",
            "가까운역거리":344.18,
            "역세권여부":"역세권",
            "30분이내주요거점역":1,
            "30분거점역이름":"['을지로입구']",
            "1시간이내주요거점역":6,
            "1시간거점역이름":"['강남', '을지로입구', '을지로3가', '왕십리', '명동', '대화']",
            "3km이내백화점수":0,
            "5km이내아울렛몰수":1,
            "1km이내대형먀트수":2,
            "500m이내은행수":1,
            "500m이내병원수":0,
            "5km이내대형병원수":4,
            "500m이내공원수":5,
            "3km이내혐오시설수":0,
            "초등학교학업성취도":89.99,
            "중학교학업성취도":77.0,
            "용적률":339,
            "건폐율":70,
            "Y":37.608984,
            "X":126.921614,
            "rank":19.0,
            "area_info":"26평(87.74), 32평(108.47), 32평(108.48), 46평(154.15)",
            "last_sales":"2021-12-17,67000.0,26평(87.74)",
            "rank_history":[
                [
                    "202202",
                    19
                ],
                [
                    "202201",
                    16
                ]
            ],
            "rank_gap":-3
        },
        {
            "index":241,
            "아파트명":"DMC롯데캐슬더퍼스트",
            "투자타입":"일반",
            "전용면적(m2)":"59.82",
            "전용면적(평)":"18평",
            "법정동주소":"서울시 은평구 수색동 417",
            "도로명주소":"서울시 은평구 수색로 300",
            "세대수":90,
            "입주년차":100,
            "용적률점수":"--",
            "건폐율점수":"--",
            "세대당주차수":30,
            "난방방식":30,
            "공급면적":"--",
            "전용률":"--",
            "욕실수":50,
            "현관타입":100,
            "주거총점":74.0,
            "지역구공급총점":0.0,
            "역세권":50,
            "30분내 이동가능 거점":0,
            "1시간내 이동가능 거점":50,
            "교통총점":35.0,
            "백화점":0,
            "아울렛몰":0,
            "대형마트":100,
            "은행":0,
            "병원":0,
            "종합병원":100,
            "공원":80,
            "혐오시설":-50,
            "인프라총점":36.4,
            "초등학군":90.0,
            "중학군":53.18,
            "학군총점":60.544,
            "인구수":51.83,
            "인구증감":-5.22,
            "인구총점":34.715,
            "일자리":14.21,
            "소득수준":50.45,
            "일자리총점":25.082,
            "가치 총점":47.0516,
            "매매실거래년":20180829.0,
            "매매실거래가":92702.0,
            "전세실거래년":null,
            "전세실거래가":null,
            "전세가율":null,
            "장기전세가율평균":66.04,
            "전세가율거품지수":null,
            "검색코드":118025,
            "세대수":1192.0,
            "준공년월":"2020-06-01",
            "준공년차":3.0,
            "가까운역이름":"수색",
            "가까운역거리":545.09,
            "역세권여부":"준역세권",
            "30분이내주요거점역":0,
            "30분거점역이름":"[]",
            "1시간이내주요거점역":5,
            "1시간거점역이름":"['여의도', '을지로입구', '을지로3가', '명동', '대화']",
            "3km이내백화점수":0,
            "5km이내아울렛몰수":0,
            "1km이내대형먀트수":2,
            "500m이내은행수":1,
            "500m이내병원수":0,
            "5km이내대형병원수":4,
            "500m이내공원수":1,
            "3km이내혐오시설수":1,
            "초등학교학업성취도":90.0,
            "중학교학업성취도":86.5,
            "용적률":260,
            "건폐율":22,
            "Y":37.584794,
            "X":126.891951,
            "rank":20.0,
            "area_info":"18평(59.82), 22평(74.32), 25평(85.78), 33평(112.06), 34평(113.41), 34평(113.63), 40평(132.43), 40평(133.29), 45평(151.11)",
            "last_sales":"2018-08-29,92702.0,45평(151.11)",
            "rank_history":[
                [
                    "202202",
                    20
                ],
                [
                    "202201",
                    23
                ]
            ],
            "rank_gap":3
        },
        {
            "index":523,
            "아파트명":"은평뉴타운구파발9단지래미안",
            "투자타입":"일반",
            "전용면적(m2)":"104.38",
            "전용면적(평)":"31평",
            "법정동주소":"서울시 은평구 진관동 25",
            "도로명주소":"서울시 은평구 진관3로 77",
            "세대수":50,
            "입주년차":60,
            "용적률점수":"--",
            "건폐율점수":"--",
            "세대당주차수":60,
            "난방방식":100,
            "공급면적":"--",
            "전용률":"--",
            "욕실수":100,
            "현관타입":100,
            "주거총점":68.5,
            "지역구공급총점":0.0,
            "역세권":50,
            "30분내 이동가능 거점":0,
            "1시간내 이동가능 거점":30,
            "교통총점":31.0,
            "백화점":0,
            "아울렛몰":80,
            "대형마트":80,
            "은행":20,
            "병원":0,
            "종합병원":100,
            "공원":80,
            "혐오시설":0,
            "인프라총점":44.4,
            "초등학군":89.99,
            "중학군":51.3,
            "학군총점":59.038,
            "인구수":51.83,
            "인구증감":-5.22,
            "인구총점":34.715,
            "일자리":14.21,
            "소득수준":50.45,
            "일자리총점":25.082,
            "가치 총점":46.7257,
            "매매실거래년":20210710.0,
            "매매실거래가":104000.0,
            "전세실거래년":20220120.0,
            "전세실거래가":63000.0,
            "전세가율":60.58,
            "장기전세가율평균":66.04,
            "전세가율거품지수":5.46,
            "검색코드":101327,
            "세대수":486.0,
            "준공년월":"2010-07-09",
            "준공년차":13.0,
            "가까운역이름":"구파발",
            "가까운역거리":738.54,
            "역세권여부":"준역세권",
            "30분이내주요거점역":0,
            "30분거점역이름":"[]",
            "1시간이내주요거점역":3,
            "1시간거점역이름":"['을지로입구', '을지로3가', '명동']",
            "3km이내백화점수":0,
            "5km이내아울렛몰수":1,
            "1km이내대형먀트수":1,
            "500m이내은행수":2,
            "500m이내병원수":0,
            "5km이내대형병원수":2,
            "500m이내공원수":1,
            "3km이내혐오시설수":0,
            "초등학교학업성취도":89.99,
            "중학교학업성취도":84.1,
            "용적률":149,
            "건폐율":23,
            "Y":37.643258,
            "X":126.920575,
            "rank":21.0,
            "area_info":"31평(104.38), 31평(104.96), 31평(105.31), 31평(105.49), 38평(126.31), 38평(126.22), 38평(126.19), 49평(164.96), 50평(165.59), 61평(203.24), 61평(203.78)",
            "last_sales":"2021-07-10,104000.0,31평(104.38)",
            "rank_history":[
                [
                    "202202",
                    21
                ],
                [
                    "202201",
                    36
                ]
            ],
            "rank_gap":15
        },
        {
            "index":277,
            "아파트명":"미성",
            "투자타입":"재건축",
            "전용면적(m2)":"85.76",
            "전용면적(평)":"25평",
            "법정동주소":"서울시 은평구 신사동 140-1",
            "도로명주소":"서울시 은평구 증산로15길 35-10",
            "세대수":50,
            "입주년차":"--",
            "용적률점수":80,
            "건폐율점수":100,
            "세대당주차수":"--",
            "난방방식":"--",
            "공급면적":70,
            "전용률":60,
            "욕실수":"--",
            "현관타입":"--",
            "주거총점":73.5,
            "지역구공급총점":0.0,
            "역세권":80,
            "30분내 이동가능 거점":0,
            "1시간내 이동가능 거점":0,
            "교통총점":40.0,
            "백화점":0,
            "아울렛몰":0,
            "대형마트":80,
            "은행":0,
            "병원":0,
            "종합병원":100,
            "공원":100,
            "혐오시설":0,
            "인프라총점":35.0,
            "초등학군":89.99,
            "중학군":40.14,
            "학군총점":50.11,
            "인구수":51.83,
            "인구증감":-5.22,
            "인구총점":34.715,
            "일자리":14.21,
            "소득수준":50.45,
            "일자리총점":25.082,
            "가치 총점":46.7165,
            "매매실거래년":20220113.0,
            "매매실거래가":69300.0,
            "전세실거래년":20220122.0,
            "전세실거래가":39000.0,
            "전세가율":56.28,
            "장기전세가율평균":66.04,
            "전세가율거품지수":9.76,
            "검색코드":783,
            "세대수":570.0,
            "준공년월":"1987-11-27",
            "준공년차":36.0,
            "가까운역이름":"새절",
            "가까운역거리":454.15,
            "역세권여부":"역세권",
            "30분이내주요거점역":0,
            "30분거점역이름":"[]",
            "1시간이내주요거점역":0,
            "1시간거점역이름":"[]",
            "3km이내백화점수":0,
            "5km이내아울렛몰수":0,
            "1km이내대형먀트수":1,
            "500m이내은행수":0,
            "500m이내병원수":0,
            "5km이내대형병원수":5,
            "500m이내공원수":4,
            "3km이내혐오시설수":0,
            "초등학교학업성취도":89.99,
            "중학교학업성취도":66.3,
            "용적률":185,
            "건폐율":14,
            "Y":37.58962,
            "X":126.908849,
            "rank":22.0,
            "area_info":"25평(85.76), 33평(110.08)",
            "last_sales":"2022-01-13,69300.0,25평(85.76)",
            "rank_history":[
                [
                    "202202",
                    22
                ],
                [
                    "202201",
                    38
                ]
            ],
            "rank_gap":16
        },
        {
            "index":140,
            "아파트명":"주주베(도시형)",
            "투자타입":"일반",
            "전용면적(m2)":"19.54",
            "전용면적(평)":"5평",
            "법정동주소":"서울시 은평구 대조동 9-14",
            "도로명주소":"서울시 은평구 통일로67길 9",
            "세대수":0,
            "입주년차":80,
            "용적률점수":"--",
            "건폐율점수":"--",
            "세대당주차수":0,
            "난방방식":30,
            "공급면적":"--",
            "전용률":"--",
            "욕실수":50,
            "현관타입":10,
            "주거총점":25.0,
            "지역구공급총점":0.0,
            "역세권":80,
            "30분내 이동가능 거점":0,
            "1시간내 이동가능 거점":60,
            "교통총점":52.0,
            "백화점":0,
            "아울렛몰":80,
            "대형마트":80,
            "은행":70,
            "병원":0,
            "종합병원":100,
            "공원":100,
            "혐오시설":0,
            "인프라총점":50.0,
            "초등학군":89.97,
            "중학군":47.16,
            "학군총점":55.722,
            "인구수":51.83,
            "인구증감":-5.22,
            "인구총점":34.715,
            "일자리":14.21,
            "소득수준":50.45,
            "일자리총점":25.082,
            "가치 총점":46.5583,
            "매매실거래년":20211216.0,
            "매매실거래가":15500.0,
            "전세실거래년":20220105.0,
            "전세실거래가":15500.0,
            "전세가율":100.0,
            "장기전세가율평균":66.04,
            "전세가율거품지수":-33.96,
            "검색코드":108671,
            "세대수":133.0,
            "준공년월":"2014-05-12",
            "준공년차":9.0,
            "가까운역이름":"불광",
            "가까운역거리":123.3,
            "역세권여부":"역세권",
            "30분이내주요거점역":0,
            "30분거점역이름":"[]",
            "1시간이내주요거점역":6,
            "1시간거점역이름":"['강남', '을지로입구', '을지로3가', '양재', '왕십리', '명동']",
            "3km이내백화점수":0,
            "5km이내아울렛몰수":1,
            "1km이내대형먀트수":1,
            "500m이내은행수":4,
            "500m이내병원수":0,
            "5km이내대형병원수":4,
            "500m이내공원수":2,
            "3km이내혐오시설수":0,
            "초등학교학업성취도":89.97,
            "중학교학업성취도":77.0,
            "용적률":466,
            "건폐율":59,
            "Y":37.610668,
            "X":126.92851,
            "rank":23.0,
            "area_info":"5평(19.54), 6평(19.96), 6평(20.48), 6평(20.46), 6평(21.38), 6평(21.52), 7평(23.98), 10평(33.9), 10평(33.9), 13평(45.51)",
            "last_sales":"2021-12-16,15500.0,5평(19.54)",
            "rank_history":[
                [
                    "202202",
                    23
                ],
                [
                    "202201",
                    17
                ]
            ],
            "rank_gap":-6
        },
        {
            "index":376,
            "아파트명":"백련산SK뷰아이파크",
            "투자타입":"일반",
            "전용면적(m2)":"83.96",
            "전용면적(평)":"25평",
            "법정동주소":"서울시 은평구 응암동 767",
            "도로명주소":"서울시 은평구 응암로30길 16",
            "세대수":90,
            "입주년차":100,
            "용적률점수":"--",
            "건폐율점수":"--",
            "세대당주차수":30,
            "난방방식":30,
            "공급면적":"--",
            "전용률":"--",
            "욕실수":100,
            "현관타입":100,
            "주거총점":79.0,
            "지역구공급총점":0.0,
            "역세권":50,
            "30분내 이동가능 거점":0,
            "1시간내 이동가능 거점":0,
            "교통총점":25.0,
            "백화점":0,
            "아울렛몰":80,
            "대형마트":100,
            "은행":20,
            "병원":0,
            "종합병원":100,
            "공원":100,
            "혐오시설":0,
            "인프라총점":48.0,
            "초등학군":89.99,
            "중학군":40.34,
            "학군총점":50.27,
            "인구수":51.83,
            "인구증감":-5.22,
            "인구총점":34.715,
            "일자리":14.21,
            "소득수준":50.45,
            "일자리총점":25.082,
            "가치 총점":46.4905,
            "매매실거래년":20220125.0,
            "매매실거래가":110000.0,
            "전세실거래년":20220109.0,
            "전세실거래가":57000.0,
            "전세가율":62.43,
            "장기전세가율평균":66.04,
            "전세가율거품지수":3.61,
            "검색코드":116158,
            "세대수":1305.0,
            "준공년월":"2020-05-21",
            "준공년차":3.0,
            "가까운역이름":"응암",
            "가까운역거리":599.49,
            "역세권여부":"준역세권",
            "30분이내주요거점역":0,
            "30분거점역이름":"[]",
            "1시간이내주요거점역":0,
            "1시간거점역이름":"[]",
            "3km이내백화점수":0,
            "5km이내아울렛몰수":1,
            "1km이내대형먀트수":2,
            "500m이내은행수":2,
            "500m이내병원수":0,
            "5km이내대형병원수":5,
            "500m이내공원수":6,
            "3km이내혐오시설수":0,
            "초등학교학업성취도":89.99,
            "중학교학업성취도":66.5,
            "용적률":258,
            "건폐율":15,
            "Y":37.595216,
            "X":126.920869,
            "rank":24.0,
            "area_info":"25평(83.96), 25평(84.32), 26평(86.01), 33평(111.81), 39평(129.01)",
            "last_sales":"2022-01-25,110000.0,33평(111.81)",
            "rank_history":[
                [
                    "202202",
                    24
                ],
                [
                    "202201",
                    19
                ]
            ],
            "rank_gap":-5
        },
        {
            "index":890,
            "아파트명":"은평뉴타운우물골7단지",
            "투자타입":"일반",
            "전용면적(m2)":"103.72",
            "전용면적(평)":"31평",
            "법정동주소":"서울시 은평구 진관동 84",
            "도로명주소":"서울시 은평구 진관2로 57-37",
            "세대수":50,
            "입주년차":60,
            "용적률점수":"--",
            "건폐율점수":"--",
            "세대당주차수":80,
            "난방방식":100,
            "공급면적":"--",
            "전용률":"--",
            "욕실수":100,
            "현관타입":50,
            "주거총점":66.5,
            "지역구공급총점":0.0,
            "역세권":50,
            "30분내 이동가능 거점":0,
            "1시간내 이동가능 거점":30,
            "교통총점":31.0,
            "백화점":0,
            "아울렛몰":80,
            "대형마트":80,
            "은행":0,
            "병원":0,
            "종합병원":100,
            "공원":100,
            "혐오시설":0,
            "인프라총점":43.0,
            "초등학군":89.99,
            "중학군":54.12,
            "학군총점":61.294,
            "인구수":51.83,
            "인구증감":-5.22,
            "인구총점":34.715,
            "일자리":14.21,
            "소득수준":50.45,
            "일자리총점":25.082,
            "가치 총점":46.2441,
            "매매실거래년":20211102.0,
            "매매실거래가":148000.0,
            "전세실거래년":20211223.0,
            "전세실거래가":49300.0,
            "전세가율":46.29,
            "장기전세가율평균":66.04,
            "전세가율거품지수":19.75,
            "검색코드":26876,
            "세대수":472.0,
            "준공년월":"2010-01-15",
            "준공년차":13.0,
            "가까운역이름":"구파발",
            "가까운역거리":823.6,
            "역세권여부":"준역세권",
            "30분이내주요거점역":0,
            "30분거점역이름":"[]",
            "1시간이내주요거점역":3,
            "1시간거점역이름":"['을지로입구', '을지로3가', '명동']",
            "3km이내백화점수":0,
            "5km이내아울렛몰수":1,
            "1km이내대형먀트수":1,
            "500m이내은행수":0,
            "500m이내병원수":0,
            "5km이내대형병원수":2,
            "500m이내공원수":2,
            "3km이내혐오시설수":0,
            "초등학교학업성취도":89.99,
            "중학교학업성취도":87.8,
            "용적률":136,
            "건폐율":28,
            "Y":37.63711,
            "X":126.928164,
            "rank":25.0,
            "area_info":"31평(103.72), 31평(103.7), 31평(104.85), 31평(105.05), 31평(105.05), 32평(107.24), 37평(124.53), 37평(124.1), 37평(124.28), 37평(125.54), 38평(125.77), 38평(125.77), 37평(125.31), 49평(163.78), 49평(163.78), 49평(164.76), 49평(164.72), 49평(164.72), 49평(164.82), 49평(164.95), 49평(164.95), 49평(164.48), 49평(165.12), 50평(165.6), 50평(165.59), 50평(165.77), 50평(165.53), 50평(166.32), 50평(166.32), 50평(167.12), 50평(168.19), 61평(202.59), 61평(202.37), 61평(203.26), 61평(203.26), 61평(203.1), 61평(204.67), 62평(205.22), 62평(207.41), 63평(211.44)",
            "last_sales":"2021-11-02,148000.0,49평(164.95)",
            "rank_history":[
                [
                    "202202",
                    25
                ],
                [
                    "202201",
                    41
                ]
            ],
            "rank_gap":16
        },
        {
            "index":261,
            "아파트명":"디엠씨자이1단지",
            "투자타입":"일반",
            "전용면적(m2)":"142.51",
            "전용면적(평)":"43평",
            "법정동주소":"서울시 은평구 수색동 75",
            "도로명주소":"서울시 은평구 수색로 217",
            "세대수":0,
            "입주년차":60,
            "용적률점수":"--",
            "건폐율점수":"--",
            "세대당주차수":100,
            "난방방식":30,
            "공급면적":"--",
            "전용률":"--",
            "욕실수":100,
            "현관타입":50,
            "주거총점":45.0,
            "지역구공급총점":0.0,
            "역세권":80,
            "30분내 이동가능 거점":0,
            "1시간내 이동가능 거점":50,
            "교통총점":50.0,
            "백화점":0,
            "아울렛몰":0,
            "대형마트":100,
            "은행":70,
            "병원":0,
            "종합병원":100,
            "공원":0,
            "혐오시설":-50,
            "인프라총점":41.0,
            "초등학군":89.99,
            "중학군":39.22,
            "학군총점":49.374,
            "인구수":51.83,
            "인구증감":-5.22,
            "인구총점":34.715,
            "일자리":14.21,
            "소득수준":50.45,
            "일자리총점":25.082,
            "가치 총점":46.2061,
            "매매실거래년":20211028.0,
            "매매실거래가":135000.0,
            "전세실거래년":20210907.0,
            "전세실거래가":85000.0,
            "전세가율":62.96,
            "장기전세가율평균":66.04,
            "전세가율거품지수":3.08,
            "검색코드":27289,
            "세대수":209.0,
            "준공년월":"2009-09-24",
            "준공년차":14.0,
            "가까운역이름":"수색",
            "가까운역거리":340.77,
            "역세권여부":"역세권",
            "30분이내주요거점역":0,
            "30분거점역이름":"[]",
            "1시간이내주요거점역":5,
            "1시간거점역이름":"['여의도', '을지로입구', '을지로3가', '명동', '대화']",
            "3km이내백화점수":0,
            "5km이내아울렛몰수":0,
            "1km이내대형먀트수":2,
            "500m이내은행수":3,
            "500m이내병원수":0,
            "5km이내대형병원수":5,
            "500m이내공원수":0,
            "3km이내혐오시설수":1,
            "초등학교학업성취도":89.99,
            "중학교학업성취도":63.1,
            "용적률":498,
            "건폐율":49,
            "Y":37.579247,
            "X":126.898913,
            "rank":26.0,
            "area_info":"43평(142.51), 45평(150.73), 45평(151.26), 49평(164.43), 67평(224.29), 75평(251.03), 76평(251.56)",
            "last_sales":"2021-10-28,135000.0,43평(142.51)",
            "rank_history":[
                [
                    "202202",
                    26
                ],
                [
                    "202201",
                    26
                ]
            ],
            "rank_gap":0
        },
        {
            "index":509,
            "아파트명":"은평뉴타운구파발10단지어울림",
            "투자타입":"일반",
            "전용면적(m2)":"106.91",
            "전용면적(평)":"32평",
            "법정동주소":"서울시 은평구 진관동 27",
            "도로명주소":"서울시 은평구 진관3로 15-45",
            "세대수":30,
            "입주년차":60,
            "용적률점수":"--",
            "건폐율점수":"--",
            "세대당주차수":60,
            "난방방식":100,
            "공급면적":"--",
            "전용률":"--",
            "욕실수":100,
            "현관타입":100,
            "주거총점":61.5,
            "지역구공급총점":0.0,
            "역세권":50,
            "30분내 이동가능 거점":0,
            "1시간내 이동가능 거점":40,
            "교통총점":33.0,
            "백화점":0,
            "아울렛몰":80,
            "대형마트":80,
            "은행":20,
            "병원":0,
            "종합병원":100,
            "공원":80,
            "혐오시설":0,
            "인프라총점":44.4,
            "초등학군":89.99,
            "중학군":51.3,
            "학군총점":59.038,
            "인구수":51.83,
            "인구증감":-5.22,
            "인구총점":34.715,
            "일자리":14.21,
            "소득수준":50.45,
            "일자리총점":25.082,
            "가치 총점":46.0257,
            "매매실거래년":20220114.0,
            "매매실거래가":130000.0,
            "전세실거래년":20210508.0,
            "전세실거래가":57000.0,
            "전세가율":58.76,
            "장기전세가율평균":66.04,
            "전세가율거품지수":7.28,
            "검색코드":101326,
            "세대수":334.0,
            "준공년월":"2010-11-30",
            "준공년차":13.0,
            "가까운역이름":"지축",
            "가까운역거리":564.8,
            "역세권여부":"준역세권",
            "30분이내주요거점역":0,
            "30분거점역이름":"[]",
            "1시간이내주요거점역":4,
            "1시간거점역이름":"['을지로입구', '을지로3가', '명동', '대화']",
            "3km이내백화점수":0,
            "5km이내아울렛몰수":1,
            "1km이내대형먀트수":1,
            "500m이내은행수":2,
            "500m이내병원수":0,
            "5km이내대형병원수":2,
            "500m이내공원수":1,
            "3km이내혐오시설수":0,
            "초등학교학업성취도":89.99,
            "중학교학업성취도":84.1,
            "용적률":149,
            "건폐율":23,
            "Y":37.643797,
            "X":126.917462,
            "rank":27.0,
            "area_info":"32평(106.91), 32평(107.42), 32평(107.49), 32평(107.42), 38평(127.89), 38평(128.02), 40평(133.95), 50평(168.18), 51평(170.28), 51평(170.22), 51평(170.63), 51평(171.81), 52평(172.23), 62평(207.38)",
            "last_sales":"2022-01-14,130000.0,62평(207.38)",
            "rank_history":[
                [
                    "202202",
                    27
                ],
                [
                    "202201",
                    49
                ]
            ],
            "rank_gap":22
        },
        {
            "index":549,
            "아파트명":"은평뉴타운마고정11단지",
            "투자타입":"일반",
            "전용면적(m2)":"106.72",
            "전용면적(평)":"32평",
            "법정동주소":"서울시 은평구 진관동 106",
            "도로명주소":"서울시 은평구 진관1로 55",
            "세대수":50,
            "입주년차":60,
            "용적률점수":"--",
            "건폐율점수":"--",
            "세대당주차수":60,
            "난방방식":100,
            "공급면적":"--",
            "전용률":"--",
            "욕실수":100,
            "현관타입":50,
            "주거총점":63.5,
            "지역구공급총점":0.0,
            "역세권":50,
            "30분내 이동가능 거점":0,
            "1시간내 이동가능 거점":30,
            "교통총점":31.0,
            "백화점":0,
            "아울렛몰":80,
            "대형마트":80,
            "은행":0,
            "병원":0,
            "종합병원":100,
            "공원":100,
            "혐오시설":0,
            "인프라총점":43.0,
            "초등학군":89.99,
            "중학군":54.12,
            "학군총점":61.294,
            "인구수":51.83,
            "인구증감":-5.22,
            "인구총점":34.715,
            "일자리":14.21,
            "소득수준":50.45,
            "일자리총점":25.082,
            "가치 총점":45.6441,
            "매매실거래년":20210623.0,
            "매매실거래가":136000.0,
            "전세실거래년":20211117.0,
            "전세실거래가":25638.0,
            "전세가율":26.43,
            "장기전세가율평균":66.04,
            "전세가율거품지수":39.61,
            "검색코드":26879,
            "세대수":469.0,
            "준공년월":"2009-11-26",
            "준공년차":14.0,
            "가까운역이름":"구파발",
            "가까운역거리":823.85,
            "역세권여부":"준역세권",
            "30분이내주요거점역":0,
            "30분거점역이름":"[]",
            "1시간이내주요거점역":3,
            "1시간거점역이름":"['을지로입구', '을지로3가', '명동']",
            "3km이내백화점수":0,
            "5km이내아울렛몰수":1,
            "1km이내대형먀트수":1,
            "500m이내은행수":0,
            "500m이내병원수":0,
            "5km이내대형병원수":2,
            "500m이내공원수":7,
            "3km이내혐오시설수":0,
            "초등학교학업성취도":89.99,
            "중학교학업성취도":87.8,
            "용적률":177,
            "건폐율":15,
            "Y":37.632275,
            "X":126.926265,
            "rank":28.0,
            "area_info":"32평(106.72), 32평(107.2), 32평(108.41), 32평(108.41), 33평(109.2), 33평(110.4), 33평(111.9), 34평(112.45), 33평(112.24), 34평(113.81), 34평(113.41), 34평(113.81), 51평(168.86), 51평(170.81), 51평(171.31), 51평(171.31), 51평(171.31), 51평(171.31), 52평(172.64), 52평(172.18), 52평(172.9), 52평(172.18), 52평(173.36), 52평(173.02), 52평(174.59), 52평(174.48), 65평(215.28), 65평(215.32)",
            "last_sales":"2021-06-23,136000.0,52평(174.48)",
            "rank_history":[
                [
                    "202202",
                    28
                ],
                [
                    "202201",
                    46
                ]
            ],
            "rank_gap":18
        },
        {
            "index":616,
            "아파트명":"은평뉴타운박석고개힐스테이트12단지",
            "투자타입":"일반",
            "전용면적(m2)":"79.91",
            "전용면적(평)":"24평",
            "법정동주소":"서울시 은평구 진관동 101",
            "도로명주소":"서울시 은평구 진관1로 21-9",
            "세대수":50,
            "입주년차":60,
            "용적률점수":"--",
            "건폐율점수":"--",
            "세대당주차수":30,
            "난방방식":100,
            "공급면적":"--",
            "전용률":"--",
            "욕실수":100,
            "현관타입":100,
            "주거총점":64.0,
            "지역구공급총점":0.0,
            "역세권":50,
            "30분내 이동가능 거점":0,
            "1시간내 이동가능 거점":40,
            "교통총점":33.0,
            "백화점":0,
            "아울렛몰":80,
            "대형마트":80,
            "은행":20,
            "병원":0,
            "종합병원":100,
            "공원":80,
            "혐오시설":0,
            "인프라총점":44.4,
            "초등학군":89.99,
            "중학군":43.94,
            "학군총점":53.15,
            "인구수":51.83,
            "인구증감":-5.22,
            "인구총점":34.715,
            "일자리":14.21,
            "소득수준":50.45,
            "일자리총점":25.082,
            "가치 총점":45.6425,
            "매매실거래년":20211124.0,
            "매매실거래가":95000.0,
            "전세실거래년":20211110.0,
            "전세실거래가":12828.0,
            "전세가율":13.5,
            "장기전세가율평균":66.04,
            "전세가율거품지수":52.54,
            "검색코드":26870,
            "세대수":660.0,
            "준공년월":"2009-01-12",
            "준공년차":14.0,
            "가까운역이름":"구파발",
            "가까운역거리":569.14,
            "역세권여부":"준역세권",
            "30분이내주요거점역":0,
            "30분거점역이름":"[]",
            "1시간이내주요거점역":4,
            "1시간거점역이름":"['강남', '을지로입구', '을지로3가', '명동']",
            "3km이내백화점수":0,
            "5km이내아울렛몰수":1,
            "1km이내대형먀트수":1,
            "500m이내은행수":2,
            "500m이내병원수":0,
            "5km이내대형병원수":2,
            "500m이내공원수":1,
            "3km이내혐오시설수":0,
            "초등학교학업성취도":89.99,
            "중학교학업성취도":72.9,
            "용적률":186,
            "건폐율":21,
            "Y":37.631738,
            "X":126.92005,
            "rank":29.0,
            "area_info":"24평(79.91), 33평(111.75), 33평(111.38), 53평(176.29)",
            "last_sales":"2021-11-24,95000.0,24평(79.91)",
            "rank_history":[
                [
                    "202202",
                    29
                ],
                [
                    "202201",
                    37
                ]
            ],
            "rank_gap":8
        },
        {
            "index":832,
            "아파트명":"은평뉴타운솔하임(도시형)",
            "투자타입":"일반",
            "전용면적(m2)":"24.63",
            "전용면적(평)":"7평",
            "법정동주소":"서울시 은평구 진관동 60",
            "도로명주소":"서울시 은평구 통일로 1080",
            "세대수":0,
            "입주년차":80,
            "용적률점수":"--",
            "건폐율점수":"--",
            "세대당주차수":0,
            "난방방식":30,
            "공급면적":"--",
            "전용률":"--",
            "욕실수":50,
            "현관타입":10,
            "주거총점":25.0,
            "지역구공급총점":0.0,
            "역세권":80,
            "30분내 이동가능 거점":0,
            "1시간내 이동가능 거점":30,
            "교통총점":46.0,
            "백화점":0,
            "아울렛몰":100,
            "대형마트":80,
            "은행":70,
            "병원":0,
            "종합병원":100,
            "공원":100,
            "혐오시설":0,
            "인프라총점":52.0,
            "초등학군":89.99,
            "중학군":51.3,
            "학군총점":59.038,
            "인구수":51.83,
            "인구증감":-5.22,
            "인구총점":34.715,
            "일자리":14.21,
            "소득수준":50.45,
            "일자리총점":25.082,
            "가치 총점":45.5557,
            "매매실거래년":20220113.0,
            "매매실거래가":14000.0,
            "전세실거래년":20211102.0,
            "전세실거래가":14700.0,
            "전세가율":105.0,
            "장기전세가율평균":66.04,
            "전세가율거품지수":-38.96,
            "검색코드":110281,
            "세대수":260.0,
            "준공년월":"2017-09-28",
            "준공년차":6.0,
            "가까운역이름":"구파발",
            "가까운역거리":347.74,
            "역세권여부":"역세권",
            "30분이내주요거점역":0,
            "30분거점역이름":"[]",
            "1시간이내주요거점역":3,
            "1시간거점역이름":"['을지로입구', '을지로3가', '명동']",
            "3km이내백화점수":0,
            "5km이내아울렛몰수":2,
            "1km이내대형먀트수":1,
            "500m이내은행수":3,
            "500m이내병원수":0,
            "5km이내대형병원수":2,
            "500m이내공원수":3,
            "3km이내혐오시설수":0,
            "초등학교학업성취도":89.99,
            "중학교학업성취도":84.1,
            "용적률":499,
            "건폐율":55,
            "Y":37.639563,
            "X":126.917062,
            "rank":30.0,
            "area_info":"7평(24.63), 10평(33.95), 10평(34.42), 20평(67.22), 20평(67.42)",
            "last_sales":"2022-01-13,14000.0,7평(24.63)",
            "rank_history":[
                [
                    "202202",
                    30
                ],
                [
                    "202201",
                    39
                ]
            ],
            "rank_gap":9
        },
        {
            "index":172,
            "아파트명":"북한산래미안",
            "투자타입":"일반",
            "전용면적(m2)":"79.32",
            "전용면적(평)":"23평",
            "법정동주소":"서울시 은평구 불광동 638",
            "도로명주소":"서울시 은평구 진흥로 267",
            "세대수":50,
            "입주년차":60,
            "용적률점수":"--",
            "건폐율점수":"--",
            "세대당주차수":60,
            "난방방식":30,
            "공급면적":"--",
            "전용률":"--",
            "욕실수":100,
            "현관타입":100,
            "주거총점":61.5,
            "지역구공급총점":0.0,
            "역세권":50,
            "30분내 이동가능 거점":0,
            "1시간내 이동가능 거점":50,
            "교통총점":35.0,
            "백화점":0,
            "아울렛몰":80,
            "대형마트":80,
            "은행":0,
            "병원":0,
            "종합병원":100,
            "공원":80,
            "혐오시설":0,
            "인프라총점":42.4,
            "초등학군":89.99,
            "중학군":45.42,
            "학군총점":54.334,
            "인구수":51.83,
            "인구증감":-5.22,
            "인구총점":34.715,
            "일자리":14.21,
            "소득수준":50.45,
            "일자리총점":25.082,
            "가치 총점":45.4201,
            "매매실거래년":20211123.0,
            "매매실거래가":115000.0,
            "전세실거래년":20211015.0,
            "전세실거래가":37700.0,
            "전세가율":41.47,
            "장기전세가율평균":66.04,
            "전세가율거품지수":24.57,
            "검색코드":26427,
            "세대수":647.0,
            "준공년월":"2010-08-30",
            "준공년차":13.0,
            "가까운역이름":"불광",
            "가까운역거리":732.68,
            "역세권여부":"준역세권",
            "30분이내주요거점역":0,
            "30분거점역이름":"[]",
            "1시간이내주요거점역":5,
            "1시간거점역이름":"['강남', '을지로입구', '을지로3가', '왕십리', '명동']",
            "3km이내백화점수":0,
            "5km이내아울렛몰수":1,
            "1km이내대형먀트수":1,
            "500m이내은행수":0,
            "500m이내병원수":0,
            "5km이내대형병원수":4,
            "500m이내공원수":1,
            "3km이내혐오시설수":0,
            "초등학교학업성취도":89.99,
            "중학교학업성취도":74.9,
            "용적률":0,
            "건폐율":0,
            "Y":37.611296,
            "X":126.938139,
            "rank":31.0,
            "area_info":"23평(79.32), 24평(79.79), 33평(111.81), 34평(112.96), 34평(112.47), 45평(150.28), 45평(151.18)",
            "last_sales":"2021-11-23,115000.0,45평(150.28)",
            "rank_history":[
                [
                    "202202",
                    31
                ],
                [
                    "202201",
                    27
                ]
            ],
            "rank_gap":-4
        },
        {
            "index":363,
            "아파트명":"녹번역센트레빌",
            "투자타입":"일반",
            "전용면적(m2)":"79.49",
            "전용면적(평)":"24평",
            "법정동주소":"서울시 은평구 응암동 762",
            "도로명주소":"서울시 은평구 백련산로 160",
            "세대수":30,
            "입주년차":60,
            "용적률점수":"--",
            "건폐율점수":"--",
            "세대당주차수":30,
            "난방방식":30,
            "공급면적":"--",
            "전용률":"--",
            "욕실수":100,
            "현관타입":100,
            "주거총점":50.0,
            "지역구공급총점":0.0,
            "역세권":50,
            "30분내 이동가능 거점":0,
            "1시간내 이동가능 거점":50,
            "교통총점":35.0,
            "백화점":0,
            "아울렛몰":80,
            "대형마트":100,
            "은행":70,
            "병원":0,
            "종합병원":100,
            "공원":100,
            "혐오시설":-50,
            "인프라총점":52.0,
            "초등학군":89.99,
            "중학군":40.34,
            "학군총점":50.27,
            "인구수":51.83,
            "인구증감":-5.22,
            "인구총점":34.715,
            "일자리":14.21,
            "소득수준":50.45,
            "일자리총점":25.082,
            "가치 총점":45.3905,
            "매매실거래년":20220103.0,
            "매매실거래가":95000.0,
            "전세실거래년":20210603.0,
            "전세실거래가":47000.0,
            "전세가율":62.67,
            "장기전세가율평균":66.04,
            "전세가율거품지수":3.37,
            "검색코드":104927,
            "세대수":350.0,
            "준공년월":"2013-09-26",
            "준공년차":10.0,
            "가까운역이름":"역촌",
            "가까운역거리":867.28,
            "역세권여부":"준역세권",
            "30분이내주요거점역":0,
            "30분거점역이름":"[]",
            "1시간이내주요거점역":5,
            "1시간거점역이름":"['강남', '을지로입구', '을지로3가', '홍대입구', '명동']",
            "3km이내백화점수":0,
            "5km이내아울렛몰수":1,
            "1km이내대형먀트수":2,
            "500m이내은행수":4,
            "500m이내병원수":0,
            "5km이내대형병원수":6,
            "500m이내공원수":3,
            "3km이내혐오시설수":1,
            "초등학교학업성취도":89.99,
            "중학교학업성취도":66.5,
            "용적률":244,
            "건폐율":20,
            "Y":37.598708,
            "X":126.926167,
            "rank":32.0,
            "area_info":"24평(79.49), 23평(79.21), 33평(110.33), 33평(111.35), 44평(145.73), 43평(145.08)",
            "last_sales":"2022-01-03,95000.0,33평(110.33)",
            "rank_history":[
                [
                    "202202",
                    32
                ],
                [
                    "202201",
                    22
                ]
            ],
            "rank_gap":-10
        },
        {
            "index":869,
            "아파트명":"은평뉴타운우물골6단지",
            "투자타입":"일반",
            "전용면적(m2)":"103.93",
            "전용면적(평)":"31평",
            "법정동주소":"서울시 은평구 진관동 81",
            "도로명주소":"서울시 은평구 진관2로 57-7",
            "세대수":30,
            "입주년차":60,
            "용적률점수":"--",
            "건폐율점수":"--",
            "세대당주차수":60,
            "난방방식":100,
            "공급면적":"--",
            "전용률":"--",
            "욕실수":100,
            "현관타입":100,
            "주거총점":61.5,
            "지역구공급총점":0.0,
            "역세권":50,
            "30분내 이동가능 거점":0,
            "1시간내 이동가능 거점":30,
            "교통총점":31.0,
            "백화점":0,
            "아울렛몰":80,
            "대형마트":80,
            "은행":0,
            "병원":0,
            "종합병원":100,
            "공원":100,
            "혐오시설":0,
            "인프라총점":43.0,
            "초등학군":89.99,
            "중학군":54.12,
            "학군총점":61.294,
            "인구수":51.83,
            "인구증감":-5.22,
            "인구총점":34.715,
            "일자리":14.21,
            "소득수준":50.45,
            "일자리총점":25.082,
            "가치 총점":45.2441,
            "매매실거래년":20211228.0,
            "매매실거래가":129000.0,
            "전세실거래년":20220108.0,
            "전세실거래가":64000.0,
            "전세가율":51.61,
            "장기전세가율평균":66.04,
            "전세가율거품지수":14.43,
            "검색코드":26875,
            "세대수":353.0,
            "준공년월":"2009-12-23",
            "준공년차":14.0,
            "가까운역이름":"구파발",
            "가까운역거리":535.24,
            "역세권여부":"준역세권",
            "30분이내주요거점역":0,
            "30분거점역이름":"[]",
            "1시간이내주요거점역":3,
            "1시간거점역이름":"['을지로입구', '을지로3가', '명동']",
            "3km이내백화점수":0,
            "5km이내아울렛몰수":1,
            "1km이내대형먀트수":1,
            "500m이내은행수":1,
            "500m이내병원수":0,
            "5km이내대형병원수":2,
            "500m이내공원수":2,
            "3km이내혐오시설수":0,
            "초등학교학업성취도":89.99,
            "중학교학업성취도":87.8,
            "용적률":149,
            "건폐율":22,
            "Y":37.635439,
            "X":126.924665,
            "rank":33.0,
            "area_info":"31평(103.93), 31평(105.06), 31평(105.25), 31평(105.65), 31평(105.26), 32평(105.83), 32평(105.94), 31평(105.46), 32평(105.91), 32평(106.41), 38평(125.79), 37평(125.51), 38평(126.54), 38평(126.0), 38평(126.02), 50평(165.44), 50평(165.85), 50평(166.09), 51평(168.7), 62평(205.07), 64평(211.8)",
            "last_sales":"2021-12-28,129000.0,38평(126.54)",
            "rank_history":[
                [
                    "202202",
                    33
                ],
                [
                    "202201",
                    40
                ]
            ],
            "rank_gap":7
        },
        {
            "index":652,
            "아파트명":"은평뉴타운상림12단지롯데캐슬",
            "투자타입":"일반",
            "전용면적(m2)":"108.52",
            "전용면적(평)":"32평",
            "법정동주소":"서울시 은평구 진관동 20",
            "도로명주소":"서울시 은평구 진관3로 70",
            "세대수":50,
            "입주년차":40,
            "용적률점수":"--",
            "건폐율점수":"--",
            "세대당주차수":30,
            "난방방식":100,
            "공급면적":"--",
            "전용률":"--",
            "욕실수":100,
            "현관타입":100,
            "주거총점":60.0,
            "지역구공급총점":0.0,
            "역세권":50,
            "30분내 이동가능 거점":0,
            "1시간내 이동가능 거점":30,
            "교통총점":31.0,
            "백화점":0,
            "아울렛몰":80,
            "대형마트":80,
            "은행":20,
            "병원":0,
            "종합병원":100,
            "공원":80,
            "혐오시설":0,
            "인프라총점":44.4,
            "초등학군":89.99,
            "중학군":51.3,
            "학군총점":59.038,
            "인구수":51.83,
            "인구증감":-5.22,
            "인구총점":34.715,
            "일자리":14.21,
            "소득수준":50.45,
            "일자리총점":25.082,
            "가치 총점":45.0257,
            "매매실거래년":20211202.0,
            "매매실거래가":105000.0,
            "전세실거래년":20220127.0,
            "전세실거래가":47250.0,
            "전세가율":45.0,
            "장기전세가율평균":66.04,
            "전세가율거품지수":21.04,
            "검색코드":26297,
            "세대수":551.0,
            "준공년월":"2008-05-14",
            "준공년차":15.0,
            "가까운역이름":"구파발",
            "가까운역거리":693.3,
            "역세권여부":"준역세권",
            "30분이내주요거점역":0,
            "30분거점역이름":"[]",
            "1시간이내주요거점역":3,
            "1시간거점역이름":"['을지로입구', '을지로3가', '명동']",
            "3km이내백화점수":0,
            "5km이내아울렛몰수":1,
            "1km이내대형먀트수":1,
            "500m이내은행수":2,
            "500m이내병원수":0,
            "5km이내대형병원수":2,
            "500m이내공원수":1,
            "3km이내혐오시설수":0,
            "초등학교학업성취도":89.99,
            "중학교학업성취도":84.1,
            "용적률":164,
            "건폐율":26,
            "Y":37.642293,
            "X":126.922458,
            "rank":34.0,
            "area_info":"32평(108.52), 33평(110.86), 33평(110.86), 33평(110.86), 41평(135.83), 40평(135.12), 41평(135.86), 42평(138.89), 41평(138.6), 53평(175.7), 54평(179.25)",
            "last_sales":"2021-12-02,105000.0,32평(108.52)",
            "rank_history":[
                [
                    "202202",
                    34
                ],
                [
                    "202201",
                    50
                ]
            ],
            "rank_gap":16
        },
        {
            "index":494,
            "아파트명":"디엠씨자이2단지",
            "투자타입":"일반",
            "전용면적(m2)":"124.64",
            "전용면적(평)":"37평",
            "법정동주소":"서울시 은평구 증산동 223-28",
            "도로명주소":"서울시 은평구 수색로 217-1",
            "세대수":0,
            "입주년차":60,
            "용적률점수":"--",
            "건폐율점수":"--",
            "세대당주차수":80,
            "난방방식":30,
            "공급면적":"--",
            "전용률":"--",
            "욕실수":100,
            "현관타입":50,
            "주거총점":42.0,
            "지역구공급총점":0.0,
            "역세권":80,
            "30분내 이동가능 거점":0,
            "1시간내 이동가능 거점":40,
            "교통총점":48.0,
            "백화점":0,
            "아울렛몰":0,
            "대형마트":100,
            "은행":70,
            "병원":0,
            "종합병원":100,
            "공원":0,
            "혐오시설":-50,
            "인프라총점":41.0,
            "초등학군":89.99,
            "중학군":39.22,
            "학군총점":49.374,
            "인구수":51.83,
            "인구증감":-5.22,
            "인구총점":34.715,
            "일자리":14.21,
            "소득수준":50.45,
            "일자리총점":25.082,
            "가치 총점":44.9061,
            "매매실거래년":20210306.0,
            "매매실거래가":124500.0,
            "전세실거래년":20160423.0,
            "전세실거래가":41000.0,
            "전세가율":39.05,
            "장기전세가율평균":66.04,
            "전세가율거품지수":26.99,
            "검색코드":27290,
            "세대수":115.0,
            "준공년월":"2009-09-24",
            "준공년차":14.0,
            "가까운역이름":"디지털미디어시티",
            "가까운역거리":260.92,
            "역세권여부":"역세권",
            "30분이내주요거점역":0,
            "30분거점역이름":"[]",
            "1시간이내주요거점역":4,
            "1시간거점역이름":"['을지로입구', '을지로3가', '명동', '대화']",
            "3km이내백화점수":0,
            "5km이내아울렛몰수":0,
            "1km이내대형먀트수":2,
            "500m이내은행수":3,
            "500m이내병원수":0,
            "5km이내대형병원수":4,
            "500m이내공원수":0,
            "3km이내혐오시설수":1,
            "초등학교학업성취도":89.99,
            "중학교학업성취도":63.1,
            "용적률":499,
            "건폐율":47,
            "Y":37.578676,
            "X":126.899499,
            "rank":35.0,
            "area_info":"37평(124.64), 39평(129.6), 40평(134.98), 41평(135.74), 41평(138.07), 42평(140.24), 48평(161.92), 81평(269.13), 82평(274.25)",
            "last_sales":"2021-03-06,124500.0,41평(138.07)",
            "rank_history":[
                [
                    "202202",
                    35
                ],
                [
                    "202201",
                    34
                ]
            ],
            "rank_gap":-1
        },
        {
            "index":154,
            "아파트명":"대호",
            "투자타입":"일반",
            "전용면적(m2)":"82.22",
            "전용면적(평)":"24평",
            "법정동주소":"서울시 은평구 불광동 629",
            "도로명주소":"서울시 은평구 불광로 98-8",
            "세대수":0,
            "입주년차":20,
            "용적률점수":"--",
            "건폐율점수":"--",
            "세대당주차수":30,
            "난방방식":30,
            "공급면적":"--",
            "전용률":"--",
            "욕실수":50,
            "현관타입":100,
            "주거총점":26.5,
            "지역구공급총점":0.0,
            "역세권":80,
            "30분내 이동가능 거점":0,
            "1시간내 이동가능 거점":50,
            "교통총점":50.0,
            "백화점":0,
            "아울렛몰":80,
            "대형마트":100,
            "은행":0,
            "병원":0,
            "종합병원":100,
            "공원":100,
            "혐오시설":0,
            "인프라총점":46.0,
            "초등학군":89.98,
            "중학군":45.42,
            "학군총점":54.332,
            "인구수":51.83,
            "인구증감":-5.22,
            "인구총점":34.715,
            "일자리":14.21,
            "소득수준":50.45,
            "일자리총점":25.082,
            "가치 총점":44.7498,
            "매매실거래년":20210710.0,
            "매매실거래가":55000.0,
            "전세실거래년":20211009.0,
            "전세실거래가":40000.0,
            "전세가율":72.73,
            "장기전세가율평균":66.04,
            "전세가율거품지수":-6.69,
            "검색코드":1232,
            "세대수":100.0,
            "준공년월":"1999-12-01",
            "준공년차":24.0,
            "가까운역이름":"독바위",
            "가까운역거리":377.51,
            "역세권여부":"역세권",
            "30분이내주요거점역":0,
            "30분거점역이름":"[]",
            "1시간이내주요거점역":5,
            "1시간거점역이름":"['강남', '을지로입구', '을지로3가', '왕십리', '명동']",
            "3km이내백화점수":0,
            "5km이내아울렛몰수":1,
            "1km이내대형먀트수":2,
            "500m이내은행수":1,
            "500m이내병원수":0,
            "5km이내대형병원수":4,
            "500m이내공원수":7,
            "3km이내혐오시설수":0,
            "초등학교학업성취도":89.98,
            "중학교학업성취도":74.9,
            "용적률":283,
            "건폐율":26,
            "Y":37.615061,
            "X":126.933011,
            "rank":36.0,
            "area_info":"24평(82.22), 34평(113.86), 42평(141.12)",
            "last_sales":"2021-07-10,55000.0,24평(82.22)",
            "rank_history":[
                [
                    "202202",
                    36
                ],
                [
                    "202201",
                    28
                ]
            ],
            "rank_gap":-8
        },
        {
            "index":577,
            "아파트명":"은평뉴타운마고정2단지",
            "투자타입":"일반",
            "전용면적(m2)":"75.54",
            "전용면적(평)":"22평",
            "법정동주소":"서울시 은평구 진관동 105",
            "도로명주소":"서울시 은평구 진관2로 60",
            "세대수":50,
            "입주년차":60,
            "용적률점수":"--",
            "건폐율점수":"--",
            "세대당주차수":60,
            "난방방식":100,
            "공급면적":"--",
            "전용률":"--",
            "욕실수":50,
            "현관타입":50,
            "주거총점":58.5,
            "지역구공급총점":0.0,
            "역세권":50,
            "30분내 이동가능 거점":0,
            "1시간내 이동가능 거점":30,
            "교통총점":31.0,
            "백화점":0,
            "아울렛몰":80,
            "대형마트":80,
            "은행":0,
            "병원":0,
            "종합병원":100,
            "공원":100,
            "혐오시설":0,
            "인프라총점":43.0,
            "초등학군":89.99,
            "중학군":54.12,
            "학군총점":61.294,
            "인구수":51.83,
            "인구증감":-5.22,
            "인구총점":34.715,
            "일자리":14.21,
            "소득수준":50.45,
            "일자리총점":25.082,
            "가치 총점":44.6441,
            "매매실거래년":20210709.0,
            "매매실거래가":170000.0,
            "전세실거래년":null,
            "전세실거래가":null,
            "전세가율":null,
            "장기전세가율평균":66.04,
            "전세가율거품지수":null,
            "검색코드":26871,
            "세대수":434.0,
            "준공년월":"2009-11-26",
            "준공년차":14.0,
            "가까운역이름":"구파발",
            "가까운역거리":572.02,
            "역세권여부":"준역세권",
            "30분이내주요거점역":0,
            "30분거점역이름":"[]",
            "1시간이내주요거점역":3,
            "1시간거점역이름":"['을지로입구', '을지로3가', '명동']",
            "3km이내백화점수":0,
            "5km이내아울렛몰수":1,
            "1km이내대형먀트수":1,
            "500m이내은행수":1,
            "500m이내병원수":0,
            "5km이내대형병원수":2,
            "500m이내공원수":3,
            "3km이내혐오시설수":0,
            "초등학교학업성취도":89.99,
            "중학교학업성취도":87.8,
            "용적률":170,
            "건폐율":21,
            "Y":37.633457,
            "X":126.923798,
            "rank":37.0,
            "area_info":"22평(75.54), 22평(75.06), 22평(75.54), 32평(105.94), 32평(106.7), 32평(107.17), 32평(107.07), 32평(107.58), 33평(109.24), 38평(128.02), 38평(128.67), 39평(131.57), 40평(132.31), 51평(168.71), 52평(172.25), 63평(209.28), 65평(214.98)",
            "last_sales":"2021-07-09,170000.0,63평(209.28)",
            "rank_history":[
                [
                    "202202",
                    37
                ],
                [
                    "202201",
                    45
                ]
            ],
            "rank_gap":8
        },
        {
            "index":594,
            "아파트명":"은평뉴타운마고정3단지",
            "투자타입":"일반",
            "전용면적(m2)":"74.99",
            "전용면적(평)":"22평",
            "법정동주소":"서울시 은평구 진관동 107",
            "도로명주소":"서울시 은평구 진관2로 90",
            "세대수":50,
            "입주년차":60,
            "용적률점수":"--",
            "건폐율점수":"--",
            "세대당주차수":60,
            "난방방식":100,
            "공급면적":"--",
            "전용률":"--",
            "욕실수":50,
            "현관타입":50,
            "주거총점":58.5,
            "지역구공급총점":0.0,
            "역세권":50,
            "30분내 이동가능 거점":0,
            "1시간내 이동가능 거점":30,
            "교통총점":31.0,
            "백화점":0,
            "아울렛몰":80,
            "대형마트":80,
            "은행":0,
            "병원":0,
            "종합병원":100,
            "공원":100,
            "혐오시설":0,
            "인프라총점":43.0,
            "초등학군":89.99,
            "중학군":54.12,
            "학군총점":61.294,
            "인구수":51.83,
            "인구증감":-5.22,
            "인구총점":34.715,
            "일자리":14.21,
            "소득수준":50.45,
            "일자리총점":25.082,
            "가치 총점":44.6441,
            "매매실거래년":20210323.0,
            "매매실거래가":151000.0,
            "전세실거래년":20220128.0,
            "전세실거래가":15960.0,
            "전세가율":27.52,
            "장기전세가율평균":66.04,
            "전세가율거품지수":38.52,
            "검색코드":26877,
            "세대수":659.0,
            "준공년월":"2009-11-13",
            "준공년차":14.0,
            "가까운역이름":"구파발",
            "가까운역거리":830.58,
            "역세권여부":"준역세권",
            "30분이내주요거점역":0,
            "30분거점역이름":"[]",
            "1시간이내주요거점역":3,
            "1시간거점역이름":"['을지로입구', '을지로3가', '명동']",
            "3km이내백화점수":0,
            "5km이내아울렛몰수":1,
            "1km이내대형먀트수":1,
            "500m이내은행수":0,
            "500m이내병원수":0,
            "5km이내대형병원수":2,
            "500m이내공원수":7,
            "3km이내혐오시설수":0,
            "초등학교학업성취도":89.99,
            "중학교학업성취도":87.8,
            "용적률":156,
            "건폐율":21,
            "Y":37.633417,
            "X":126.927254,
            "rank":37.0,
            "area_info":"22평(74.99), 22평(75.47), 23평(76.13), 23평(76.98), 32평(105.84), 32평(106.35), 32평(106.6), 32평(107.65), 32평(107.48), 33평(109.14), 33평(110.89), 33평(111.01), 39평(131.45), 39평(132.19), 50평(168.27), 52평(172.8), 63평(209.08), 64평(214.78)",
            "last_sales":"2021-03-23,151000.0,64평(214.78)",
            "rank_history":[
                [
                    "202202",
                    37
                ],
                [
                    "202201",
                    52
                ]
            ],
            "rank_gap":15
        },
        {
            "index":694,
            "아파트명":"은평뉴타운상림1단지롯데캐슬",
            "투자타입":"일반",
            "전용면적(m2)":"105.77",
            "전용면적(평)":"31평",
            "법정동주소":"서울시 은평구 진관동 19",
            "도로명주소":"서울시 은평구 진관4로 17",
            "세대수":80,
            "입주년차":40,
            "용적률점수":"--",
            "건폐율점수":"--",
            "세대당주차수":30,
            "난방방식":100,
            "공급면적":"--",
            "전용률":"--",
            "욕실수":100,
            "현관타입":100,
            "주거총점":70.5,
            "지역구공급총점":0.0,
            "역세권":50,
            "30분내 이동가능 거점":0,
            "1시간내 이동가능 거점":0,
            "교통총점":25.0,
            "백화점":0,
            "아울렛몰":80,
            "대형마트":80,
            "은행":0,
            "병원":0,
            "종합병원":100,
            "공원":100,
            "혐오시설":0,
            "인프라총점":43.0,
            "초등학군":89.99,
            "중학군":51.3,
            "학군총점":59.038,
            "인구수":51.83,
            "인구증감":-5.22,
            "인구총점":34.715,
            "일자리":14.21,
            "소득수준":50.45,
            "일자리총점":25.082,
            "가치 총점":44.6057,
            "매매실거래년":20210810.0,
            "매매실거래가":140000.0,
            "전세실거래년":20210920.0,
            "전세실거래가":20000.0,
            "전세가율":21.28,
            "장기전세가율평균":66.04,
            "전세가율거품지수":44.76,
            "검색코드":26287,
            "세대수":707.0,
            "준공년월":"2008-05-14",
            "준공년차":15.0,
            "가까운역이름":"구파발",
            "가까운역거리":886.46,
            "역세권여부":"준역세권",
            "30분이내주요거점역":0,
            "30분거점역이름":"[]",
            "1시간이내주요거점역":0,
            "1시간거점역이름":"[]",
            "3km이내백화점수":0,
            "5km이내아울렛몰수":1,
            "1km이내대형먀트수":1,
            "500m이내은행수":1,
            "500m이내병원수":0,
            "5km이내대형병원수":2,
            "500m이내공원수":2,
            "3km이내혐오시설수":0,
            "초등학교학업성취도":89.99,
            "중학교학업성취도":84.1,
            "용적률":172,
            "건폐율":26,
            "Y":37.644107,
            "X":126.922738,
            "rank":38.0,
            "area_info":"31평(105.77), 31평(105.77), 32평(106.19), 40평(132.51), 40평(132.48), 41평(136.25), 50평(167.71), 50평(168.45), 51평(169.29), 52평(174.59)",
            "last_sales":"2021-08-10,140000.0,50평(167.71)",
            "rank_history":[
                [
                    "202202",
                    38
                ],
                [
                    "202201",
                    57
                ]
            ],
            "rank_gap":19
        },
        {
            "index":349,
            "아파트명":"경향렉스빌",
            "투자타입":"일반",
            "전용면적(m2)":"98.02",
            "전용면적(평)":"29평",
            "법정동주소":"서울시 은평구 응암동 96-18",
            "도로명주소":"서울시 은평구 은평로 160",
            "세대수":0,
            "입주년차":40,
            "용적률점수":"--",
            "건폐율점수":"--",
            "세대당주차수":60,
            "난방방식":30,
            "공급면적":"--",
            "전용률":"--",
            "욕실수":100,
            "현관타입":100,
            "주거총점":40.0,
            "지역구공급총점":0.0,
            "역세권":50,
            "30분내 이동가능 거점":20,
            "1시간내 이동가능 거점":50,
            "교통총점":41.0,
            "백화점":0,
            "아울렛몰":80,
            "대형마트":80,
            "은행":70,
            "병원":0,
            "종합병원":100,
            "공원":100,
            "혐오시설":-50,
            "인프라총점":49.0,
            "초등학군":89.99,
            "중학군":40.34,
            "학군총점":50.27,
            "인구수":51.83,
            "인구증감":-5.22,
            "인구총점":34.715,
            "일자리":14.21,
            "소득수준":50.45,
            "일자리총점":25.082,
            "가치 총점":44.5905,
            "매매실거래년":20210811.0,
            "매매실거래가":84000.0,
            "전세실거래년":20210319.0,
            "전세실거래가":42000.0,
            "전세가율":61.05,
            "장기전세가율평균":66.04,
            "전세가율거품지수":4.99,
            "검색코드":13551,
            "세대수":124.0,
            "준공년월":"2004-08-02",
            "준공년차":19.0,
            "가까운역이름":"역촌",
            "가까운역거리":612.88,
            "역세권여부":"준역세권",
            "30분이내주요거점역":1,
            "30분거점역이름":"['을지로입구']",
            "1시간이내주요거점역":5,
            "1시간거점역이름":"['강남', '을지로입구', '을지로3가', '홍대입구', '명동']",
            "3km이내백화점수":0,
            "5km이내아울렛몰수":1,
            "1km이내대형먀트수":1,
            "500m이내은행수":4,
            "500m이내병원수":0,
            "5km이내대형병원수":5,
            "500m이내공원수":5,
            "3km이내혐오시설수":1,
            "초등학교학업성취도":89.99,
            "중학교학업성취도":66.5,
            "용적률":568,
            "건폐율":59,
            "Y":37.60093,
            "X":126.92541,
            "rank":39.0,
            "area_info":"29평(98.02), 33평(109.12), 42평(141.41), 45평(150.79)",
            "last_sales":"2021-08-11,84000.0,45평(150.79)",
            "rank_history":[
                [
                    "202202",
                    39
                ],
                [
                    "202201",
                    21
                ]
            ],
            "rank_gap":-18
        },
        {
            "index":197,
            "아파트명":"북한산힐스테이트1차",
            "투자타입":"일반",
            "전용면적(m2)":"85.43",
            "전용면적(평)":"25평",
            "법정동주소":"서울시 은평구 불광동 635",
            "도로명주소":"서울시 은평구 불광로2길 33",
            "세대수":50,
            "입주년차":60,
            "용적률점수":"--",
            "건폐율점수":"--",
            "세대당주차수":30,
            "난방방식":30,
            "공급면적":"--",
            "전용률":"--",
            "욕실수":100,
            "현관타입":100,
            "주거총점":57.0,
            "지역구공급총점":0.0,
            "역세권":50,
            "30분내 이동가능 거점":0,
            "1시간내 이동가능 거점":50,
            "교통총점":35.0,
            "백화점":0,
            "아울렛몰":80,
            "대형마트":80,
            "은행":0,
            "병원":0,
            "종합병원":100,
            "공원":80,
            "혐오시설":0,
            "인프라총점":42.4,
            "초등학군":89.98,
            "중학군":45.42,
            "학군총점":54.332,
            "인구수":51.83,
            "인구증감":-5.22,
            "인구총점":34.715,
            "일자리":14.21,
            "소득수준":50.45,
            "일자리총점":25.082,
            "가치 총점":44.5198,
            "매매실거래년":20220115.0,
            "매매실거래가":110000.0,
            "전세실거래년":20211229.0,
            "전세실거래가":53000.0,
            "전세가율":65.43,
            "장기전세가율평균":66.04,
            "전세가율거품지수":0.61,
            "검색코드":24199,
            "세대수":603.0,
            "준공년월":"2009-07-16",
            "준공년차":14.0,
            "가까운역이름":"불광",
            "가까운역거리":654.42,
            "역세권여부":"준역세권",
            "30분이내주요거점역":0,
            "30분거점역이름":"[]",
            "1시간이내주요거점역":5,
            "1시간거점역이름":"['강남', '을지로입구', '을지로3가', '왕십리', '명동']",
            "3km이내백화점수":0,
            "5km이내아울렛몰수":1,
            "1km이내대형먀트수":1,
            "500m이내은행수":0,
            "500m이내병원수":0,
            "5km이내대형병원수":4,
            "500m이내공원수":1,
            "3km이내혐오시설수":0,
            "초등학교학업성취도":89.98,
            "중학교학업성취도":74.9,
            "용적률":193,
            "건폐율":24,
            "Y":37.612635,
            "X":126.936795,
            "rank":40.0,
            "area_info":"25평(85.43), 25평(85.83), 34평(112.8), 33평(112.32), 34평(113.71), 43평(143.84)",
            "last_sales":"2022-01-15,110000.0,34평(112.8)",
            "rank_history":[
                [
                    "202202",
                    40
                ],
                [
                    "202201",
                    30
                ]
            ],
            "rank_gap":-10
        },
        {
            "index":157,
            "아파트명":"대호프라자",
            "투자타입":"일반",
            "전용면적(m2)":"60.19",
            "전용면적(평)":"18평",
            "법정동주소":"서울시 은평구 불광동 631-1",
            "도로명주소":"서울시 은평구 불광로 90",
            "세대수":0,
            "입주년차":20,
            "용적률점수":"--",
            "건폐율점수":"--",
            "세대당주차수":60,
            "난방방식":30,
            "공급면적":"--",
            "전용률":"--",
            "욕실수":50,
            "현관타입":10,
            "주거총점":22.0,
            "지역구공급총점":0.0,
            "역세권":80,
            "30분내 이동가능 거점":0,
            "1시간내 이동가능 거점":50,
            "교통총점":50.0,
            "백화점":0,
            "아울렛몰":80,
            "대형마트":100,
            "은행":20,
            "병원":0,
            "종합병원":100,
            "공원":100,
            "혐오시설":0,
            "인프라총점":48.0,
            "초등학군":89.98,
            "중학군":45.42,
            "학군총점":54.332,
            "인구수":51.83,
            "인구증감":-5.22,
            "인구총점":34.715,
            "일자리":14.21,
            "소득수준":50.45,
            "일자리총점":25.082,
            "가치 총점":44.4498,
            "매매실거래년":20211016.0,
            "매매실거래가":34000.0,
            "전세실거래년":20211008.0,
            "전세실거래가":19900.0,
            "전세가율":58.53,
            "장기전세가율평균":66.04,
            "전세가율거품지수":7.51,
            "검색코드":3820,
            "세대수":198.0,
            "준공년월":"2000-09-02",
            "준공년차":23.0,
            "가까운역이름":"독바위",
            "가까운역거리":427.45,
            "역세권여부":"역세권",
            "30분이내주요거점역":0,
            "30분거점역이름":"[]",
            "1시간이내주요거점역":5,
            "1시간거점역이름":"['강남', '을지로입구', '을지로3가', '왕십리', '명동']",
            "3km이내백화점수":0,
            "5km이내아울렛몰수":1,
            "1km이내대형먀트수":2,
            "500m이내은행수":2,
            "500m이내병원수":0,
            "5km이내대형병원수":4,
            "500m이내공원수":7,
            "3km이내혐오시설수":0,
            "초등학교학업성취도":89.98,
            "중학교학업성취도":74.9,
            "용적률":402,
            "건폐율":93,
            "Y":37.614617,
            "X":126.93278,
            "rank":41.0,
            "area_info":"18평(60.19), 26평(87.57), 31평(102.61), 32평(107.76), 32평(107.77), 42평(140.31)",
            "last_sales":"2021-10-16,34000.0,18평(60.19)",
            "rank_history":[
                [
                    "202202",
                    41
                ],
                [
                    "202201",
                    32
                ]
            ],
            "rank_gap":-9
        },
        {
            "index":388,
            "아파트명":"백련산해모로",
            "투자타입":"일반",
            "전용면적(m2)":"56.76",
            "전용면적(평)":"17평",
            "법정동주소":"서울시 은평구 응암동 768",
            "도로명주소":"서울시 은평구 응암로30길 15",
            "세대수":80,
            "입주년차":100,
            "용적률점수":"--",
            "건폐율점수":"--",
            "세대당주차수":30,
            "난방방식":30,
            "공급면적":"--",
            "전용률":"--",
            "욕실수":50,
            "현관타입":100,
            "주거총점":70.5,
            "지역구공급총점":0.0,
            "역세권":50,
            "30분내 이동가능 거점":0,
            "1시간내 이동가능 거점":0,
            "교통총점":25.0,
            "백화점":0,
            "아울렛몰":80,
            "대형마트":100,
            "은행":0,
            "병원":0,
            "종합병원":100,
            "공원":100,
            "혐오시설":0,
            "인프라총점":46.0,
            "초등학군":89.99,
            "중학군":40.34,
            "학군총점":50.27,
            "인구수":51.83,
            "인구증감":-5.22,
            "인구총점":34.715,
            "일자리":14.21,
            "소득수준":50.45,
            "일자리총점":25.082,
            "가치 총점":44.1905,
            "매매실거래년":20201008.0,
            "매매실거래가":104500.0,
            "전세실거래년":null,
            "전세실거래가":null,
            "전세가율":null,
            "장기전세가율평균":66.04,
            "전세가율거품지수":null,
            "검색코드":119053,
            "세대수":760.0,
            "준공년월":"2020-06-18",
            "준공년차":3.0,
            "가까운역이름":"응암",
            "가까운역거리":609.49,
            "역세권여부":"준역세권",
            "30분이내주요거점역":0,
            "30분거점역이름":"[]",
            "1시간이내주요거점역":0,
            "1시간거점역이름":"[]",
            "3km이내백화점수":0,
            "5km이내아울렛몰수":1,
            "1km이내대형먀트수":2,
            "500m이내은행수":1,
            "500m이내병원수":0,
            "5km이내대형병원수":5,
            "500m이내공원수":5,
            "3km이내혐오시설수":0,
            "초등학교학업성취도":89.99,
            "중학교학업성취도":66.5,
            "용적률":241,
            "건폐율":21,
            "Y":37.596311,
            "X":126.92186,
            "rank":42.0,
            "area_info":"17평(56.76), 17평(56.7), 18평(62.09), 18평(62.09), 18평(62.03), 21평(69.52), 23평(78.01), 24평(81.47), 24평(81.79), 24평(82.38), 25평(82.67), 30평(101.7), 30평(101.23), 34평(113.96), 34평(114.12), 34평(115.06), 34평(115.38), 42평(141.06)",
            "last_sales":"2020-10-08,104500.0,34평(115.06)",
            "rank_history":[
                [
                    "202202",
                    42
                ],
                [
                    "202201",
                    25
                ]
            ],
            "rank_gap":-17
        },
        {
            "index":333,
            "아파트명":"역촌센트레빌",
            "투자타입":"일반",
            "전용면적(m2)":"78.99",
            "전용면적(평)":"23평",
            "법정동주소":"서울시 은평구 역촌동 232",
            "도로명주소":"서울시 은평구 갈현로3나길 23",
            "세대수":50,
            "입주년차":60,
            "용적률점수":"--",
            "건폐율점수":"--",
            "세대당주차수":30,
            "난방방식":30,
            "공급면적":"--",
            "전용률":"--",
            "욕실수":100,
            "현관타입":100,
            "주거총점":57.0,
            "지역구공급총점":0.0,
            "역세권":50,
            "30분내 이동가능 거점":0,
            "1시간내 이동가능 거점":30,
            "교통총점":31.0,
            "백화점":0,
            "아울렛몰":100,
            "대형마트":80,
            "은행":0,
            "병원":0,
            "종합병원":100,
            "공원":100,
            "혐오시설":0,
            "인프라총점":45.0,
            "초등학군":89.97,
            "중학군":41.9,
            "학군총점":51.514,
            "인구수":51.83,
            "인구증감":-5.22,
            "인구총점":34.715,
            "일자리":14.21,
            "소득수준":50.45,
            "일자리총점":25.082,
            "가치 총점":43.4771,
            "매매실거래년":20210131.0,
            "매매실거래가":87800.0,
            "전세실거래년":20140430.0,
            "전세실거래가":19000.0,
            "전세가율":29.92,
            "장기전세가율평균":66.04,
            "전세가율거품지수":36.12,
            "검색코드":102489,
            "세대수":400.0,
            "준공년월":"2011-01-04",
            "준공년차":12.0,
            "가까운역이름":"응암",
            "가까운역거리":991.14,
            "역세권여부":"준역세권",
            "30분이내주요거점역":0,
            "30분거점역이름":"[]",
            "1시간이내주요거점역":3,
            "1시간거점역이름":"['을지로입구', '홍대입구', '명동']",
            "3km이내백화점수":0,
            "5km이내아울렛몰수":2,
            "1km이내대형먀트수":1,
            "500m이내은행수":0,
            "500m이내병원수":0,
            "5km이내대형병원수":3,
            "500m이내공원수":2,
            "3km이내혐오시설수":0,
            "초등학교학업성취도":89.97,
            "중학교학업성취도":69.1,
            "용적률":223,
            "건폐율":19,
            "Y":37.60338,
            "X":126.906077,
            "rank":43.0,
            "area_info":"23평(78.99), 23평(79.04), 33평(110.51), 33평(110.89), 33평(111.38), 44평(147.98)",
            "last_sales":"2021-01-31,87800.0,44평(147.98)",
            "rank_history":[
                [
                    "202202",
                    43
                ],
                [
                    "202201",
                    35
                ]
            ],
            "rank_gap":-8
        },
        {
            "index":179,
            "아파트명":"북한산한양수자인",
            "투자타입":"일반",
            "전용면적(m2)":"76.36",
            "전용면적(평)":"23평",
            "법정동주소":"서울시 은평구 불광동 636",
            "도로명주소":"서울시 은평구 불광로 170",
            "세대수":0,
            "입주년차":40,
            "용적률점수":"--",
            "건폐율점수":"--",
            "세대당주차수":0,
            "난방방식":30,
            "공급면적":"--",
            "전용률":"--",
            "욕실수":100,
            "현관타입":100,
            "주거총점":31.0,
            "지역구공급총점":0.0,
            "역세권":80,
            "30분내 이동가능 거점":0,
            "1시간내 이동가능 거점":30,
            "교통총점":46.0,
            "백화점":0,
            "아울렛몰":80,
            "대형마트":80,
            "은행":0,
            "병원":0,
            "종합병원":100,
            "공원":100,
            "혐오시설":0,
            "인프라총점":43.0,
            "초등학군":89.99,
            "중학군":45.42,
            "학군총점":54.334,
            "인구수":51.83,
            "인구증감":-5.22,
            "인구총점":34.715,
            "일자리":14.21,
            "소득수준":50.45,
            "일자리총점":25.082,
            "가치 총점":43.3501,
            "매매실거래년":20210817.0,
            "매매실거래가":67000.0,
            "전세실거래년":20220112.0,
            "전세실거래가":40000.0,
            "전세가율":59.7,
            "장기전세가율평균":66.04,
            "전세가율거품지수":6.34,
            "검색코드":25558,
            "세대수":155.0,
            "준공년월":"2006-09-01",
            "준공년차":17.0,
            "가까운역이름":"독바위",
            "가까운역거리":370.01,
            "역세권여부":"역세권",
            "30분이내주요거점역":0,
            "30분거점역이름":"[]",
            "1시간이내주요거점역":3,
            "1시간거점역이름":"['을지로입구', '을지로3가', '명동']",
            "3km이내백화점수":0,
            "5km이내아울렛몰수":1,
            "1km이내대형먀트수":1,
            "500m이내은행수":0,
            "500m이내병원수":0,
            "5km이내대형병원수":3,
            "500m이내공원수":6,
            "3km이내혐오시설수":0,
            "초등학교학업성취도":89.99,
            "중학교학업성취도":74.9,
            "용적률":244,
            "건폐율":24,
            "Y":37.621684,
            "X":126.932011,
            "rank":44.0,
            "area_info":"23평(76.36), 23평(76.55), 34평(112.74)",
            "last_sales":"2021-08-17,67000.0,23평(76.36)",
            "rank_history":[
                [
                    "202202",
                    44
                ],
                [
                    "202201",
                    66
                ]
            ],
            "rank_gap":22
        },
        {
            "index":849,
            "아파트명":"은평뉴타운우물골5단지",
            "투자타입":"일반",
            "전용면적(m2)":"82.61",
            "전용면적(평)":"24평",
            "법정동주소":"서울시 은평구 진관동 83",
            "도로명주소":"서울시 은평구 진관2로 77",
            "세대수":30,
            "입주년차":60,
            "용적률점수":"--",
            "건폐율점수":"--",
            "세대당주차수":30,
            "난방방식":100,
            "공급면적":"--",
            "전용률":"--",
            "욕실수":50,
            "현관타입":100,
            "주거총점":52.0,
            "지역구공급총점":0.0,
            "역세권":50,
            "30분내 이동가능 거점":0,
            "1시간내 이동가능 거점":30,
            "교통총점":31.0,
            "백화점":0,
            "아울렛몰":80,
            "대형마트":80,
            "은행":0,
            "병원":0,
            "종합병원":100,
            "공원":100,
            "혐오시설":0,
            "인프라총점":43.0,
            "초등학군":89.99,
            "중학군":54.12,
            "학군총점":61.294,
            "인구수":51.83,
            "인구증감":-5.22,
            "인구총점":34.715,
            "일자리":14.21,
            "소득수준":50.45,
            "일자리총점":25.082,
            "가치 총점":43.3441,
            "매매실거래년":20210816.0,
            "매매실거래가":91400.0,
            "전세실거래년":20211224.0,
            "전세실거래가":50000.0,
            "전세가율":58.82,
            "장기전세가율평균":66.04,
            "전세가율거품지수":7.22,
            "검색코드":27066,
            "세대수":387.0,
            "준공년월":"2009-12-23",
            "준공년차":14.0,
            "가까운역이름":"구파발",
            "가까운역거리":700.3,
            "역세권여부":"준역세권",
            "30분이내주요거점역":0,
            "30분거점역이름":"[]",
            "1시간이내주요거점역":3,
            "1시간거점역이름":"['을지로입구', '을지로3가', '명동']",
            "3km이내백화점수":0,
            "5km이내아울렛몰수":1,
            "1km이내대형먀트수":1,
            "500m이내은행수":0,
            "500m이내병원수":0,
            "5km이내대형병원수":2,
            "500m이내공원수":4,
            "3km이내혐오시설수":0,
            "초등학교학업성취도":89.99,
            "중학교학업성취도":87.8,
            "용적률":154,
            "건폐율":30,
            "Y":37.634615,
            "X":126.926297,
            "rank":45.0,
            "area_info":"24평(82.61), 25평(82.9), 25평(82.92), 24평(82.12), 25평(83.23), 25평(84.53), 25평(84.16), 35평(115.94), 35평(116.84), 35평(116.72), 35평(117.78), 35평(117.57), 36평(120.04), 36평(121.21), 36평(121.02), 37평(122.48), 43평(143.32), 43평(143.64), 43평(144.43), 57평(188.92)",
            "last_sales":"2021-08-16,91400.0,35평(115.94)",
            "rank_history":[
                [
                    "202202",
                    45
                ],
                [
                    "202201",
                    62
                ]
            ],
            "rank_gap":17
        },
        {
            "index":294,
            "아파트명":"신흥삼부",
            "투자타입":"일반",
            "전용면적(m2)":"71.58",
            "전용면적(평)":"21평",
            "법정동주소":"서울시 은평구 신사동 361",
            "도로명주소":"서울시 은평구 증산로21길 11",
            "세대수":0,
            "입주년차":20,
            "용적률점수":"--",
            "건폐율점수":"--",
            "세대당주차수":60,
            "난방방식":30,
            "공급면적":"--",
            "전용률":"--",
            "욕실수":50,
            "현관타입":10,
            "주거총점":22.0,
            "지역구공급총점":0.0,
            "역세권":80,
            "30분내 이동가능 거점":0,
            "1시간내 이동가능 거점":10,
            "교통총점":42.0,
            "백화점":0,
            "아울렛몰":80,
            "대형마트":100,
            "은행":70,
            "병원":0,
            "종합병원":100,
            "공원":100,
            "혐오시설":0,
            "인프라총점":53.0,
            "초등학군":89.98,
            "중학군":46.24,
            "학군총점":54.988,
            "인구수":51.83,
            "인구증감":-5.22,
            "인구총점":34.715,
            "일자리":14.21,
            "소득수준":50.45,
            "일자리총점":25.082,
            "가치 총점":43.2482,
            "매매실거래년":20201026.0,
            "매매실거래가":61000.0,
            "전세실거래년":20121113.0,
            "전세실거래가":15000.0,
            "전세가율":46.88,
            "장기전세가율평균":66.04,
            "전세가율거품지수":19.16,
            "검색코드":9062,
            "세대수":116.0,
            "준공년월":"2001-06-28",
            "준공년차":22.0,
            "가까운역이름":"응암",
            "가까운역거리":368.82,
            "역세권여부":"역세권",
            "30분이내주요거점역":0,
            "30분거점역이름":"[]",
            "1시간이내주요거점역":1,
            "1시간거점역이름":"['대화']",
            "3km이내백화점수":0,
            "5km이내아울렛몰수":1,
            "1km이내대형먀트수":3,
            "500m이내은행수":3,
            "500m이내병원수":0,
            "5km이내대형병원수":5,
            "500m이내공원수":7,
            "3km이내혐오시설수":0,
            "초등학교학업성취도":89.98,
            "중학교학업성취도":74.6,
            "용적률":391,
            "건폐율":59,
            "Y":37.595718,
            "X":126.913516,
            "rank":46.0,
            "area_info":"21평(71.58), 22평(74.68), 22평(75.65), 23평(78.52), 24평(80.96), 29평(97.03), 30평(100.02), 31평(102.49), 32평(108.77), 33평(109.23), 33평(111.75), 39평(131.54)",
            "last_sales":"2020-10-26,61000.0,33평(111.75)",
            "rank_history":[
                [
                    "202202",
                    46
                ],
                [
                    "202201",
                    33
                ]
            ],
            "rank_gap":-13
        },
        {
            "index":90,
            "아파트명":"대림",
            "투자타입":"일반",
            "전용면적(m2)":"106.76",
            "전용면적(평)":"32평",
            "법정동주소":"서울시 은평구 녹번동 276",
            "도로명주소":"서울시 은평구 통일로 586",
            "세대수":30,
            "입주년차":0,
            "용적률점수":"--",
            "건폐율점수":"--",
            "세대당주차수":0,
            "난방방식":30,
            "공급면적":"--",
            "전용률":"--",
            "욕실수":100,
            "현관타입":100,
            "주거총점":33.5,
            "지역구공급총점":0.0,
            "역세권":80,
            "30분내 이동가능 거점":20,
            "1시간내 이동가능 거점":50,
            "교통총점":56.0,
            "백화점":0,
            "아울렛몰":80,
            "대형마트":0,
            "은행":0,
            "병원":0,
            "종합병원":100,
            "공원":80,
            "혐오시설":-50,
            "인프라총점":29.4,
            "초등학군":90.11,
            "중학군":44.1,
            "학군총점":53.302,
            "인구수":51.83,
            "인구증감":-5.22,
            "인구총점":34.715,
            "일자리":14.21,
            "소득수준":50.45,
            "일자리총점":25.082,
            "가치 총점":43.1153,
            "매매실거래년":20210529.0,
            "매매실거래가":83600.0,
            "전세실거래년":20220125.0,
            "전세실거래가":42000.0,
            "전세가율":62.69,
            "장기전세가율평균":66.04,
            "전세가율거품지수":3.35,
            "검색코드":778,
            "세대수":370.0,
            "준공년월":"1993-09-28",
            "준공년차":30.0,
            "가까운역이름":"녹번",
            "가까운역거리":183.13,
            "역세권여부":"역세권",
            "30분이내주요거점역":1,
            "30분거점역이름":"['을지로입구']",
            "1시간이내주요거점역":5,
            "1시간거점역이름":"['강남', '을지로입구', '을지로3가', '왕십리', '명동']",
            "3km이내백화점수":0,
            "5km이내아울렛몰수":1,
            "1km이내대형먀트수":0,
            "500m이내은행수":0,
            "500m이내병원수":0,
            "5km이내대형병원수":7,
            "500m이내공원수":1,
            "3km이내혐오시설수":1,
            "초등학교학업성취도":90.11,
            "중학교학업성취도":70.7,
            "용적률":240,
            "건폐율":22,
            "Y":37.599773,
            "X":126.937239,
            "rank":47.0,
            "area_info":"32평(106.76), 32평(107.41), 51평(168.76), 51평(168.76)",
            "last_sales":"2021-05-29,83600.0,32평(107.41)",
            "rank_history":[
                [
                    "202202",
                    47
                ],
                [
                    "202201",
                    31
                ]
            ],
            "rank_gap":-16
        },
        {
            "index":11,
            "아파트명":"동광갈현베르빌",
            "투자타입":"일반",
            "전용면적(m2)":"76.83",
            "전용면적(평)":"23평",
            "법정동주소":"서울시 은평구 갈현동 465-12",
            "도로명주소":"서울시 은평구 연서로 149",
            "세대수":0,
            "입주년차":40,
            "용적률점수":"--",
            "건폐율점수":"--",
            "세대당주차수":60,
            "난방방식":30,
            "공급면적":"--",
            "전용률":"--",
            "욕실수":50,
            "현관타입":10,
            "주거총점":26.0,
            "지역구공급총점":0.0,
            "역세권":80,
            "30분내 이동가능 거점":20,
            "1시간내 이동가능 거점":50,
            "교통총점":56.0,
            "백화점":0,
            "아울렛몰":80,
            "대형마트":0,
            "은행":20,
            "병원":0,
            "종합병원":100,
            "공원":100,
            "혐오시설":0,
            "인프라총점":33.0,
            "초등학군":89.99,
            "중학군":47.16,
            "학군총점":55.726,
            "인구수":51.83,
            "인구증감":-5.22,
            "인구총점":34.715,
            "일자리":14.21,
            "소득수준":50.45,
            "일자리총점":25.082,
            "가치 총점":43.0589,
            "매매실거래년":20211019.0,
            "매매실거래가":92500.0,
            "전세실거래년":20201115.0,
            "전세실거래가":28000.0,
            "전세가율":56.0,
            "장기전세가율평균":66.04,
            "전세가율거품지수":10.04,
            "검색코드":9491,
            "세대수":175.0,
            "준공년월":"2004-06-30",
            "준공년차":19.0,
            "가까운역이름":"구산",
            "가까운역거리":111.0,
            "역세권여부":"역세권",
            "30분이내주요거점역":1,
            "30분거점역이름":"['을지로입구']",
            "1시간이내주요거점역":5,
            "1시간거점역이름":"['을지로입구', '을지로3가', '왕십리', '명동', '대화']",
            "3km이내백화점수":0,
            "5km이내아울렛몰수":1,
            "1km이내대형먀트수":0,
            "500m이내은행수":2,
            "500m이내병원수":0,
            "5km이내대형병원수":3,
            "500m이내공원수":6,
            "3km이내혐오시설수":0,
            "초등학교학업성취도":89.99,
            "중학교학업성취도":77.0,
            "용적률":595,
            "건폐율":50,
            "Y":37.6123,
            "X":126.91679,
            "rank":48.0,
            "area_info":"23평(76.83), 33평(109.34), 37평(125.46), 45평(151.68)",
            "last_sales":"2021-10-19,92500.0,33평(109.34)",
            "rank_history":[
                [
                    "202202",
                    48
                ],
                [
                    "202201",
                    29
                ]
            ],
            "rank_gap":-19
        },
        {
            "index":470,
            "아파트명":"힐스테이트백련산4차",
            "투자타입":"일반",
            "전용면적(m2)":"80.37",
            "전용면적(평)":"24평",
            "법정동주소":"서울시 은평구 응암동 764",
            "도로명주소":"서울시 은평구 백련산로 37",
            "세대수":90,
            "입주년차":80,
            "용적률점수":"--",
            "건폐율점수":"--",
            "세대당주차수":30,
            "난방방식":30,
            "공급면적":"--",
            "전용률":"--",
            "욕실수":100,
            "현관타입":100,
            "주거총점":75.0,
            "지역구공급총점":0.0,
            "역세권":50,
            "30분내 이동가능 거점":0,
            "1시간내 이동가능 거점":0,
            "교통총점":25.0,
            "백화점":0,
            "아울렛몰":0,
            "대형마트":80,
            "은행":70,
            "병원":0,
            "종합병원":100,
            "공원":100,
            "혐오시설":0,
            "인프라총점":42.0,
            "초등학군":90.0,
            "중학군":31.96,
            "학군총점":43.568,
            "인구수":51.83,
            "인구증감":-5.22,
            "인구총점":34.715,
            "일자리":14.21,
            "소득수준":50.45,
            "일자리총점":25.082,
            "가치 총점":42.8852,
            "매매실거래년":20220113.0,
            "매매실거래가":110000.0,
            "전세실거래년":null,
            "전세실거래가":null,
            "전세가율":null,
            "장기전세가율평균":66.04,
            "전세가율거품지수":null,
            "검색코드":110251,
            "세대수":963.0,
            "준공년월":"2018-02-19",
            "준공년차":5.0,
            "가까운역이름":"새절",
            "가까운역거리":700.8,
            "역세권여부":"준역세권",
            "30분이내주요거점역":0,
            "30분거점역이름":"[]",
            "1시간이내주요거점역":0,
            "1시간거점역이름":"[]",
            "3km이내백화점수":0,
            "5km이내아울렛몰수":0,
            "1km이내대형먀트수":1,
            "500m이내은행수":3,
            "500m이내병원수":0,
            "5km이내대형병원수":7,
            "500m이내공원수":6,
            "3km이내혐오시설수":0,
            "초등학교학업성취도":90.0,
            "중학교학업성취도":52.6,
            "용적률":249,
            "건폐율":21,
            "Y":37.590275,
            "X":126.921506,
            "rank":49.0,
            "area_info":"24평(80.37), 24평(80.75), 33평(112.32), 34평(112.87), 34평(114.36)",
            "last_sales":"2022-01-13,110000.0,34평(114.36)",
            "rank_history":[
                [
                    "202202",
                    49
                ],
                [
                    "202201",
                    55
                ]
            ],
            "rank_gap":6
        },
        {
            "index":612,
            "아파트명":"은평뉴타운박석고개13단지",
            "투자타입":"일반",
            "전용면적(m2)":"126.6",
            "전용면적(평)":"38평",
            "법정동주소":"서울시 은평구 진관동 123",
            "도로명주소":"서울시 은평구 진관1로 22",
            "세대수":0,
            "입주년차":40,
            "용적률점수":"--",
            "건폐율점수":"--",
            "세대당주차수":80,
            "난방방식":100,
            "공급면적":"--",
            "전용률":"--",
            "욕실수":100,
            "현관타입":100,
            "주거총점":50.0,
            "지역구공급총점":0.0,
            "역세권":50,
            "30분내 이동가능 거점":0,
            "1시간내 이동가능 거점":40,
            "교통총점":33.0,
            "백화점":0,
            "아울렛몰":80,
            "대형마트":80,
            "은행":0,
            "병원":0,
            "종합병원":100,
            "공원":100,
            "혐오시설":0,
            "인프라총점":43.0,
            "초등학군":89.99,
            "중학군":43.94,
            "학군총점":53.15,
            "인구수":51.83,
            "인구증감":-5.22,
            "인구총점":34.715,
            "일자리":14.21,
            "소득수준":50.45,
            "일자리총점":25.082,
            "가치 총점":42.4225,
            "매매실거래년":20210508.0,
            "매매실거래가":109000.0,
            "전세실거래년":20220112.0,
            "전세실거래가":61000.0,
            "전세가율":55.96,
            "장기전세가율평균":66.04,
            "전세가율거품지수":10.08,
            "검색코드":26874,
            "세대수":162.0,
            "준공년월":"2008-12-12",
            "준공년차":15.0,
            "가까운역이름":"구파발",
            "가까운역거리":680.88,
            "역세권여부":"준역세권",
            "30분이내주요거점역":0,
            "30분거점역이름":"[]",
            "1시간이내주요거점역":4,
            "1시간거점역이름":"['강남', '을지로입구', '을지로3가', '명동']",
            "3km이내백화점수":0,
            "5km이내아울렛몰수":1,
            "1km이내대형먀트수":1,
            "500m이내은행수":0,
            "500m이내병원수":0,
            "5km이내대형병원수":2,
            "500m이내공원수":4,
            "3km이내혐오시설수":0,
            "초등학교학업성취도":89.99,
            "중학교학업성취도":72.9,
            "용적률":148,
            "건폐율":15,
            "Y":37.631272,
            "X":126.922243,
            "rank":50.0,
            "area_info":"38평(126.6), 38평(126.6), 50평(166.66), 51평(170.59)",
            "last_sales":"2021-05-08,109000.0,38평(126.6)",
            "rank_history":[
                [
                    "202202",
                    50
                ],
                [
                    "202201",
                    60
                ]
            ],
            "rank_gap":10
        },
        {
            "index":318,
            "아파트명":"응암역효성해링턴플레이스",
            "투자타입":"일반",
            "전용면적(m2)":"83.39",
            "전용면적(평)":"25평",
            "법정동주소":"서울시 은평구 신사동 372",
            "도로명주소":"서울시 은평구 가좌로 334",
            "세대수":30,
            "입주년차":100,
            "용적률점수":"--",
            "건폐율점수":"--",
            "세대당주차수":30,
            "난방방식":30,
            "공급면적":"--",
            "전용률":"--",
            "욕실수":100,
            "현관타입":100,
            "주거총점":58.0,
            "지역구공급총점":0.0,
            "역세권":50,
            "30분내 이동가능 거점":0,
            "1시간내 이동가능 거점":0,
            "교통총점":25.0,
            "백화점":0,
            "아울렛몰":80,
            "대형마트":100,
            "은행":0,
            "병원":0,
            "종합병원":100,
            "공원":100,
            "혐오시설":0,
            "인프라총점":46.0,
            "초등학군":89.97,
            "중학군":41.9,
            "학군총점":51.514,
            "인구수":51.83,
            "인구증감":-5.22,
            "인구총점":34.715,
            "일자리":14.21,
            "소득수준":50.45,
            "일자리총점":25.082,
            "가치 총점":41.8771,
            "매매실거래년":20211115.0,
            "매매실거래가":84500.0,
            "전세실거래년":20211006.0,
            "전세실거래가":35700.0,
            "전세가율":42.25,
            "장기전세가율평균":66.04,
            "전세가율거품지수":23.79,
            "검색코드":112914,
            "세대수":380.0,
            "준공년월":"2019-03-14",
            "준공년차":4.0,
            "가까운역이름":"응암",
            "가까운역거리":635.54,
            "역세권여부":"준역세권",
            "30분이내주요거점역":0,
            "30분거점역이름":"[]",
            "1시간이내주요거점역":0,
            "1시간거점역이름":"[]",
            "3km이내백화점수":0,
            "5km이내아울렛몰수":1,
            "1km이내대형먀트수":2,
            "500m이내은행수":0,
            "500m이내병원수":0,
            "5km이내대형병원수":4,
            "500m이내공원수":7,
            "3km이내혐오시설수":0,
            "초등학교학업성취도":89.97,
            "중학교학업성취도":69.1,
            "용적률":241,
            "건폐율":28,
            "Y":37.597998,
            "X":126.908404,
            "rank":51.0,
            "area_info":"25평(83.39), 25평(83.66), 29평(98.7), 29평(99.1), 30평(101.22), 34평(114.13), 34평(114.26), 34평(114.27)",
            "last_sales":"2021-11-15,84500.0,25평(83.39)",
            "rank_history":[
                [
                    "202202",
                    51
                ],
                [
                    "202201",
                    48
                ]
            ],
            "rank_gap":-3
        },
        {
            "index":339,
            "아파트명":"e편한세상백련산",
            "투자타입":"일반",
            "전용면적(m2)":"76.64",
            "전용면적(평)":"23평",
            "법정동주소":"서울시 은평구 응암동 226-1번지 일대(응암4구역 주택재건축 정비사업)",
            "도로명주소":"서울시 은평구 백련산로 112",
            "세대수":30,
            "입주년차":100,
            "용적률점수":"--",
            "건폐율점수":"--",
            "세대당주차수":30,
            "난방방식":30,
            "공급면적":"--",
            "전용률":"--",
            "욕실수":100,
            "현관타입":100,
            "주거총점":58.0,
            "지역구공급총점":0.0,
            "역세권":50,
            "30분내 이동가능 거점":0,
            "1시간내 이동가능 거점":0,
            "교통총점":25.0,
            "백화점":0,
            "아울렛몰":80,
            "대형마트":100,
            "은행":0,
            "병원":0,
            "종합병원":100,
            "공원":100,
            "혐오시설":-50,
            "인프라총점":45.0,
            "초등학군":89.99,
            "중학군":40.34,
            "학군총점":50.27,
            "인구수":51.83,
            "인구증감":-5.22,
            "인구총점":34.715,
            "일자리":14.21,
            "소득수준":50.45,
            "일자리총점":25.082,
            "가치 총점":41.3905,
            "매매실거래년":"18000101",
            "매매실거래가":null,
            "전세실거래년":null,
            "전세실거래가":null,
            "전세가율":null,
            "장기전세가율평균":66.04,
            "전세가율거품지수":null,
            "검색코드":127128,
            "세대수":358.0,
            "준공년월":"2021-11-01",
            "준공년차":2.0,
            "가까운역이름":"응암",
            "가까운역거리":809.66,
            "역세권여부":"준역세권",
            "30분이내주요거점역":0,
            "30분거점역이름":"[]",
            "1시간이내주요거점역":0,
            "1시간거점역이름":"[]",
            "3km이내백화점수":0,
            "5km이내아울렛몰수":1,
            "1km이내대형먀트수":2,
            "500m이내은행수":1,
            "500m이내병원수":0,
            "5km이내대형병원수":7,
            "500m이내공원수":4,
            "3km이내혐오시설수":1,
            "초등학교학업성취도":89.99,
            "중학교학업성취도":66.5,
            "용적률":0,
            "건폐율":0,
            "Y":37.595555,
            "X":126.923922,
            "rank":52.0,
            "area_info":"23평(76.64), 23평(77.63), 23평(77.35), 32평(107.33), 33평(110.44)",
            "last_sales":"1800-01-01,nan,23평(76.64)",
            "rank_history":[
                [
                    "202202",
                    52
                ],
                [
                    "202201",
                    42
                ]
            ],
            "rank_gap":-10
        },
        {
            "index":841,
            "아파트명":"은평뉴타운우물골4단지",
            "투자타입":"일반",
            "전용면적(m2)":"85.72",
            "전용면적(평)":"25평",
            "법정동주소":"서울시 은평구 진관동 82",
            "도로명주소":"서울시 은평구 진관2로 67",
            "세대수":0,
            "입주년차":60,
            "용적률점수":"--",
            "건폐율점수":"--",
            "세대당주차수":30,
            "난방방식":100,
            "공급면적":"--",
            "전용률":"--",
            "욕실수":50,
            "현관타입":100,
            "주거총점":41.5,
            "지역구공급총점":0.0,
            "역세권":50,
            "30분내 이동가능 거점":0,
            "1시간내 이동가능 거점":30,
            "교통총점":31.0,
            "백화점":0,
            "아울렛몰":80,
            "대형마트":80,
            "은행":0,
            "병원":0,
            "종합병원":100,
            "공원":100,
            "혐오시설":0,
            "인프라총점":43.0,
            "초등학군":89.99,
            "중학군":54.12,
            "학군총점":61.294,
            "인구수":51.83,
            "인구증감":-5.22,
            "인구총점":34.715,
            "일자리":14.21,
            "소득수준":50.45,
            "일자리총점":25.082,
            "가치 총점":41.2441,
            "매매실거래년":20210808.0,
            "매매실거래가":102000.0,
            "전세실거래년":20211117.0,
            "전세실거래가":39900.0,
            "전세가율":78.54,
            "장기전세가율평균":66.04,
            "전세가율거품지수":-12.5,
            "검색코드":27067,
            "세대수":143.0,
            "준공년월":"2009-12-23",
            "준공년차":14.0,
            "가까운역이름":"구파발",
            "가까운역거리":558.18,
            "역세권여부":"준역세권",
            "30분이내주요거점역":0,
            "30분거점역이름":"[]",
            "1시간이내주요거점역":3,
            "1시간거점역이름":"['을지로입구', '을지로3가', '명동']",
            "3km이내백화점수":0,
            "5km이내아울렛몰수":1,
            "1km이내대형먀트수":1,
            "500m이내은행수":1,
            "500m이내병원수":0,
            "5km이내대형병원수":2,
            "500m이내공원수":2,
            "3km이내혐오시설수":0,
            "초등학교학업성취도":89.99,
            "중학교학업성취도":87.8,
            "용적률":168,
            "건폐율":31,
            "Y":37.634772,
            "X":126.92464,
            "rank":53.0,
            "area_info":"25평(85.72), 25평(85.74), 26평(86.11), 26평(87.35), 36평(120.82), 37평(122.67), 44평(147.73), 44평(148.13)",
            "last_sales":"2021-08-08,102000.0,37평(122.67)",
            "rank_history":[
                [
                    "202202",
                    53
                ],
                [
                    "202201",
                    68
                ]
            ],
            "rank_gap":15
        },
        {
            "index":86,
            "아파트명":"녹번JR",
            "투자타입":"일반",
            "전용면적(m2)":"83.68",
            "전용면적(평)":"25평",
            "법정동주소":"서울시 은평구 녹번동 280-1",
            "도로명주소":"서울시 은평구 통일로 586-19",
            "세대수":30,
            "입주년차":20,
            "용적률점수":"--",
            "건폐율점수":"--",
            "세대당주차수":0,
            "난방방식":30,
            "공급면적":"--",
            "전용률":"--",
            "욕실수":50,
            "현관타입":10,
            "주거총점":23.5,
            "지역구공급총점":0.0,
            "역세권":80,
            "30분내 이동가능 거점":20,
            "1시간내 이동가능 거점":60,
            "교통총점":58.0,
            "백화점":0,
            "아울렛몰":80,
            "대형마트":0,
            "은행":0,
            "병원":0,
            "종합병원":100,
            "공원":0,
            "혐오시설":-50,
            "인프라총점":27.0,
            "초등학군":90.11,
            "중학군":44.1,
            "학군총점":53.302,
            "인구수":51.83,
            "인구증감":-5.22,
            "인구총점":34.715,
            "일자리":14.21,
            "소득수준":50.45,
            "일자리총점":25.082,
            "가치 총점":41.0953,
            "매매실거래년":20211126.0,
            "매매실거래가":75000.0,
            "전세실거래년":20220108.0,
            "전세실거래가":32500.0,
            "전세가율":43.33,
            "장기전세가율평균":66.04,
            "전세가율거품지수":22.71,
            "검색코드":8830,
            "세대수":341.0,
            "준공년월":"2002-09-30",
            "준공년차":21.0,
            "가까운역이름":"녹번",
            "가까운역거리":240.71,
            "역세권여부":"역세권",
            "30분이내주요거점역":1,
            "30분거점역이름":"['을지로입구']",
            "1시간이내주요거점역":6,
            "1시간거점역이름":"['강남', '을지로입구', '을지로3가', '양재', '왕십리', '명동']",
            "3km이내백화점수":0,
            "5km이내아울렛몰수":1,
            "1km이내대형먀트수":0,
            "500m이내은행수":0,
            "500m이내병원수":0,
            "5km이내대형병원수":7,
            "500m이내공원수":0,
            "3km이내혐오시설수":1,
            "초등학교학업성취도":90.11,
            "중학교학업성취도":70.7,
            "용적률":342,
            "건폐율":30,
            "Y":37.600179,
            "X":126.93832,
            "rank":54.0,
            "area_info":"25평(83.68), 33평(111.02)",
            "last_sales":"2021-11-26,75000.0,25평(83.68)",
            "rank_history":[
                [
                    "202202",
                    54
                ],
                [
                    "202201",
                    43
                ]
            ],
            "rank_gap":-11
        },
        {
            "index":253,
            "아파트명":"DMC청구",
            "투자타입":"일반",
            "전용면적(m2)":"80.89",
            "전용면적(평)":"24평",
            "법정동주소":"서울시 은평구 수색동 413",
            "도로명주소":"서울시 은평구 증산로1길 26",
            "세대수":0,
            "입주년차":20,
            "용적률점수":"--",
            "건폐율점수":"--",
            "세대당주차수":30,
            "난방방식":30,
            "공급면적":"--",
            "전용률":"--",
            "욕실수":50,
            "현관타입":100,
            "주거총점":26.5,
            "지역구공급총점":0.0,
            "역세권":80,
            "30분내 이동가능 거점":0,
            "1시간내 이동가능 거점":50,
            "교통총점":50.0,
            "백화점":0,
            "아울렛몰":0,
            "대형마트":100,
            "은행":20,
            "병원":0,
            "종합병원":100,
            "공원":0,
            "혐오시설":-50,
            "인프라총점":36.0,
            "초등학군":89.99,
            "중학군":39.22,
            "학군총점":49.374,
            "인구수":51.83,
            "인구증감":-5.22,
            "인구총점":34.715,
            "일자리":14.21,
            "소득수준":50.45,
            "일자리총점":25.082,
            "가치 총점":41.0061,
            "매매실거래년":20210804.0,
            "매매실거래가":108000.0,
            "전세실거래년":20210529.0,
            "전세실거래가":40000.0,
            "전세가율":59.7,
            "장기전세가율평균":66.04,
            "전세가율거품지수":6.34,
            "검색코드":8694,
            "세대수":196.0,
            "준공년월":"2000-03-16",
            "준공년차":23.0,
            "가까운역이름":"디지털미디어시티",
            "가까운역거리":456.65,
            "역세권여부":"역세권",
            "30분이내주요거점역":0,
            "30분거점역이름":"[]",
            "1시간이내주요거점역":5,
            "1시간거점역이름":"['여의도', '을지로입구', '을지로3가', '명동', '대화']",
            "3km이내백화점수":0,
            "5km이내아울렛몰수":0,
            "1km이내대형먀트수":2,
            "500m이내은행수":2,
            "500m이내병원수":0,
            "5km이내대형병원수":4,
            "500m이내공원수":0,
            "3km이내혐오시설수":1,
            "초등학교학업성취도":89.99,
            "중학교학업성취도":63.1,
            "용적률":171,
            "건폐율":20,
            "Y":37.580747,
            "X":126.901257,
            "rank":55.0,
            "area_info":"24평(80.89), 24평(81.08), 32평(106.66), 48평(159.28)",
            "last_sales":"2021-08-04,108000.0,32평(106.66)",
            "rank_history":[
                [
                    "202202",
                    55
                ],
                [
                    "202201",
                    58
                ]
            ],
            "rank_gap":3
        },
        {
            "index":419,
            "아파트명":"백련산힐스테이트2차",
            "투자타입":"일반",
            "전용면적(m2)":"82.57",
            "전용면적(평)":"24평",
            "법정동주소":"서울시 은평구 응암동 760",
            "도로명주소":"서울시 은평구 백련산로 38",
            "세대수":90,
            "입주년차":60,
            "용적률점수":"--",
            "건폐율점수":"--",
            "세대당주차수":30,
            "난방방식":30,
            "공급면적":"--",
            "전용률":"--",
            "욕실수":100,
            "현관타입":100,
            "주거총점":71.0,
            "지역구공급총점":0.0,
            "역세권":50,
            "30분내 이동가능 거점":0,
            "1시간내 이동가능 거점":0,
            "교통총점":25.0,
            "백화점":0,
            "아울렛몰":0,
            "대형마트":80,
            "은행":0,
            "병원":0,
            "종합병원":100,
            "공원":100,
            "혐오시설":0,
            "인프라총점":35.0,
            "초등학군":89.99,
            "중학군":40.34,
            "학군총점":50.27,
            "인구수":51.83,
            "인구증감":-5.22,
            "인구총점":34.715,
            "일자리":14.21,
            "소득수준":50.45,
            "일자리총점":25.082,
            "가치 총점":40.9905,
            "매매실거래년":20211030.0,
            "매매실거래가":99000.0,
            "전세실거래년":20211228.0,
            "전세실거래가":52000.0,
            "전세가율":57.14,
            "장기전세가율평균":66.04,
            "전세가율거품지수":8.9,
            "검색코드":27502,
            "세대수":1148.0,
            "준공년월":"2011-12-22",
            "준공년차":12.0,
            "가까운역이름":"새절",
            "가까운역거리":880.3,
            "역세권여부":"준역세권",
            "30분이내주요거점역":0,
            "30분거점역이름":"[]",
            "1시간이내주요거점역":0,
            "1시간거점역이름":"[]",
            "3km이내백화점수":0,
            "5km이내아울렛몰수":0,
            "1km이내대형먀트수":1,
            "500m이내은행수":0,
            "500m이내병원수":0,
            "5km이내대형병원수":7,
            "500m이내공원수":6,
            "3km이내혐오시설수":0,
            "초등학교학업성취도":89.99,
            "중학교학업성취도":66.5,
            "용적률":215,
            "건폐율":22,
            "Y":37.591148,
            "X":126.92362,
            "rank":56.0,
            "area_info":"24평(82.57), 25평(82.91), 25평(83.13), 32평(107.99), 32평(108.07), 32평(108.6), 33평(110.43), 42평(140.06), 42평(140.1), 42평(141.17)",
            "last_sales":"2021-10-30,99000.0,32평(108.6)",
            "rank_history":[
                [
                    "202202",
                    56
                ],
                [
                    "202201",
                    73
                ]
            ],
            "rank_gap":17
        },
        {
            "index":282,
            "아파트명":"신사성원",
            "투자타입":"일반",
            "전용면적(m2)":"97.79",
            "전용면적(평)":"29평",
            "법정동주소":"서울시 은평구 신사동 360",
            "도로명주소":"서울시 은평구 갈현로4길 26-5",
            "세대수":0,
            "입주년차":20,
            "용적률점수":"--",
            "건폐율점수":"--",
            "세대당주차수":0,
            "난방방식":30,
            "공급면적":"--",
            "전용률":"--",
            "욕실수":50,
            "현관타입":10,
            "주거총점":13.0,
            "지역구공급총점":0.0,
            "역세권":80,
            "30분내 이동가능 거점":0,
            "1시간내 이동가능 거점":40,
            "교통총점":48.0,
            "백화점":0,
            "아울렛몰":80,
            "대형마트":100,
            "은행":0,
            "병원":0,
            "종합병원":100,
            "공원":100,
            "혐오시설":0,
            "인프라총점":46.0,
            "초등학군":89.98,
            "중학군":41.9,
            "학군총점":51.516,
            "인구수":51.83,
            "인구증감":-5.22,
            "인구총점":34.715,
            "일자리":14.21,
            "소득수준":50.45,
            "일자리총점":25.082,
            "가치 총점":40.9274,
            "매매실거래년":20211122.0,
            "매매실거래가":56000.0,
            "전세실거래년":20211113.0,
            "전세실거래가":24500.0,
            "전세가율":43.75,
            "장기전세가율평균":66.04,
            "전세가율거품지수":22.29,
            "검색코드":1233,
            "세대수":150.0,
            "준공년월":"2000-04-11",
            "준공년차":23.0,
            "가까운역이름":"응암",
            "가까운역거리":293.19,
            "역세권여부":"역세권",
            "30분이내주요거점역":0,
            "30분거점역이름":"[]",
            "1시간이내주요거점역":4,
            "1시간거점역이름":"['여의도', '을지로입구', '홍대입구', '명동']",
            "3km이내백화점수":0,
            "5km이내아울렛몰수":1,
            "1km이내대형먀트수":3,
            "500m이내은행수":1,
            "500m이내병원수":0,
            "5km이내대형병원수":5,
            "500m이내공원수":5,
            "3km이내혐오시설수":0,
            "초등학교학업성취도":89.98,
            "중학교학업성취도":69.1,
            "용적률":0,
            "건폐율":0,
            "Y":37.600519,
            "X":126.913288,
            "rank":57.0,
            "area_info":"29평(97.79), 33평(110.18)",
            "last_sales":"2021-11-22,56000.0,29평(97.79)",
            "rank_history":[
                [
                    "202202",
                    57
                ],
                [
                    "202201",
                    44
                ]
            ],
            "rank_gap":-13
        },
        {
            "index":453,
            "아파트명":"응암푸르지오",
            "투자타입":"일반",
            "전용면적(m2)":"77.41",
            "전용면적(평)":"23평",
            "법정동주소":"서울시 은평구 응암동 176",
            "도로명주소":"서울시 은평구 백련산로 146",
            "세대수":30,
            "입주년차":40,
            "용적률점수":"--",
            "건폐율점수":"--",
            "세대당주차수":30,
            "난방방식":30,
            "공급면적":"--",
            "전용률":"--",
            "욕실수":100,
            "현관타입":100,
            "주거총점":46.0,
            "지역구공급총점":0.0,
            "역세권":50,
            "30분내 이동가능 거점":0,
            "1시간내 이동가능 거점":0,
            "교통총점":25.0,
            "백화점":0,
            "아울렛몰":80,
            "대형마트":100,
            "은행":70,
            "병원":0,
            "종합병원":100,
            "공원":80,
            "혐오시설":-50,
            "인프라총점":51.4,
            "초등학군":89.99,
            "중학군":40.34,
            "학군총점":50.27,
            "인구수":51.83,
            "인구증감":-5.22,
            "인구총점":34.715,
            "일자리":14.21,
            "소득수준":50.45,
            "일자리총점":25.082,
            "가치 총점":40.9105,
            "매매실거래년":20211216.0,
            "매매실거래가":88000.0,
            "전세실거래년":20211211.0,
            "전세실거래가":50000.0,
            "전세가율":70.42,
            "장기전세가율평균":66.04,
            "전세가율거품지수":-4.38,
            "검색코드":17537,
            "세대수":361.0,
            "준공년월":"2008-07-17",
            "준공년차":15.0,
            "가까운역이름":"녹번",
            "가까운역거리":906.09,
            "역세권여부":"준역세권",
            "30분이내주요거점역":0,
            "30분거점역이름":"[]",
            "1시간이내주요거점역":0,
            "1시간거점역이름":"[]",
            "3km이내백화점수":0,
            "5km이내아울렛몰수":1,
            "1km이내대형먀트수":2,
            "500m이내은행수":3,
            "500m이내병원수":0,
            "5km이내대형병원수":7,
            "500m이내공원수":1,
            "3km이내혐오시설수":1,
            "초등학교학업성취도":89.99,
            "중학교학업성취도":66.5,
            "용적률":202,
            "건폐율":22,
            "Y":37.597592,
            "X":126.926372,
            "rank":58.0,
            "area_info":"23평(77.41), 31평(102.7), 40평(133.35)",
            "last_sales":"2021-12-16,88000.0,31평(102.7)",
            "rank_history":[
                [
                    "202202",
                    58
                ],
                [
                    "202201",
                    47
                ]
            ],
            "rank_gap":-11
        },
        {
            "index":429,
            "아파트명":"백련산힐스테이트3차",
            "투자타입":"일반",
            "전용면적(m2)":"78.87",
            "전용면적(평)":"23평",
            "법정동주소":"서울시 은평구 응암동 761",
            "도로명주소":"서울시 은평구 백련산로 36",
            "세대수":90,
            "입주년차":60,
            "용적률점수":"--",
            "건폐율점수":"--",
            "세대당주차수":30,
            "난방방식":30,
            "공급면적":"--",
            "전용률":"--",
            "욕실수":100,
            "현관타입":100,
            "주거총점":71.0,
            "지역구공급총점":0.0,
            "역세권":50,
            "30분내 이동가능 거점":0,
            "1시간내 이동가능 거점":0,
            "교통총점":25.0,
            "백화점":0,
            "아울렛몰":0,
            "대형마트":80,
            "은행":20,
            "병원":0,
            "종합병원":100,
            "공원":100,
            "혐오시설":0,
            "인프라총점":37.0,
            "초등학군":90.0,
            "중학군":31.96,
            "학군총점":43.568,
            "인구수":51.83,
            "인구증감":-5.22,
            "인구총점":34.715,
            "일자리":14.21,
            "소득수준":50.45,
            "일자리총점":25.082,
            "가치 총점":40.5852,
            "매매실거래년":20211224.0,
            "매매실거래가":84000.0,
            "전세실거래년":20211115.0,
            "전세실거래가":39000.0,
            "전세가율":46.43,
            "장기전세가율평균":66.04,
            "전세가율거품지수":19.61,
            "검색코드":27264,
            "세대수":967.0,
            "준공년월":"2011-12-22",
            "준공년차":12.0,
            "가까운역이름":"새절",
            "가까운역거리":993.8,
            "역세권여부":"준역세권",
            "30분이내주요거점역":0,
            "30분거점역이름":"[]",
            "1시간이내주요거점역":0,
            "1시간거점역이름":"[]",
            "3km이내백화점수":0,
            "5km이내아울렛몰수":0,
            "1km이내대형먀트수":1,
            "500m이내은행수":2,
            "500m이내병원수":0,
            "5km이내대형병원수":6,
            "500m이내공원수":3,
            "3km이내혐오시설수":0,
            "초등학교학업성취도":90.0,
            "중학교학업성취도":52.6,
            "용적률":213,
            "건폐율":22,
            "Y":37.588258,
            "X":126.924302,
            "rank":59.0,
            "area_info":"23평(78.87), 23평(78.84), 32평(108.84), 33평(109.22), 33평(109.72), 44평(148.07), 44평(148.62), 44평(148.04), 45평(149.6)",
            "last_sales":"2021-12-24,84000.0,23평(78.87)",
            "rank_history":[
                [
                    "202202",
                    59
                ],
                [
                    "202201",
                    80
                ]
            ],
            "rank_gap":21
        },
        {
            "index":381,
            "아파트명":"백련산파크자이",
            "투자타입":"일반",
            "전용면적(m2)":"70.55",
            "전용면적(평)":"21평",
            "법정동주소":"서울시 은평구 응암동 766",
            "도로명주소":"서울시 은평구 백련산로 67",
            "세대수":50,
            "입주년차":100,
            "용적률점수":"--",
            "건폐율점수":"--",
            "세대당주차수":30,
            "난방방식":30,
            "공급면적":"--",
            "전용률":"--",
            "욕실수":50,
            "현관타입":100,
            "주거총점":60.0,
            "지역구공급총점":0.0,
            "역세권":50,
            "30분내 이동가능 거점":0,
            "1시간내 이동가능 거점":0,
            "교통총점":25.0,
            "백화점":0,
            "아울렛몰":0,
            "대형마트":100,
            "은행":20,
            "병원":0,
            "종합병원":100,
            "공원":100,
            "혐오시설":0,
            "인프라총점":40.0,
            "초등학군":89.99,
            "중학군":40.34,
            "학군총점":50.27,
            "인구수":51.83,
            "인구증감":-5.22,
            "인구총점":34.715,
            "일자리":14.21,
            "소득수준":50.45,
            "일자리총점":25.082,
            "가치 총점":40.2905,
            "매매실거래년":20211021.0,
            "매매실거래가":105000.0,
            "전세실거래년":20210925.0,
            "전세실거래가":51000.0,
            "전세가율":96.23,
            "장기전세가율평균":66.04,
            "전세가율거품지수":-30.19,
            "검색코드":113021,
            "세대수":678.0,
            "준공년월":"2021-04-12",
            "준공년차":2.0,
            "가까운역이름":"새절",
            "가까운역거리":768.45,
            "역세권여부":"준역세권",
            "30분이내주요거점역":0,
            "30분거점역이름":"[]",
            "1시간이내주요거점역":0,
            "1시간거점역이름":"[]",
            "3km이내백화점수":0,
            "5km이내아울렛몰수":0,
            "1km이내대형먀트수":2,
            "500m이내은행수":2,
            "500m이내병원수":0,
            "5km이내대형병원수":7,
            "500m이내공원수":4,
            "3km이내혐오시설수":0,
            "초등학교학업성취도":89.99,
            "중학교학업성취도":66.5,
            "용적률":239,
            "건폐율":20,
            "Y":37.592532,
            "X":126.922174,
            "rank":60.0,
            "area_info":"21평(70.55), 23평(78.97), 23평(79.26), 24평(80.35), 32평(108.32), 32평(108.76), 33평(110.5)",
            "last_sales":"2021-10-21,105000.0,33평(110.5)",
            "rank_history":[
                [
                    "202202",
                    60
                ],
                [
                    "202201",
                    51
                ]
            ],
            "rank_gap":-9
        },
        {
            "index":487,
            "아파트명":"두산위브",
            "투자타입":"일반",
            "전용면적(m2)":"107.48",
            "전용면적(평)":"32평",
            "법정동주소":"서울시 은평구 증산동 255",
            "도로명주소":"서울시 은평구 증산서길 79",
            "세대수":0,
            "입주년차":40,
            "용적률점수":"--",
            "건폐율점수":"--",
            "세대당주차수":60,
            "난방방식":30,
            "공급면적":"--",
            "전용률":"--",
            "욕실수":100,
            "현관타입":100,
            "주거총점":40.0,
            "지역구공급총점":0.0,
            "역세권":80,
            "30분내 이동가능 거점":0,
            "1시간내 이동가능 거점":10,
            "교통총점":42.0,
            "백화점":0,
            "아울렛몰":0,
            "대형마트":80,
            "은행":0,
            "병원":0,
            "종합병원":100,
            "공원":80,
            "혐오시설":-50,
            "인프라총점":33.4,
            "초등학군":89.99,
            "중학군":39.22,
            "학군총점":49.374,
            "인구수":51.83,
            "인구증감":-5.22,
            "인구총점":34.715,
            "일자리":14.21,
            "소득수준":50.45,
            "일자리총점":25.082,
            "가치 총점":40.1261,
            "매매실거래년":20200803.0,
            "매매실거래가":77000.0,
            "전세실거래년":20211212.0,
            "전세실거래가":43000.0,
            "전세가율":59.07,
            "장기전세가율평균":66.04,
            "전세가율거품지수":6.97,
            "검색코드":17544,
            "세대수":122.0,
            "준공년월":"2005-10-04",
            "준공년차":18.0,
            "가까운역이름":"증산",
            "가까운역거리":295.35,
            "역세권여부":"역세권",
            "30분이내주요거점역":0,
            "30분거점역이름":"[]",
            "1시간이내주요거점역":1,
            "1시간거점역이름":"['을지로입구']",
            "3km이내백화점수":0,
            "5km이내아울렛몰수":0,
            "1km이내대형먀트수":1,
            "500m이내은행수":0,
            "500m이내병원수":0,
            "5km이내대형병원수":4,
            "500m이내공원수":1,
            "3km이내혐오시설수":1,
            "초등학교학업성취도":89.99,
            "중학교학업성취도":63.1,
            "용적률":238,
            "건폐율":23,
            "Y":37.584164,
            "X":126.906313,
            "rank":61.0,
            "area_info":"32평(107.48), 32평(107.11), 32평(107.74), 32평(107.96), 43평(143.51), 45평(151.2), 51평(168.64)",
            "last_sales":"2020-08-03,77000.0,43평(143.51)",
            "rank_history":[
                [
                    "202202",
                    61
                ],
                [
                    "202201",
                    53
                ]
            ],
            "rank_gap":-8
        },
        {
            "index":504,
            "아파트명":"증산중앙하이츠",
            "투자타입":"일반",
            "전용면적(m2)":"111.37",
            "전용면적(평)":"33평",
            "법정동주소":"서울시 은평구 증산동 248",
            "도로명주소":"서울시 은평구 증산로 285",
            "세대수":0,
            "입주년차":20,
            "용적률점수":"--",
            "건폐율점수":"--",
            "세대당주차수":60,
            "난방방식":30,
            "공급면적":"--",
            "전용률":"--",
            "욕실수":100,
            "현관타입":100,
            "주거총점":36.0,
            "지역구공급총점":0.0,
            "역세권":80,
            "30분내 이동가능 거점":0,
            "1시간내 이동가능 거점":10,
            "교통총점":42.0,
            "백화점":0,
            "아울렛몰":0,
            "대형마트":80,
            "은행":20,
            "병원":0,
            "종합병원":100,
            "공원":100,
            "혐오시설":-50,
            "인프라총점":36.0,
            "초등학군":89.99,
            "중학군":39.22,
            "학군총점":49.374,
            "인구수":51.83,
            "인구증감":-5.22,
            "인구총점":34.715,
            "일자리":14.21,
            "소득수준":50.45,
            "일자리총점":25.082,
            "가치 총점":40.1061,
            "매매실거래년":20211026.0,
            "매매실거래가":80000.0,
            "전세실거래년":20211021.0,
            "전세실거래가":60000.0,
            "전세가율":75.0,
            "장기전세가율평균":66.04,
            "전세가율거품지수":-8.96,
            "검색코드":8479,
            "세대수":122.0,
            "준공년월":"2001-09-07",
            "준공년차":22.0,
            "가까운역이름":"증산",
            "가까운역거리":142.4,
            "역세권여부":"역세권",
            "30분이내주요거점역":0,
            "30분거점역이름":"[]",
            "1시간이내주요거점역":1,
            "1시간거점역이름":"['을지로입구']",
            "3km이내백화점수":0,
            "5km이내아울렛몰수":0,
            "1km이내대형먀트수":1,
            "500m이내은행수":2,
            "500m이내병원수":0,
            "5km이내대형병원수":4,
            "500m이내공원수":2,
            "3km이내혐오시설수":1,
            "초등학교학업성취도":89.99,
            "중학교학업성취도":63.1,
            "용적률":356,
            "건폐율":30,
            "Y":37.58311,
            "X":126.90835,
            "rank":62.0,
            "area_info":"33평(111.37), 44평(145.76)",
            "last_sales":"2021-10-26,80000.0,33평(111.37)",
            "rank_history":[
                [
                    "202202",
                    62
                ],
                [
                    "202201",
                    54
                ]
            ],
            "rank_gap":-8
        },
        {
            "index":269,
            "아파트명":"대주파크빌",
            "투자타입":"일반",
            "전용면적(m2)":"78.41",
            "전용면적(평)":"23평",
            "법정동주소":"서울시 은평구 신사동 368",
            "도로명주소":"서울시 은평구 증산로15길 50",
            "세대수":0,
            "입주년차":40,
            "용적률점수":"--",
            "건폐율점수":"--",
            "세대당주차수":30,
            "난방방식":30,
            "공급면적":"--",
            "전용률":"--",
            "욕실수":100,
            "현관타입":100,
            "주거총점":35.5,
            "지역구공급총점":0.0,
            "역세권":80,
            "30분내 이동가능 거점":0,
            "1시간내 이동가능 거점":10,
            "교통총점":42.0,
            "백화점":0,
            "아울렛몰":0,
            "대형마트":80,
            "은행":0,
            "병원":0,
            "종합병원":100,
            "공원":100,
            "혐오시설":0,
            "인프라총점":35.0,
            "초등학군":89.99,
            "중학군":40.14,
            "학군총점":50.11,
            "인구수":51.83,
            "인구증감":-5.22,
            "인구총점":34.715,
            "일자리":14.21,
            "소득수준":50.45,
            "일자리총점":25.082,
            "가치 총점":39.8165,
            "매매실거래년":20210509.0,
            "매매실거래가":66500.0,
            "전세실거래년":20190830.0,
            "전세실거래가":25000.0,
            "전세가율":50.61,
            "장기전세가율평균":66.04,
            "전세가율거품지수":15.43,
            "검색코드":10631,
            "세대수":105.0,
            "준공년월":"2004-06-29",
            "준공년차":19.0,
            "가까운역이름":"새절",
            "가까운역거리":492.52,
            "역세권여부":"역세권",
            "30분이내주요거점역":0,
            "30분거점역이름":"[]",
            "1시간이내주요거점역":1,
            "1시간거점역이름":"['대화']",
            "3km이내백화점수":0,
            "5km이내아울렛몰수":0,
            "1km이내대형먀트수":1,
            "500m이내은행수":0,
            "500m이내병원수":0,
            "5km이내대형병원수":5,
            "500m이내공원수":5,
            "3km이내혐오시설수":0,
            "초등학교학업성취도":89.99,
            "중학교학업성취도":66.3,
            "용적률":300,
            "건폐율":28,
            "Y":37.590739,
            "X":126.908063,
            "rank":63.0,
            "area_info":"23평(78.41), 30평(100.99), 32평(107.55), 32평(108.45), 33평(109.82)",
            "last_sales":"2021-05-09,66500.0,32평(108.45)",
            "rank_history":[
                [
                    "202202",
                    63
                ],
                [
                    "202201",
                    82
                ]
            ],
            "rank_gap":19
        },
        {
            "index":230,
            "아파트명":"삼익",
            "투자타입":"재건축",
            "전용면적(m2)":"102.46",
            "전용면적(평)":"30평",
            "법정동주소":"서울시 은평구 불광동 217-9",
            "도로명주소":"서울시 은평구 불광로 153",
            "세대수":0,
            "입주년차":"--",
            "용적률점수":0,
            "건폐율점수":20,
            "세대당주차수":"--",
            "난방방식":"--",
            "공급면적":90,
            "전용률":80,
            "욕실수":"--",
            "현관타입":"--",
            "주거총점":12.5,
            "지역구공급총점":0.0,
            "역세권":80,
            "30분내 이동가능 거점":0,
            "1시간내 이동가능 거점":30,
            "교통총점":46.0,
            "백화점":0,
            "아울렛몰":80,
            "대형마트":80,
            "은행":0,
            "병원":0,
            "종합병원":100,
            "공원":100,
            "혐오시설":0,
            "인프라총점":43.0,
            "초등학군":89.99,
            "중학군":45.42,
            "학군총점":54.334,
            "인구수":51.83,
            "인구증감":-5.22,
            "인구총점":34.715,
            "일자리":14.21,
            "소득수준":50.45,
            "일자리총점":25.082,
            "가치 총점":39.6501,
            "매매실거래년":20210120.0,
            "매매실거래가":55000.0,
            "전세실거래년":20220110.0,
            "전세실거래가":36000.0,
            "전세가율":101.69,
            "장기전세가율평균":66.04,
            "전세가율거품지수":-35.65,
            "검색코드":3821,
            "세대수":103.0,
            "준공년월":"1992-03-28",
            "준공년차":31.0,
            "가까운역이름":"독바위",
            "가까운역거리":253.11,
            "역세권여부":"역세권",
            "30분이내주요거점역":0,
            "30분거점역이름":"[]",
            "1시간이내주요거점역":3,
            "1시간거점역이름":"['을지로입구', '을지로3가', '명동']",
            "3km이내백화점수":0,
            "5km이내아울렛몰수":1,
            "1km이내대형먀트수":1,
            "500m이내은행수":0,
            "500m이내병원수":0,
            "5km이내대형병원수":3,
            "500m이내공원수":9,
            "3km이내혐오시설수":0,
            "초등학교학업성취도":89.99,
            "중학교학업성취도":74.9,
            "용적률":302,
            "건폐율":41,
            "Y":37.62043,
            "X":126.9316,
            "rank":64.0,
            "area_info":"30평(102.46), 31평(103.56), 31평(103.26)",
            "last_sales":"2021-01-20,55000.0,31평(103.26)",
            "rank_history":[
                [
                    "202202",
                    64
                ],
                [
                    "202201",
                    86
                ]
            ],
            "rank_gap":22
        },
        {
            "index":279,
            "아파트명":"새절역현대",
            "투자타입":"일반",
            "전용면적(m2)":"97.41",
            "전용면적(평)":"29평",
            "법정동주소":"서울시 은평구 신사동 359",
            "도로명주소":"서울시 은평구 은평터널로 164",
            "세대수":50,
            "입주년차":0,
            "용적률점수":"--",
            "건폐율점수":"--",
            "세대당주차수":0,
            "난방방식":30,
            "공급면적":"--",
            "전용률":"--",
            "욕실수":100,
            "현관타입":100,
            "주거총점":40.5,
            "지역구공급총점":0.0,
            "역세권":50,
            "30분내 이동가능 거점":0,
            "1시간내 이동가능 거점":10,
            "교통총점":27.0,
            "백화점":0,
            "아울렛몰":80,
            "대형마트":100,
            "은행":0,
            "병원":0,
            "종합병원":100,
            "공원":100,
            "혐오시설":0,
            "인프라총점":46.0,
            "초등학군":89.99,
            "중학군":46.24,
            "학군총점":54.99,
            "인구수":51.83,
            "인구증감":-5.22,
            "인구총점":34.715,
            "일자리":14.21,
            "소득수준":50.45,
            "일자리총점":25.082,
            "가치 총점":39.5985,
            "매매실거래년":20211221.0,
            "매매실거래가":69700.0,
            "전세실거래년":20220127.0,
            "전세실거래가":31500.0,
            "전세가율":45.19,
            "장기전세가율평균":66.04,
            "전세가율거품지수":20.85,
            "검색코드":788,
            "세대수":445.0,
            "준공년월":"1997-09-25",
            "준공년차":26.0,
            "가까운역이름":"새절",
            "가까운역거리":515.01,
            "역세권여부":"준역세권",
            "30분이내주요거점역":0,
            "30분거점역이름":"[]",
            "1시간이내주요거점역":1,
            "1시간거점역이름":"['대화']",
            "3km이내백화점수":0,
            "5km이내아울렛몰수":1,
            "1km이내대형먀트수":2,
            "500m이내은행수":0,
            "500m이내병원수":0,
            "5km이내대형병원수":5,
            "500m이내공원수":7,
            "3km이내혐오시설수":0,
            "초등학교학업성취도":89.99,
            "중학교학업성취도":74.6,
            "용적률":242,
            "건폐율":21,
            "Y":37.59361,
            "X":126.908678,
            "rank":65.0,
            "area_info":"29평(97.41), 29평(97.41), 29평(97.59)",
            "last_sales":"2021-12-21,69700.0,29평(97.41)",
            "rank_history":[
                [
                    "202202",
                    65
                ],
                [
                    "202201",
                    65
                ]
            ],
            "rank_gap":0
        },
        {
            "index":26,
            "아파트명":"유호루하스(도시형)",
            "투자타입":"일반",
            "전용면적(m2)":"22.58",
            "전용면적(평)":"6평",
            "법정동주소":"서울시 은평구 갈현동 548",
            "도로명주소":"서울시 은평구 갈현로 300",
            "세대수":0,
            "입주년차":80,
            "용적률점수":"--",
            "건폐율점수":"--",
            "세대당주차수":0,
            "난방방식":30,
            "공급면적":"--",
            "전용률":"--",
            "욕실수":50,
            "현관타입":10,
            "주거총점":25.0,
            "지역구공급총점":0.0,
            "역세권":50,
            "30분내 이동가능 거점":0,
            "1시간내 이동가능 거점":50,
            "교통총점":35.0,
            "백화점":0,
            "아울렛몰":100,
            "대형마트":80,
            "은행":0,
            "병원":0,
            "종합병원":100,
            "공원":100,
            "혐오시설":0,
            "인프라총점":45.0,
            "초등학군":90.01,
            "중학군":48.32,
            "학군총점":56.658,
            "인구수":51.83,
            "인구증감":-5.22,
            "인구총점":34.715,
            "일자리":14.21,
            "소득수준":50.45,
            "일자리총점":25.082,
            "가치 총점":39.2487,
            "매매실거래년":20200228.0,
            "매매실거래가":26500.0,
            "전세실거래년":null,
            "전세실거래가":null,
            "전세가율":null,
            "장기전세가율평균":66.04,
            "전세가율거품지수":null,
            "검색코드":119453,
            "세대수":129.0,
            "준공년월":"2018-01-25",
            "준공년차":5.0,
            "가까운역이름":"연신내",
            "가까운역거리":602.19,
            "역세권여부":"준역세권",
            "30분이내주요거점역":0,
            "30분거점역이름":"[]",
            "1시간이내주요거점역":5,
            "1시간거점역이름":"['강남', '을지로입구', '을지로3가', '왕십리', '명동']",
            "3km이내백화점수":0,
            "5km이내아울렛몰수":2,
            "1km이내대형먀트수":1,
            "500m이내은행수":1,
            "500m이내병원수":0,
            "5km이내대형병원수":3,
            "500m이내공원수":3,
            "3km이내혐오시설수":0,
            "초등학교학업성취도":90.01,
            "중학교학업성취도":79.2,
            "용적률":396,
            "건폐율":66,
            "Y":37.623613,
            "X":126.917424,
            "rank":66.0,
            "area_info":"6평(22.58), 7평(23.63), 7평(24.09), 7평(24.56), 8평(29.27), 9평(30.55), 11평(37.97), 11평(39.28), 12평(40.61)",
            "last_sales":"2020-02-28,26500.0,12평(40.61)",
            "rank_history":[
                [
                    "202202",
                    66
                ],
                [
                    "202201",
                    75
                ]
            ],
            "rank_gap":9
        },
        {
            "index":506,
            "아파트명":"한신",
            "투자타입":"재건축",
            "전용면적(m2)":"72.48",
            "전용면적(평)":"21평",
            "법정동주소":"서울시 은평구 증산동 산10-22",
            "도로명주소":"서울시 은평구 증산로9길 36-5",
            "세대수":0,
            "입주년차":"--",
            "용적률점수":100,
            "건폐율점수":40,
            "세대당주차수":"--",
            "난방방식":"--",
            "공급면적":50,
            "전용률":40,
            "욕실수":"--",
            "현관타입":"--",
            "주거총점":52.5,
            "지역구공급총점":0.0,
            "역세권":80,
            "30분내 이동가능 거점":0,
            "1시간내 이동가능 거점":0,
            "교통총점":40.0,
            "백화점":0,
            "아울렛몰":0,
            "대형마트":0,
            "은행":0,
            "병원":0,
            "종합병원":100,
            "공원":100,
            "혐오시설":0,
            "인프라총점":23.0,
            "초등학군":89.99,
            "중학군":41.7,
            "학군총점":51.358,
            "인구수":51.83,
            "인구증감":-5.22,
            "인구총점":34.715,
            "일자리":14.21,
            "소득수준":50.45,
            "일자리총점":25.082,
            "가치 총점":39.1037,
            "매매실거래년":"18000101",
            "매매실거래가":null,
            "전세실거래년":null,
            "전세실거래가":null,
            "전세가율":null,
            "장기전세가율평균":66.04,
            "전세가율거품지수":null,
            "검색코드":16478,
            "세대수":179.0,
            "준공년월":"1989-06-24",
            "준공년차":34.0,
            "가까운역이름":"증산",
            "가까운역거리":449.67,
            "역세권여부":"역세권",
            "30분이내주요거점역":0,
            "30분거점역이름":"[]",
            "1시간이내주요거점역":0,
            "1시간거점역이름":"[]",
            "3km이내백화점수":0,
            "5km이내아울렛몰수":0,
            "1km이내대형먀트수":0,
            "500m이내은행수":0,
            "500m이내병원수":0,
            "5km이내대형병원수":4,
            "500m이내공원수":3,
            "3km이내혐오시설수":0,
            "초등학교학업성취도":89.99,
            "중학교학업성취도":69.5,
            "용적률":110,
            "건폐율":37,
            "Y":37.587314,
            "X":126.906958,
            "rank":67.0,
            "area_info":"21평(72.48), 26평(86.4), 26평(88.85)",
            "last_sales":"1800-01-01,nan,21평(72.48)",
            "rank_history":[
                [
                    "202202",
                    67
                ],
                [
                    "202201",
                    59
                ]
            ],
            "rank_gap":-8
        },
        {
            "index":503,
            "아파트명":"디오반(도시형)",
            "투자타입":"일반",
            "전용면적(m2)":"24.46",
            "전용면적(평)":"7평",
            "법정동주소":"서울시 은평구 증산동 173-1",
            "도로명주소":"서울시 은평구 증산로 291",
            "세대수":0,
            "입주년차":60,
            "용적률점수":"--",
            "건폐율점수":"--",
            "세대당주차수":0,
            "난방방식":30,
            "공급면적":"--",
            "전용률":"--",
            "욕실수":50,
            "현관타입":100,
            "주거총점":30.0,
            "지역구공급총점":0.0,
            "역세권":80,
            "30분내 이동가능 거점":0,
            "1시간내 이동가능 거점":10,
            "교통총점":42.0,
            "백화점":0,
            "아울렛몰":0,
            "대형마트":80,
            "은행":20,
            "병원":0,
            "종합병원":100,
            "공원":100,
            "혐오시설":-50,
            "인프라총점":36.0,
            "초등학군":89.99,
            "중학군":39.22,
            "학군총점":49.374,
            "인구수":51.83,
            "인구증감":-5.22,
            "인구총점":34.715,
            "일자리":14.21,
            "소득수준":50.45,
            "일자리총점":25.082,
            "가치 총점":38.9061,
            "매매실거래년":20220112.0,
            "매매실거래가":12300.0,
            "전세실거래년":20211019.0,
            "전세실거래가":11550.0,
            "전세가율":93.9,
            "장기전세가율평균":66.04,
            "전세가율거품지수":-27.86,
            "검색코드":103519,
            "세대수":112.0,
            "준공년월":"2011-12-21",
            "준공년차":12.0,
            "가까운역이름":"증산",
            "가까운역거리":108.37,
            "역세권여부":"역세권",
            "30분이내주요거점역":0,
            "30분거점역이름":"[]",
            "1시간이내주요거점역":1,
            "1시간거점역이름":"['을지로입구']",
            "3km이내백화점수":0,
            "5km이내아울렛몰수":0,
            "1km이내대형먀트수":1,
            "500m이내은행수":2,
            "500m이내병원수":0,
            "5km이내대형병원수":4,
            "500m이내공원수":2,
            "3km이내혐오시설수":1,
            "초등학교학업성취도":89.99,
            "중학교학업성취도":63.1,
            "용적률":248,
            "건폐율":47,
            "Y":37.583463,
            "X":126.908531,
            "rank":68.0,
            "area_info":"7평(24.46)",
            "last_sales":"2022-01-12,12300.0,7평(24.46)",
            "rank_history":[
                [
                    "202202",
                    68
                ],
                [
                    "202201",
                    61
                ]
            ],
            "rank_gap":-7
        },
        {
            "index":438,
            "아파트명":"신동아",
            "투자타입":"재건축",
            "전용면적(m2)":"70.81",
            "전용면적(평)":"21평",
            "법정동주소":"서울시 은평구 응암동 197-78",
            "도로명주소":"서울시 은평구 백련산로 127",
            "세대수":0,
            "입주년차":"--",
            "용적률점수":60,
            "건폐율점수":80,
            "세대당주차수":"--",
            "난방방식":"--",
            "공급면적":50,
            "전용률":60,
            "욕실수":"--",
            "현관타입":"--",
            "주거총점":45.5,
            "지역구공급총점":0.0,
            "역세권":50,
            "30분내 이동가능 거점":0,
            "1시간내 이동가능 거점":0,
            "교통총점":25.0,
            "백화점":0,
            "아울렛몰":80,
            "대형마트":100,
            "은행":0,
            "병원":0,
            "종합병원":100,
            "공원":100,
            "혐오시설":-50,
            "인프라총점":45.0,
            "초등학군":89.99,
            "중학군":40.34,
            "학군총점":50.27,
            "인구수":51.83,
            "인구증감":-5.22,
            "인구총점":34.715,
            "일자리":14.21,
            "소득수준":50.45,
            "일자리총점":25.082,
            "가치 총점":38.8905,
            "매매실거래년":20210821.0,
            "매매실거래가":47900.0,
            "전세실거래년":20211205.0,
            "전세실거래가":31000.0,
            "전세가율":64.72,
            "장기전세가율평균":66.04,
            "전세가율거품지수":1.32,
            "검색코드":859,
            "세대수":206.0,
            "준공년월":"1990-09-22",
            "준공년차":33.0,
            "가까운역이름":"응암",
            "가까운역거리":717.79,
            "역세권여부":"준역세권",
            "30분이내주요거점역":0,
            "30분거점역이름":"[]",
            "1시간이내주요거점역":0,
            "1시간거점역이름":"[]",
            "3km이내백화점수":0,
            "5km이내아울렛몰수":1,
            "1km이내대형먀트수":2,
            "500m이내은행수":1,
            "500m이내병원수":0,
            "5km이내대형병원수":5,
            "500m이내공원수":5,
            "3km이내혐오시설수":1,
            "초등학교학업성취도":89.99,
            "중학교학업성취도":66.5,
            "용적률":231,
            "건폐율":22,
            "Y":37.597017,
            "X":126.923474,
            "rank":69.0,
            "area_info":"21평(70.81)",
            "last_sales":"2021-08-21,47900.0,21평(70.81)",
            "rank_history":[
                [
                    "202202",
                    69
                ],
                [
                    "202201",
                    56
                ]
            ],
            "rank_gap":-13
        },
        {
            "index":166,
            "아파트명":"북한산대창센시티",
            "투자타입":"일반",
            "전용면적(m2)":"82.27",
            "전용면적(평)":"24평",
            "법정동주소":"서울시 은평구 불광동 71-16",
            "도로명주소":"서울시 은평구 불광로 208",
            "세대수":0,
            "입주년차":40,
            "용적률점수":"--",
            "건폐율점수":"--",
            "세대당주차수":30,
            "난방방식":30,
            "공급면적":"--",
            "전용률":"--",
            "욕실수":100,
            "현관타입":100,
            "주거총점":35.5,
            "지역구공급총점":0.0,
            "역세권":50,
            "30분내 이동가능 거점":0,
            "1시간내 이동가능 거점":30,
            "교통총점":31.0,
            "백화점":0,
            "아울렛몰":80,
            "대형마트":80,
            "은행":0,
            "병원":0,
            "종합병원":100,
            "공원":100,
            "혐오시설":0,
            "인프라총점":43.0,
            "초등학군":89.97,
            "중학군":43.94,
            "학군총점":53.146,
            "인구수":51.83,
            "인구증감":-5.22,
            "인구총점":34.715,
            "일자리":14.21,
            "소득수준":50.45,
            "일자리총점":25.082,
            "가치 총점":38.8219,
            "매매실거래년":20211001.0,
            "매매실거래가":73000.0,
            "전세실거래년":20211206.0,
            "전세실거래가":45000.0,
            "전세가율":62.5,
            "장기전세가율평균":66.04,
            "전세가율거품지수":3.54,
            "검색코드":9841,
            "세대수":256.0,
            "준공년월":"2004-06-30",
            "준공년차":19.0,
            "가까운역이름":"독바위",
            "가까운역거리":868.14,
            "역세권여부":"준역세권",
            "30분이내주요거점역":0,
            "30분거점역이름":"[]",
            "1시간이내주요거점역":3,
            "1시간거점역이름":"['을지로입구', '을지로3가', '명동']",
            "3km이내백화점수":0,
            "5km이내아울렛몰수":1,
            "1km이내대형먀트수":1,
            "500m이내은행수":0,
            "500m이내병원수":0,
            "5km이내대형병원수":3,
            "500m이내공원수":7,
            "3km이내혐오시설수":0,
            "초등학교학업성취도":89.97,
            "중학교학업성취도":72.9,
            "용적률":299,
            "건폐율":23,
            "Y":37.625631,
            "X":126.929145,
            "rank":70.0,
            "area_info":"24평(82.27), 27평(89.62), 31평(103.57), 33평(109.23), 41평(135.85), 41평(137.2)",
            "last_sales":"2021-10-01,73000.0,27평(89.62)",
            "rank_history":[
                [
                    "202202",
                    70
                ],
                [
                    "202201",
                    88
                ]
            ],
            "rank_gap":18
        },
        {
            "index":43,
            "아파트명":"현재트윈빌",
            "투자타입":"일반",
            "전용면적(m2)":"131.99",
            "전용면적(평)":"39평",
            "법정동주소":"서울시 은평구 갈현동 542-1",
            "도로명주소":"서울시 은평구 서오릉로20길 5-10",
            "세대수":0,
            "입주년차":20,
            "용적률점수":"--",
            "건폐율점수":"--",
            "세대당주차수":80,
            "난방방식":30,
            "공급면적":"--",
            "전용률":"--",
            "욕실수":100,
            "현관타입":100,
            "주거총점":39.0,
            "지역구공급총점":0.0,
            "역세권":50,
            "30분내 이동가능 거점":0,
            "1시간내 이동가능 거점":50,
            "교통총점":35.0,
            "백화점":0,
            "아울렛몰":100,
            "대형마트":0,
            "은행":20,
            "병원":0,
            "종합병원":100,
            "공원":100,
            "혐오시설":0,
            "인프라총점":35.0,
            "초등학군":90.0,
            "중학군":41.52,
            "학군총점":51.216,
            "인구수":51.83,
            "인구증감":-5.22,
            "인구총점":34.715,
            "일자리":14.21,
            "소득수준":50.45,
            "일자리총점":25.082,
            "가치 총점":38.2324,
            "매매실거래년":20210419.0,
            "매매실거래가":74500.0,
            "전세실거래년":20121213.0,
            "전세실거래가":19000.0,
            "전세가율":44.71,
            "장기전세가율평균":66.04,
            "전세가율거품지수":21.33,
            "검색코드":10347,
            "세대수":110.0,
            "준공년월":"2000-04-21",
            "준공년차":23.0,
            "가까운역이름":"구산",
            "가까운역거리":949.23,
            "역세권여부":"준역세권",
            "30분이내주요거점역":0,
            "30분거점역이름":"[]",
            "1시간이내주요거점역":5,
            "1시간거점역이름":"['강남', '을지로입구', '을지로3가', '명동', '대화']",
            "3km이내백화점수":0,
            "5km이내아울렛몰수":2,
            "1km이내대형먀트수":0,
            "500m이내은행수":2,
            "500m이내병원수":0,
            "5km이내대형병원수":3,
            "500m이내공원수":6,
            "3km이내혐오시설수":0,
            "초등학교학업성취도":90.0,
            "중학교학업성취도":68.8,
            "용적률":299,
            "건폐율":26,
            "Y":37.61676,
            "X":126.908906,
            "rank":71.0,
            "area_info":"39평(131.99), 39평(131.16), 40평(132.66), 42평(138.91), 41평(138.65), 42평(141.16), 43평(142.69), 48평(160.73), 56평(187.56), 64평(214.46)",
            "last_sales":"2021-04-19,74500.0,64평(214.46)",
            "rank_history":[
                [
                    "202202",
                    71
                ],
                [
                    "202201",
                    63
                ]
            ],
            "rank_gap":-8
        },
        {
            "index":313,
            "아파트명":"은평신사두산위브2차",
            "투자타입":"일반",
            "전용면적(m2)":"110.47",
            "전용면적(평)":"33평",
            "법정동주소":"서울시 은평구 신사동 371",
            "도로명주소":"서울시 은평구 가좌로12길 15",
            "세대수":0,
            "입주년차":60,
            "용적률점수":"--",
            "건폐율점수":"--",
            "세대당주차수":60,
            "난방방식":30,
            "공급면적":"--",
            "전용률":"--",
            "욕실수":100,
            "현관타입":100,
            "주거총점":44.0,
            "지역구공급총점":0.0,
            "역세권":50,
            "30분내 이동가능 거점":0,
            "1시간내 이동가능 거점":0,
            "교통총점":25.0,
            "백화점":0,
            "아울렛몰":80,
            "대형마트":80,
            "은행":0,
            "병원":0,
            "종합병원":100,
            "공원":100,
            "혐오시설":0,
            "인프라총점":43.0,
            "초등학군":89.97,
            "중학군":41.9,
            "학군총점":51.514,
            "인구수":51.83,
            "인구증감":-5.22,
            "인구총점":34.715,
            "일자리":14.21,
            "소득수준":50.45,
            "일자리총점":25.082,
            "가치 총점":38.1771,
            "매매실거래년":20200208.0,
            "매매실거래가":74500.0,
            "전세실거래년":null,
            "전세실거래가":null,
            "전세가율":null,
            "장기전세가율평균":66.04,
            "전세가율거품지수":null,
            "검색코드":103165,
            "세대수":139.0,
            "준공년월":"2011-10-28",
            "준공년차":12.0,
            "가까운역이름":"응암",
            "가까운역거리":735.95,
            "역세권여부":"준역세권",
            "30분이내주요거점역":0,
            "30분거점역이름":"[]",
            "1시간이내주요거점역":0,
            "1시간거점역이름":"[]",
            "3km이내백화점수":0,
            "5km이내아울렛몰수":1,
            "1km이내대형먀트수":1,
            "500m이내은행수":0,
            "500m이내병원수":0,
            "5km이내대형병원수":3,
            "500m이내공원수":4,
            "3km이내혐오시설수":0,
            "초등학교학업성취도":89.97,
            "중학교학업성취도":69.1,
            "용적률":197,
            "건폐율":22,
            "Y":37.599021,
            "X":126.90724,
            "rank":72.0,
            "area_info":"33평(110.47), 33평(110.91), 33평(110.54), 33평(111.53), 47평(158.21)",
            "last_sales":"2020-02-08,74500.0,47평(158.21)",
            "rank_history":[
                [
                    "202202",
                    72
                ],
                [
                    "202201",
                    64
                ]
            ],
            "rank_gap":-8
        },
        {
            "index":450,
            "아파트명":"응암우성",
            "투자타입":"재건축",
            "전용면적(m2)":"87.54",
            "전용면적(평)":"26평",
            "법정동주소":"서울시 은평구 응암동 694-1",
            "도로명주소":"서울시 은평구 가좌로7나길 30",
            "세대수":0,
            "입주년차":"--",
            "용적률점수":80,
            "건폐율점수":100,
            "세대당주차수":"--",
            "난방방식":"--",
            "공급면적":70,
            "전용률":60,
            "욕실수":"--",
            "현관타입":"--",
            "주거총점":58.5,
            "지역구공급총점":0.0,
            "역세권":50,
            "30분내 이동가능 거점":0,
            "1시간내 이동가능 거점":0,
            "교통총점":25.0,
            "백화점":0,
            "아울렛몰":0,
            "대형마트":80,
            "은행":20,
            "병원":0,
            "종합병원":100,
            "공원":100,
            "혐오시설":0,
            "인프라총점":37.0,
            "초등학군":89.99,
            "중학군":31.96,
            "학군총점":43.566,
            "인구수":51.83,
            "인구증감":-5.22,
            "인구총점":34.715,
            "일자리":14.21,
            "소득수준":50.45,
            "일자리총점":25.082,
            "가치 총점":38.0849,
            "매매실거래년":20211004.0,
            "매매실거래가":60000.0,
            "전세실거래년":20211211.0,
            "전세실거래가":27000.0,
            "전세가율":45.0,
            "장기전세가율평균":66.04,
            "전세가율거품지수":21.04,
            "검색코드":791,
            "세대수":292.0,
            "준공년월":"1988-07-01",
            "준공년차":35.0,
            "가까운역이름":"증산",
            "가까운역거리":748.36,
            "역세권여부":"준역세권",
            "30분이내주요거점역":0,
            "30분거점역이름":"[]",
            "1시간이내주요거점역":0,
            "1시간거점역이름":"[]",
            "3km이내백화점수":0,
            "5km이내아울렛몰수":0,
            "1km이내대형먀트수":1,
            "500m이내은행수":2,
            "500m이내병원수":0,
            "5km이내대형병원수":6,
            "500m이내공원수":2,
            "3km이내혐오시설수":0,
            "초등학교학업성취도":89.99,
            "중학교학업성취도":52.6,
            "용적률":192,
            "건폐율":17,
            "Y":37.584047,
            "X":126.918135,
            "rank":73.0,
            "area_info":"26평(87.54), 31평(102.72), 42평(139.79)",
            "last_sales":"2021-10-04,60000.0,26평(87.54)",
            "rank_history":[
                [
                    "202202",
                    73
                ],
                [
                    "202201",
                    85
                ]
            ],
            "rank_gap":12
        },
        {
            "index":257,
            "아파트명":"대림한숲타운",
            "투자타입":"일반",
            "전용면적(m2)":"83.5",
            "전용면적(평)":"25평",
            "법정동주소":"서울시 은평구 수색동 415-1",
            "도로명주소":"서울시 은평구 은평터널로 65",
            "세대수":90,
            "입주년차":20,
            "용적률점수":"--",
            "건폐율점수":"--",
            "세대당주차수":30,
            "난방방식":30,
            "공급면적":"--",
            "전용률":"--",
            "욕실수":50,
            "현관타입":100,
            "주거총점":58.0,
            "지역구공급총점":0.0,
            "역세권":50,
            "30분내 이동가능 거점":0,
            "1시간내 이동가능 거점":10,
            "교통총점":27.0,
            "백화점":0,
            "아울렛몰":0,
            "대형마트":80,
            "은행":0,
            "병원":0,
            "종합병원":100,
            "공원":0,
            "혐오시설":0,
            "인프라총점":32.0,
            "초등학군":90.0,
            "중학군":39.22,
            "학군총점":49.376,
            "인구수":51.83,
            "인구증감":-5.22,
            "인구총점":34.715,
            "일자리":14.21,
            "소득수준":50.45,
            "일자리총점":25.082,
            "가치 총점":38.0564,
            "매매실거래년":20211225.0,
            "매매실거래가":90000.0,
            "전세실거래년":20220121.0,
            "전세실거래가":27300.0,
            "전세가율":34.56,
            "장기전세가율평균":66.04,
            "전세가율거품지수":31.48,
            "검색코드":3462,
            "세대수":976.0,
            "준공년월":"2003-07-10",
            "준공년차":20.0,
            "가까운역이름":"수색",
            "가까운역거리":770.9,
            "역세권여부":"준역세권",
            "30분이내주요거점역":0,
            "30분거점역이름":"[]",
            "1시간이내주요거점역":1,
            "1시간거점역이름":"['을지로입구']",
            "3km이내백화점수":0,
            "5km이내아울렛몰수":0,
            "1km이내대형먀트수":1,
            "500m이내은행수":0,
            "500m이내병원수":0,
            "5km이내대형병원수":3,
            "500m이내공원수":0,
            "3km이내혐오시설수":0,
            "초등학교학업성취도":90.0,
            "중학교학업성취도":63.1,
            "용적률":252,
            "건폐율":23,
            "Y":37.586667,
            "X":126.900355,
            "rank":74.0,
            "area_info":"25평(83.5), 32평(106.77), 42평(139.65), 42평(139.45)",
            "last_sales":"2021-12-25,90000.0,42평(139.65)",
            "rank_history":[
                [
                    "202202",
                    74
                ],
                [
                    "202201",
                    72
                ]
            ],
            "rank_gap":-2
        },
        {
            "index":57,
            "아파트명":"갈현e-편한세상1단지",
            "투자타입":"일반",
            "전용면적(m2)":"81.11",
            "전용면적(평)":"24평",
            "법정동주소":"서울시 은평구 구산동 547",
            "도로명주소":"서울시 은평구 서오릉로21길 47",
            "세대수":30,
            "입주년차":40,
            "용적률점수":"--",
            "건폐율점수":"--",
            "세대당주차수":30,
            "난방방식":30,
            "공급면적":"--",
            "전용률":"--",
            "욕실수":100,
            "현관타입":100,
            "주거총점":46.0,
            "지역구공급총점":0.0,
            "역세권":50,
            "30분내 이동가능 거점":0,
            "1시간내 이동가능 거점":30,
            "교통총점":31.0,
            "백화점":0,
            "아울렛몰":100,
            "대형마트":0,
            "은행":0,
            "병원":0,
            "종합병원":100,
            "공원":100,
            "혐오시설":0,
            "인프라총점":33.0,
            "초등학군":90.0,
            "중학군":43.4,
            "학군총점":52.72,
            "인구수":51.83,
            "인구증감":-5.22,
            "인구총점":34.715,
            "일자리":14.21,
            "소득수준":50.45,
            "일자리총점":25.082,
            "가치 총점":37.858,
            "매매실거래년":20211008.0,
            "매매실거래가":89500.0,
            "전세실거래년":20120428.0,
            "전세실거래가":16000.0,
            "전세가율":25.08,
            "장기전세가율평균":66.04,
            "전세가율거품지수":40.96,
            "검색코드":9184,
            "세대수":327.0,
            "준공년월":"2004-10-11",
            "준공년차":19.0,
            "가까운역이름":"구산",
            "가까운역거리":964.23,
            "역세권여부":"준역세권",
            "30분이내주요거점역":0,
            "30분거점역이름":"[]",
            "1시간이내주요거점역":3,
            "1시간거점역이름":"['을지로입구', '명동', '대화']",
            "3km이내백화점수":0,
            "5km이내아울렛몰수":2,
            "1km이내대형먀트수":0,
            "500m이내은행수":1,
            "500m이내병원수":0,
            "5km이내대형병원수":3,
            "500m이내공원수":9,
            "3km이내혐오시설수":0,
            "초등학교학업성취도":90.0,
            "중학교학업성취도":71.6,
            "용적률":300,
            "건폐율":22,
            "Y":37.612159,
            "X":126.906368,
            "rank":75.0,
            "area_info":"24평(81.11), 32평(108.98), 44평(146.49)",
            "last_sales":"2021-10-08,89500.0,44평(146.49)",
            "rank_history":[
                [
                    "202202",
                    75
                ],
                [
                    "202201",
                    71
                ]
            ],
            "rank_gap":-4
        },
        {
            "index":74,
            "아파트명":"구산브라운스톤",
            "투자타입":"일반",
            "전용면적(m2)":"83.16",
            "전용면적(평)":"25평",
            "법정동주소":"서울시 은평구 구산동 159-10",
            "도로명주소":"서울시 은평구 갈현로17길 17",
            "세대수":0,
            "입주년차":40,
            "용적률점수":"--",
            "건폐율점수":"--",
            "세대당주차수":30,
            "난방방식":30,
            "공급면적":"--",
            "전용률":"--",
            "욕실수":100,
            "현관타입":100,
            "주거총점":35.5,
            "지역구공급총점":0.0,
            "역세권":50,
            "30분내 이동가능 거점":0,
            "1시간내 이동가능 거점":50,
            "교통총점":35.0,
            "백화점":0,
            "아울렛몰":100,
            "대형마트":0,
            "은행":20,
            "병원":0,
            "종합병원":100,
            "공원":100,
            "혐오시설":0,
            "인프라총점":35.0,
            "초등학군":90.0,
            "중학군":43.4,
            "학군총점":52.72,
            "인구수":51.83,
            "인구증감":-5.22,
            "인구총점":34.715,
            "일자리":14.21,
            "소득수준":50.45,
            "일자리총점":25.082,
            "가치 총점":37.758,
            "매매실거래년":20211002.0,
            "매매실거래가":67500.0,
            "전세실거래년":20180308.0,
            "전세실거래가":28000.0,
            "전세가율":41.48,
            "장기전세가율평균":66.04,
            "전세가율거품지수":24.56,
            "검색코드":17701,
            "세대수":189.0,
            "준공년월":"2006-03-27",
            "준공년차":17.0,
            "가까운역이름":"구산",
            "가까운역거리":681.71,
            "역세권여부":"준역세권",
            "30분이내주요거점역":0,
            "30분거점역이름":"[]",
            "1시간이내주요거점역":5,
            "1시간거점역이름":"['강남', '을지로입구', '을지로3가', '명동', '대화']",
            "3km이내백화점수":0,
            "5km이내아울렛몰수":2,
            "1km이내대형먀트수":0,
            "500m이내은행수":2,
            "500m이내병원수":0,
            "5km이내대형병원수":3,
            "500m이내공원수":9,
            "3km이내혐오시설수":0,
            "초등학교학업성취도":90.0,
            "중학교학업성취도":71.6,
            "용적률":245,
            "건폐율":24,
            "Y":37.611603,
            "X":126.909536,
            "rank":76.0,
            "area_info":"25평(83.16), 34평(113.2), 43평(143.87)",
            "last_sales":"2021-10-02,67500.0,25평(83.16)",
            "rank_history":[
                [
                    "202202",
                    76
                ],
                [
                    "202201",
                    67
                ]
            ],
            "rank_gap":-9
        },
        {
            "index":150,
            "아파트명":"남해그린힐",
            "투자타입":"일반",
            "전용면적(m2)":"79.54",
            "전용면적(평)":"24평",
            "법정동주소":"서울시 은평구 불광동 632",
            "도로명주소":"서울시 은평구 불광로6길 20",
            "세대수":0,
            "입주년차":20,
            "용적률점수":"--",
            "건폐율점수":"--",
            "세대당주차수":0,
            "난방방식":30,
            "공급면적":"--",
            "전용률":"--",
            "욕실수":50,
            "현관타입":100,
            "주거총점":22.0,
            "지역구공급총점":0.0,
            "역세권":50,
            "30분내 이동가능 거점":0,
            "1시간내 이동가능 거점":50,
            "교통총점":35.0,
            "백화점":0,
            "아울렛몰":80,
            "대형마트":80,
            "은행":0,
            "병원":0,
            "종합병원":100,
            "공원":100,
            "혐오시설":0,
            "인프라총점":43.0,
            "초등학군":89.98,
            "중학군":45.42,
            "학군총점":54.332,
            "인구수":51.83,
            "인구증감":-5.22,
            "인구총점":34.715,
            "일자리":14.21,
            "소득수준":50.45,
            "일자리총점":25.082,
            "가치 총점":37.6998,
            "매매실거래년":20200709.0,
            "매매실거래가":45000.0,
            "전세실거래년":null,
            "전세실거래가":null,
            "전세가율":null,
            "장기전세가율평균":66.04,
            "전세가율거품지수":null,
            "검색코드":3819,
            "세대수":100.0,
            "준공년월":"2001-11-15",
            "준공년차":22.0,
            "가까운역이름":"독바위",
            "가까운역거리":532.23,
            "역세권여부":"준역세권",
            "30분이내주요거점역":0,
            "30분거점역이름":"[]",
            "1시간이내주요거점역":5,
            "1시간거점역이름":"['강남', '을지로입구', '을지로3가', '왕십리', '명동']",
            "3km이내백화점수":0,
            "5km이내아울렛몰수":1,
            "1km이내대형먀트수":1,
            "500m이내은행수":1,
            "500m이내병원수":0,
            "5km이내대형병원수":4,
            "500m이내공원수":4,
            "3km이내혐오시설수":0,
            "초등학교학업성취도":89.98,
            "중학교학업성취도":74.9,
            "용적률":288,
            "건폐율":30,
            "Y":37.613794,
            "X":126.9344,
            "rank":77.0,
            "area_info":"24평(79.54), 24평(81.17), 29평(97.26), 32평(108.86)",
            "last_sales":"2020-07-09,45000.0,32평(108.86)",
            "rank_history":[
                [
                    "202202",
                    77
                ],
                [
                    "202201",
                    69
                ]
            ],
            "rank_gap":-8
        },
        {
            "index":310,
            "아파트명":"은평신사두산위브1차",
            "투자타입":"일반",
            "전용면적(m2)":"94.61",
            "전용면적(평)":"28평",
            "법정동주소":"서울시 은평구 신사동 370",
            "도로명주소":"서울시 은평구 갈현로1길 36",
            "세대수":0,
            "입주년차":40,
            "용적률점수":"--",
            "건폐율점수":"--",
            "세대당주차수":30,
            "난방방식":30,
            "공급면적":"--",
            "전용률":"--",
            "욕실수":100,
            "현관타입":100,
            "주거총점":35.5,
            "지역구공급총점":0.0,
            "역세권":50,
            "30분내 이동가능 거점":0,
            "1시간내 이동가능 거점":0,
            "교통총점":25.0,
            "백화점":0,
            "아울렛몰":100,
            "대형마트":80,
            "은행":0,
            "병원":0,
            "종합병원":100,
            "공원":100,
            "혐오시설":0,
            "인프라총점":45.0,
            "초등학군":89.97,
            "중학군":41.9,
            "학군총점":51.514,
            "인구수":51.83,
            "인구증감":-5.22,
            "인구총점":34.715,
            "일자리":14.21,
            "소득수준":50.45,
            "일자리총점":25.082,
            "가치 총점":37.0771,
            "매매실거래년":20210619.0,
            "매매실거래가":76500.0,
            "전세실거래년":20210113.0,
            "전세실거래가":44000.0,
            "전세가율":85.44,
            "장기전세가율평균":66.04,
            "전세가율거품지수":-19.4,
            "검색코드":25766,
            "세대수":178.0,
            "준공년월":"2006-11-30",
            "준공년차":17.0,
            "가까운역이름":"응암",
            "가까운역거리":925.69,
            "역세권여부":"준역세권",
            "30분이내주요거점역":0,
            "30분거점역이름":"[]",
            "1시간이내주요거점역":0,
            "1시간거점역이름":"[]",
            "3km이내백화점수":0,
            "5km이내아울렛몰수":2,
            "1km이내대형먀트수":1,
            "500m이내은행수":0,
            "500m이내병원수":0,
            "5km이내대형병원수":3,
            "500m이내공원수":3,
            "3km이내혐오시설수":0,
            "초등학교학업성취도":89.97,
            "중학교학업성취도":69.1,
            "용적률":198,
            "건폐율":22,
            "Y":37.599741,
            "X":126.905168,
            "rank":78.0,
            "area_info":"28평(94.61), 32평(106.12), 32평(106.05)",
            "last_sales":"2021-06-19,76500.0,32평(106.05)",
            "rank_history":[
                [
                    "202202",
                    78
                ],
                [
                    "202201",
                    70
                ]
            ],
            "rank_gap":-8
        },
        {
            "index":77,
            "아파트명":"동익파크",
            "투자타입":"재건축",
            "전용면적(m2)":"102.2",
            "전용면적(평)":"30평",
            "법정동주소":"서울시 은평구 구산동 355-95",
            "도로명주소":"서울시 은평구 서오릉로21길 20",
            "세대수":0,
            "입주년차":"--",
            "용적률점수":20,
            "건폐율점수":80,
            "세대당주차수":"--",
            "난방방식":"--",
            "공급면적":90,
            "전용률":80,
            "욕실수":"--",
            "현관타입":"--",
            "주거총점":32.5,
            "지역구공급총점":0.0,
            "역세권":50,
            "30분내 이동가능 거점":0,
            "1시간내 이동가능 거점":50,
            "교통총점":35.0,
            "백화점":0,
            "아울렛몰":100,
            "대형마트":0,
            "은행":0,
            "병원":0,
            "종합병원":100,
            "공원":100,
            "혐오시설":0,
            "인프라총점":33.0,
            "초등학군":90.0,
            "중학군":41.52,
            "학군총점":51.216,
            "인구수":51.83,
            "인구증감":-5.22,
            "인구총점":34.715,
            "일자리":14.21,
            "소득수준":50.45,
            "일자리총점":25.082,
            "가치 총점":36.3324,
            "매매실거래년":20210622.0,
            "매매실거래가":50500.0,
            "전세실거래년":null,
            "전세실거래가":null,
            "전세가율":null,
            "장기전세가율평균":66.04,
            "전세가율거품지수":null,
            "검색코드":1227,
            "세대수":208.0,
            "준공년월":"1991-09-24",
            "준공년차":32.0,
            "가까운역이름":"구산",
            "가까운역거리":998.14,
            "역세권여부":"준역세권",
            "30분이내주요거점역":0,
            "30분거점역이름":"[]",
            "1시간이내주요거점역":5,
            "1시간거점역이름":"['강남', '을지로입구', '을지로3가', '명동', '대화']",
            "3km이내백화점수":0,
            "5km이내아울렛몰수":2,
            "1km이내대형먀트수":0,
            "500m이내은행수":1,
            "500m이내병원수":0,
            "5km이내대형병원수":3,
            "500m이내공원수":8,
            "3km이내혐오시설수":0,
            "초등학교학업성취도":90.0,
            "중학교학업성취도":68.8,
            "용적률":270,
            "건폐율":24,
            "Y":37.614903,
            "X":126.906849,
            "rank":79.0,
            "area_info":"30평(102.2), 30평(102.25), 30평(102.25), 31평(103.48), 59평(195.22)",
            "last_sales":"2021-06-22,50500.0,31평(103.48)",
            "rank_history":[
                [
                    "202202",
                    79
                ],
                [
                    "202201",
                    74
                ]
            ],
            "rank_gap":-5
        },
        {
            "index":329,
            "아파트명":"현대2차",
            "투자타입":"일반",
            "전용면적(m2)":"103.34",
            "전용면적(평)":"31평",
            "법정동주소":"서울시 은평구 신사동 355",
            "도로명주소":"서울시 은평구 가좌로 344",
            "세대수":30,
            "입주년차":0,
            "용적률점수":"--",
            "건폐율점수":"--",
            "세대당주차수":0,
            "난방방식":30,
            "공급면적":"--",
            "전용률":"--",
            "욕실수":100,
            "현관타입":100,
            "주거총점":33.5,
            "지역구공급총점":0.0,
            "역세권":50,
            "30분내 이동가능 거점":0,
            "1시간내 이동가능 거점":0,
            "교통총점":25.0,
            "백화점":0,
            "아울렛몰":80,
            "대형마트":80,
            "은행":0,
            "병원":0,
            "종합병원":100,
            "공원":100,
            "혐오시설":0,
            "인프라총점":43.0,
            "초등학군":89.97,
            "중학군":41.9,
            "학군총점":51.514,
            "인구수":51.83,
            "인구증감":-5.22,
            "인구총점":34.715,
            "일자리":14.21,
            "소득수준":50.45,
            "일자리총점":25.082,
            "가치 총점":36.0771,
            "매매실거래년":20210925.0,
            "매매실거래가":62000.0,
            "전세실거래년":20220108.0,
            "전세실거래가":46500.0,
            "전세가율":75.0,
            "장기전세가율평균":66.04,
            "전세가율거품지수":-8.96,
            "검색코드":7958,
            "세대수":380.0,
            "준공년월":"1994-04-23",
            "준공년차":29.0,
            "가까운역이름":"응암",
            "가까운역거리":744.67,
            "역세권여부":"준역세권",
            "30분이내주요거점역":0,
            "30분거점역이름":"[]",
            "1시간이내주요거점역":0,
            "1시간거점역이름":"[]",
            "3km이내백화점수":0,
            "5km이내아울렛몰수":1,
            "1km이내대형먀트수":1,
            "500m이내은행수":0,
            "500m이내병원수":0,
            "5km이내대형병원수":4,
            "500m이내공원수":7,
            "3km이내혐오시설수":0,
            "초등학교학업성취도":89.97,
            "중학교학업성취도":69.1,
            "용적률":350,
            "건폐율":25,
            "Y":37.598227,
            "X":126.907138,
            "rank":80.0,
            "area_info":"31평(103.34)",
            "last_sales":"2021-09-25,62000.0,31평(103.34)",
            "rank_history":[
                [
                    "202202",
                    80
                ],
                [
                    "202201",
                    77
                ]
            ],
            "rank_gap":-3
        },
        {
            "index":479,
            "아파트명":"DMC우방",
            "투자타입":"일반",
            "전용면적(m2)":"83.31",
            "전용면적(평)":"25평",
            "법정동주소":"서울시 은평구 증산동 244",
            "도로명주소":"서울시 은평구 증산로3길 26-1",
            "세대수":50,
            "입주년차":20,
            "용적률점수":"--",
            "건폐율점수":"--",
            "세대당주차수":30,
            "난방방식":30,
            "공급면적":"--",
            "전용률":"--",
            "욕실수":50,
            "현관타입":10,
            "주거총점":35.0,
            "지역구공급총점":0.0,
            "역세권":50,
            "30분내 이동가능 거점":0,
            "1시간내 이동가능 거점":40,
            "교통총점":33.0,
            "백화점":0,
            "아울렛몰":0,
            "대형마트":80,
            "은행":0,
            "병원":0,
            "종합병원":100,
            "공원":80,
            "혐오시설":-50,
            "인프라총점":33.4,
            "초등학군":89.99,
            "중학군":39.22,
            "학군총점":49.374,
            "인구수":51.83,
            "인구증감":-5.22,
            "인구총점":34.715,
            "일자리":14.21,
            "소득수준":50.45,
            "일자리총점":25.082,
            "가치 총점":35.9761,
            "매매실거래년":20211029.0,
            "매매실거래가":100000.0,
            "전세실거래년":20211005.0,
            "전세실거래가":26500.0,
            "전세가율":33.12,
            "장기전세가율평균":66.04,
            "전세가율거품지수":32.92,
            "검색코드":1234,
            "세대수":429.0,
            "준공년월":"2000-03-20",
            "준공년차":23.0,
            "가까운역이름":"디지털미디어시티",
            "가까운역거리":592.86,
            "역세권여부":"준역세권",
            "30분이내주요거점역":0,
            "30분거점역이름":"[]",
            "1시간이내주요거점역":4,
            "1시간거점역이름":"['을지로입구', '을지로3가', '명동', '대화']",
            "3km이내백화점수":0,
            "5km이내아울렛몰수":0,
            "1km이내대형먀트수":1,
            "500m이내은행수":0,
            "500m이내병원수":0,
            "5km이내대형병원수":4,
            "500m이내공원수":1,
            "3km이내혐오시설수":1,
            "초등학교학업성취도":89.99,
            "중학교학업성취도":63.1,
            "용적률":348,
            "건폐율":25,
            "Y":37.581771,
            "X":126.902839,
            "rank":81.0,
            "area_info":"25평(83.31), 32평(107.78), 32평(107.51), 32평(107.52), 42평(141.5), 42평(141.53)",
            "last_sales":"2021-10-29,100000.0,32평(107.78)",
            "rank_history":[
                [
                    "202202",
                    81
                ],
                [
                    "202201",
                    83
                ]
            ],
            "rank_gap":2
        },
        {
            "index":475,
            "아파트명":"DMC문영퀸즈파크",
            "투자타입":"일반",
            "전용면적(m2)":"105.39",
            "전용면적(평)":"31평",
            "법정동주소":"서울시 은평구 증산동 254",
            "도로명주소":"서울시 은평구 증산로13길 44-5",
            "세대수":0,
            "입주년차":40,
            "용적률점수":"--",
            "건폐율점수":"--",
            "세대당주차수":30,
            "난방방식":30,
            "공급면적":"--",
            "전용률":"--",
            "욕실수":100,
            "현관타입":100,
            "주거총점":35.5,
            "지역구공급총점":0.0,
            "역세권":80,
            "30분내 이동가능 거점":0,
            "1시간내 이동가능 거점":0,
            "교통총점":40.0,
            "백화점":0,
            "아울렛몰":0,
            "대형마트":0,
            "은행":0,
            "병원":0,
            "종합병원":100,
            "공원":100,
            "혐오시설":0,
            "인프라총점":23.0,
            "초등학군":89.99,
            "중학군":41.7,
            "학군총점":51.358,
            "인구수":51.83,
            "인구증감":-5.22,
            "인구총점":34.715,
            "일자리":14.21,
            "소득수준":50.45,
            "일자리총점":25.082,
            "가치 총점":35.7037,
            "매매실거래년":20210510.0,
            "매매실거래가":64500.0,
            "전세실거래년":null,
            "전세실거래가":null,
            "전세가율":null,
            "장기전세가율평균":66.04,
            "전세가율거품지수":null,
            "검색코드":22098,
            "세대수":119.0,
            "준공년월":"2004-06-25",
            "준공년차":19.0,
            "가까운역이름":"증산",
            "가까운역거리":448.94,
            "역세권여부":"역세권",
            "30분이내주요거점역":0,
            "30분거점역이름":"[]",
            "1시간이내주요거점역":0,
            "1시간거점역이름":"[]",
            "3km이내백화점수":0,
            "5km이내아울렛몰수":0,
            "1km이내대형먀트수":0,
            "500m이내은행수":0,
            "500m이내병원수":0,
            "5km이내대형병원수":4,
            "500m이내공원수":2,
            "3km이내혐오시설수":0,
            "초등학교학업성취도":89.99,
            "중학교학업성취도":69.5,
            "용적률":283,
            "건폐율":24,
            "Y":37.587619,
            "X":126.907735,
            "rank":82.0,
            "area_info":"31평(105.39), 33평(110.98), 34평(113.74), 34평(113.8)",
            "last_sales":"2021-05-10,64500.0,34평(113.74)",
            "rank_history":[
                [
                    "202202",
                    82
                ],
                [
                    "202201",
                    79
                ]
            ],
            "rank_gap":-3
        },
        {
            "index":284,
            "아파트명":"신사한신휴플러스",
            "투자타입":"일반",
            "전용면적(m2)":"78.62",
            "전용면적(평)":"23평",
            "법정동주소":"서울시 은평구 신사동 365",
            "도로명주소":"서울시 은평구 갈현로1길 31",
            "세대수":0,
            "입주년차":20,
            "용적률점수":"--",
            "건폐율점수":"--",
            "세대당주차수":30,
            "난방방식":30,
            "공급면적":"--",
            "전용률":"--",
            "욕실수":100,
            "현관타입":100,
            "주거총점":31.5,
            "지역구공급총점":0.0,
            "역세권":50,
            "30분내 이동가능 거점":0,
            "1시간내 이동가능 거점":0,
            "교통총점":25.0,
            "백화점":0,
            "아울렛몰":80,
            "대형마트":80,
            "은행":0,
            "병원":0,
            "종합병원":100,
            "공원":100,
            "혐오시설":0,
            "인프라총점":43.0,
            "초등학군":89.97,
            "중학군":41.9,
            "학군총점":51.514,
            "인구수":51.83,
            "인구증감":-5.22,
            "인구총점":34.715,
            "일자리":14.21,
            "소득수준":50.45,
            "일자리총점":25.082,
            "가치 총점":35.6771,
            "매매실거래년":20211119.0,
            "매매실거래가":73300.0,
            "전세실거래년":20220114.0,
            "전세실거래가":33000.0,
            "전세가율":45.02,
            "장기전세가율평균":66.04,
            "전세가율거품지수":21.02,
            "검색코드":9479,
            "세대수":296.0,
            "준공년월":"2003-11-28",
            "준공년차":20.0,
            "가까운역이름":"응암",
            "가까운역거리":851.6,
            "역세권여부":"준역세권",
            "30분이내주요거점역":0,
            "30분거점역이름":"[]",
            "1시간이내주요거점역":0,
            "1시간거점역이름":"[]",
            "3km이내백화점수":0,
            "5km이내아울렛몰수":1,
            "1km이내대형먀트수":1,
            "500m이내은행수":0,
            "500m이내병원수":0,
            "5km이내대형병원수":3,
            "500m이내공원수":4,
            "3km이내혐오시설수":0,
            "초등학교학업성취도":89.97,
            "중학교학업성취도":69.1,
            "용적률":226,
            "건폐율":19,
            "Y":37.599036,
            "X":126.905926,
            "rank":83.0,
            "area_info":"23평(78.62), 32평(106.43), 41평(138.08)",
            "last_sales":"2021-11-19,73300.0,23평(78.62)",
            "rank_history":[
                [
                    "202202",
                    83
                ],
                [
                    "202201",
                    78
                ]
            ],
            "rank_gap":-5
        },
        {
            "index":485,
            "아파트명":"DMC월드",
            "투자타입":"일반",
            "전용면적(m2)":"102.06",
            "전용면적(평)":"30평",
            "법정동주소":"서울시 은평구 증산동 250",
            "도로명주소":"서울시 은평구 증산로 333",
            "세대수":0,
            "입주년차":20,
            "용적률점수":"--",
            "건폐율점수":"--",
            "세대당주차수":30,
            "난방방식":30,
            "공급면적":"--",
            "전용률":"--",
            "욕실수":100,
            "현관타입":100,
            "주거총점":31.5,
            "지역구공급총점":0.0,
            "역세권":80,
            "30분내 이동가능 거점":0,
            "1시간내 이동가능 거점":10,
            "교통총점":42.0,
            "백화점":0,
            "아울렛몰":0,
            "대형마트":0,
            "은행":0,
            "병원":0,
            "종합병원":100,
            "공원":80,
            "혐오시설":0,
            "인프라총점":22.4,
            "초등학군":89.98,
            "중학군":41.7,
            "학군총점":51.356,
            "인구수":51.83,
            "인구증감":-5.22,
            "인구총점":34.715,
            "일자리":14.21,
            "소득수준":50.45,
            "일자리총점":25.082,
            "가치 총점":35.4234,
            "매매실거래년":20210831.0,
            "매매실거래가":75000.0,
            "전세실거래년":20220122.0,
            "전세실거래가":50000.0,
            "전세가율":66.67,
            "장기전세가율평균":66.04,
            "전세가율거품지수":-0.63,
            "검색코드":9427,
            "세대수":119.0,
            "준공년월":"2002-07-02",
            "준공년차":21.0,
            "가까운역이름":"증산",
            "가까운역거리":317.54,
            "역세권여부":"역세권",
            "30분이내주요거점역":0,
            "30분거점역이름":"[]",
            "1시간이내주요거점역":1,
            "1시간거점역이름":"['대화']",
            "3km이내백화점수":0,
            "5km이내아울렛몰수":0,
            "1km이내대형먀트수":0,
            "500m이내은행수":1,
            "500m이내병원수":0,
            "5km이내대형병원수":4,
            "500m이내공원수":1,
            "3km이내혐오시설수":0,
            "초등학교학업성취도":89.98,
            "중학교학업성취도":69.5,
            "용적률":299,
            "건폐율":20,
            "Y":37.58628,
            "X":126.91159,
            "rank":84.0,
            "area_info":"30평(102.06), 31평(105.39)",
            "last_sales":"2021-08-31,75000.0,30평(102.06)",
            "rank_history":[
                [
                    "202202",
                    84
                ],
                [
                    "202201",
                    81
                ]
            ],
            "rank_gap":-3
        },
        {
            "index":443,
            "아파트명":"응암아네스트Ⅲ(도시형)",
            "투자타입":"일반",
            "전용면적(m2)":"23.9",
            "전용면적(평)":"7평",
            "법정동주소":"서울시 은평구 응암동 88-8",
            "도로명주소":"서울시 은평구 은평로 123",
            "세대수":0,
            "입주년차":80,
            "용적률점수":"--",
            "건폐율점수":"--",
            "세대당주차수":0,
            "난방방식":30,
            "공급면적":"--",
            "전용률":"--",
            "욕실수":50,
            "현관타입":10,
            "주거총점":25.0,
            "지역구공급총점":0.0,
            "역세권":50,
            "30분내 이동가능 거점":0,
            "1시간내 이동가능 거점":0,
            "교통총점":25.0,
            "백화점":0,
            "아울렛몰":80,
            "대형마트":100,
            "은행":20,
            "병원":0,
            "종합병원":100,
            "공원":100,
            "혐오시설":-50,
            "인프라총점":47.0,
            "초등학군":89.99,
            "중학군":40.34,
            "학군총점":50.27,
            "인구수":51.83,
            "인구증감":-5.22,
            "인구총점":34.715,
            "일자리":14.21,
            "소득수준":50.45,
            "일자리총점":25.082,
            "가치 총점":35.3905,
            "매매실거래년":20210927.0,
            "매매실거래가":13100.0,
            "전세실거래년":20220102.0,
            "전세실거래가":12500.0,
            "전세가율":104.17,
            "장기전세가율평균":66.04,
            "전세가율거품지수":-38.13,
            "검색코드":108802,
            "세대수":125.0,
            "준공년월":"2014-10-30",
            "준공년차":9.0,
            "가까운역이름":"응암",
            "가까운역거리":561.63,
            "역세권여부":"준역세권",
            "30분이내주요거점역":0,
            "30분거점역이름":"[]",
            "1시간이내주요거점역":0,
            "1시간거점역이름":"[]",
            "3km이내백화점수":0,
            "5km이내아울렛몰수":1,
            "1km이내대형먀트수":3,
            "500m이내은행수":2,
            "500m이내병원수":0,
            "5km이내대형병원수":5,
            "500m이내공원수":5,
            "3km이내혐오시설수":1,
            "초등학교학업성취도":89.99,
            "중학교학업성취도":66.5,
            "용적률":784,
            "건폐율":59,
            "Y":37.600522,
            "X":126.921475,
            "rank":85.0,
            "area_info":"7평(23.9), 7평(23.86), 7평(23.64), 7평(24.03), 7평(25.53), 8평(27.19), 8평(27.64)",
            "last_sales":"2021-09-27,13100.0,7평(24.03)",
            "rank_history":[
                [
                    "202202",
                    85
                ],
                [
                    "202201",
                    76
                ]
            ],
            "rank_gap":-9
        },
        {
            "index":330,
            "아파트명":"홍익",
            "투자타입":"일반",
            "전용면적(m2)":"80.77",
            "전용면적(평)":"24평",
            "법정동주소":"서울시 은평구 신사동 19-117",
            "도로명주소":"서울시 은평구 가좌로 342",
            "세대수":0,
            "입주년차":0,
            "용적률점수":"--",
            "건폐율점수":"--",
            "세대당주차수":30,
            "난방방식":30,
            "공급면적":"--",
            "전용률":"--",
            "욕실수":50,
            "현관타입":100,
            "주거총점":22.5,
            "지역구공급총점":0.0,
            "역세권":50,
            "30분내 이동가능 거점":0,
            "1시간내 이동가능 거점":0,
            "교통총점":25.0,
            "백화점":0,
            "아울렛몰":80,
            "대형마트":100,
            "은행":0,
            "병원":0,
            "종합병원":100,
            "공원":100,
            "혐오시설":0,
            "인프라총점":46.0,
            "초등학군":89.97,
            "중학군":46.24,
            "학군총점":54.986,
            "인구수":51.83,
            "인구증감":-5.22,
            "인구총점":34.715,
            "일자리":14.21,
            "소득수준":50.45,
            "일자리총점":25.082,
            "가치 총점":35.2979,
            "매매실거래년":20210812.0,
            "매매실거래가":43000.0,
            "전세실거래년":20210814.0,
            "전세실거래가":28000.0,
            "전세가율":65.12,
            "장기전세가율평균":66.04,
            "전세가율거품지수":0.92,
            "검색코드":790,
            "세대수":114.0,
            "준공년월":"1995-12-04",
            "준공년차":28.0,
            "가까운역이름":"응암",
            "가까운역거리":665.1,
            "역세권여부":"준역세권",
            "30분이내주요거점역":0,
            "30분거점역이름":"[]",
            "1시간이내주요거점역":0,
            "1시간거점역이름":"[]",
            "3km이내백화점수":0,
            "5km이내아울렛몰수":1,
            "1km이내대형먀트수":2,
            "500m이내은행수":0,
            "500m이내병원수":0,
            "5km이내대형병원수":4,
            "500m이내공원수":7,
            "3km이내혐오시설수":0,
            "초등학교학업성취도":89.97,
            "중학교학업성취도":74.6,
            "용적률":382,
            "건폐율":36,
            "Y":37.59749,
            "X":126.90816,
            "rank":86.0,
            "area_info":"24평(80.77), 34평(113.85), 34평(113.96)",
            "last_sales":"2021-08-12,43000.0,24평(80.77)",
            "rank_history":[
                [
                    "202202",
                    86
                ],
                [
                    "202201",
                    87
                ]
            ],
            "rank_gap":1
        },
        {
            "index":0,
            "아파트명":"갈현건영",
            "투자타입":"일반",
            "전용면적(m2)":"74.26",
            "전용면적(평)":"22평",
            "법정동주소":"서울시 은평구 갈현동 541-1",
            "도로명주소":"서울시 은평구 갈현로45길 57",
            "세대수":0,
            "입주년차":20,
            "용적률점수":"--",
            "건폐율점수":"--",
            "세대당주차수":0,
            "난방방식":30,
            "공급면적":"--",
            "전용률":"--",
            "욕실수":50,
            "현관타입":50,
            "주거총점":17.0,
            "지역구공급총점":0.0,
            "역세권":50,
            "30분내 이동가능 거점":0,
            "1시간내 이동가능 거점":30,
            "교통총점":31.0,
            "백화점":0,
            "아울렛몰":100,
            "대형마트":80,
            "은행":0,
            "병원":0,
            "종합병원":100,
            "공원":0,
            "혐오시설":0,
            "인프라총점":42.0,
            "초등학군":89.99,
            "중학군":46.84,
            "학군총점":55.47,
            "인구수":51.83,
            "인구증감":-5.22,
            "인구총점":34.715,
            "일자리":14.21,
            "소득수준":50.45,
            "일자리총점":25.082,
            "가치 총점":35.1705,
            "매매실거래년":20211211.0,
            "매매실거래가":42500.0,
            "전세실거래년":20200606.0,
            "전세실거래가":22000.0,
            "전세가율":51.76,
            "장기전세가율평균":66.04,
            "전세가율거품지수":14.28,
            "검색코드":9317,
            "세대수":140.0,
            "준공년월":"2001-04-03",
            "준공년차":22.0,
            "가까운역이름":"구파발",
            "가까운역거리":978.75,
            "역세권여부":"준역세권",
            "30분이내주요거점역":0,
            "30분거점역이름":"[]",
            "1시간이내주요거점역":3,
            "1시간거점역이름":"['을지로입구', '을지로3가', '명동']",
            "3km이내백화점수":0,
            "5km이내아울렛몰수":2,
            "1km이내대형먀트수":1,
            "500m이내은행수":0,
            "500m이내병원수":0,
            "5km이내대형병원수":2,
            "500m이내공원수":0,
            "3km이내혐오시설수":0,
            "초등학교학업성취도":89.99,
            "중학교학업성취도":77.2,
            "용적률":364,
            "건폐율":31,
            "Y":37.62907,
            "X":126.91342,
            "rank":87.0,
            "area_info":"22평(74.26), 28평(95.6), 31평(102.66), 31평(104.45), 31평(104.87), 31평(105.0)",
            "last_sales":"2021-12-11,42500.0,22평(74.26)",
            "rank_history":[
                [
                    "202202",
                    87
                ],
                [
                    "202201",
                    102
                ]
            ],
            "rank_gap":15
        },
        {
            "index":984,
            "아파트명":"은평뉴타운폭포동힐스테이트4-2단지",
            "투자타입":"일반",
            "전용면적(m2)":"125.54",
            "전용면적(평)":"37평",
            "법정동주소":"서울시 은평구 진관동 140",
            "도로명주소":"서울시 은평구 연서로44길 7",
            "세대수":50,
            "입주년차":60,
            "용적률점수":"--",
            "건폐율점수":"--",
            "세대당주차수":80,
            "난방방식":100,
            "공급면적":"--",
            "전용률":"--",
            "욕실수":100,
            "현관타입":100,
            "주거총점":71.5,
            "지역구공급총점":0.0,
            "역세권":0,
            "30분내 이동가능 거점":0,
            "1시간내 이동가능 거점":30,
            "교통총점":6.0,
            "백화점":0,
            "아울렛몰":80,
            "대형마트":0,
            "은행":0,
            "병원":0,
            "종합병원":100,
            "공원":100,
            "혐오시설":0,
            "인프라총점":31.0,
            "초등학군":89.99,
            "중학군":54.12,
            "학군총점":61.294,
            "인구수":51.83,
            "인구증감":-5.22,
            "인구총점":34.715,
            "일자리":14.21,
            "소득수준":50.45,
            "일자리총점":25.082,
            "가치 총점":34.8941,
            "매매실거래년":20101224.0,
            "매매실거래가":97200.0,
            "전세실거래년":null,
            "전세실거래가":null,
            "전세가율":null,
            "장기전세가율평균":66.04,
            "전세가율거품지수":null,
            "검색코드":101332,
            "세대수":571.0,
            "준공년월":"2010-06-14",
            "준공년차":13.0,
            "가까운역이름":"독바위",
            "가까운역거리":1264.94,
            "역세권여부":"비역세권",
            "30분이내주요거점역":0,
            "30분거점역이름":"[]",
            "1시간이내주요거점역":3,
            "1시간거점역이름":"['을지로입구', '을지로3가', '명동']",
            "3km이내백화점수":0,
            "5km이내아울렛몰수":1,
            "1km이내대형먀트수":0,
            "500m이내은행수":0,
            "500m이내병원수":0,
            "5km이내대형병원수":2,
            "500m이내공원수":5,
            "3km이내혐오시설수":0,
            "초등학교학업성취도":89.99,
            "중학교학업성취도":87.8,
            "용적률":145,
            "건폐율":16,
            "Y":37.629801,
            "X":126.931974,
            "rank":88.0,
            "area_info":"37평(125.54), 37평(125.54), 37평(125.54), 37평(125.54), 38평(126.41), 38평(126.43), 38평(126.53), 38평(126.53), 38평(126.44), 38평(128.08), 50평(166.41), 61평(203.62), 62평(206.85), 62평(207.73)",
            "last_sales":"2010-12-24,97200.0,62평(207.73)",
            "rank_history":[
                [
                    "202202",
                    88
                ],
                [
                    "202201",
                    89
                ]
            ],
            "rank_gap":1
        },
        {
            "index":287,
            "아파트명":"신성",
            "투자타입":"재건축",
            "전용면적(m2)":"73.85",
            "전용면적(평)":"22평",
            "법정동주소":"서울시 은평구 신사동 155-1",
            "도로명주소":"서울시 은평구 증산로15길 67-7",
            "세대수":0,
            "입주년차":"--",
            "용적률점수":80,
            "건폐율점수":100,
            "세대당주차수":"--",
            "난방방식":"--",
            "공급면적":50,
            "전용률":60,
            "욕실수":"--",
            "현관타입":"--",
            "주거총점":57.5,
            "지역구공급총점":0.0,
            "역세권":50,
            "30분내 이동가능 거점":0,
            "1시간내 이동가능 거점":0,
            "교통총점":25.0,
            "백화점":0,
            "아울렛몰":0,
            "대형마트":0,
            "은행":0,
            "병원":0,
            "종합병원":100,
            "공원":100,
            "혐오시설":0,
            "인프라총점":23.0,
            "초등학군":89.99,
            "중학군":40.14,
            "학군총점":50.11,
            "인구수":51.83,
            "인구증감":-5.22,
            "인구총점":34.715,
            "일자리":14.21,
            "소득수준":50.45,
            "일자리총점":25.082,
            "가치 총점":34.6665,
            "매매실거래년":20210203.0,
            "매매실거래가":57500.0,
            "전세실거래년":20210426.0,
            "전세실거래가":28000.0,
            "전세가율":104.87,
            "장기전세가율평균":66.04,
            "전세가율거품지수":-38.83,
            "검색코드":784,
            "세대수":238.0,
            "준공년월":"1988-06-30",
            "준공년차":35.0,
            "가까운역이름":"새절",
            "가까운역거리":768.24,
            "역세권여부":"준역세권",
            "30분이내주요거점역":0,
            "30분거점역이름":"[]",
            "1시간이내주요거점역":0,
            "1시간거점역이름":"[]",
            "3km이내백화점수":0,
            "5km이내아울렛몰수":0,
            "1km이내대형먀트수":0,
            "500m이내은행수":0,
            "500m이내병원수":0,
            "5km이내대형병원수":5,
            "500m이내공원수":2,
            "3km이내혐오시설수":0,
            "초등학교학업성취도":89.99,
            "중학교학업성취도":66.3,
            "용적률":199,
            "건폐율":18,
            "Y":37.58979,
            "X":126.90508,
            "rank":89.0,
            "area_info":"22평(73.85), 24평(80.68), 32평(108.84), 33평(109.66)",
            "last_sales":"2021-02-03,57500.0,32평(108.84)",
            "rank_history":[
                [
                    "202202",
                    89
                ],
                [
                    "202201",
                    90
                ]
            ],
            "rank_gap":1
        },
        {
            "index":930,
            "아파트명":"은평뉴타운우물골8단지",
            "투자타입":"일반",
            "전용면적(m2)":"104.09",
            "전용면적(평)":"31평",
            "법정동주소":"서울시 은평구 진관동 88",
            "도로명주소":"서울시 은평구 진관2로 111-7",
            "세대수":50,
            "입주년차":60,
            "용적률점수":"--",
            "건폐율점수":"--",
            "세대당주차수":60,
            "난방방식":100,
            "공급면적":"--",
            "전용률":"--",
            "욕실수":100,
            "현관타입":100,
            "주거총점":68.5,
            "지역구공급총점":0.0,
            "역세권":0,
            "30분내 이동가능 거점":0,
            "1시간내 이동가능 거점":30,
            "교통총점":6.0,
            "백화점":0,
            "아울렛몰":80,
            "대형마트":0,
            "은행":0,
            "병원":0,
            "종합병원":100,
            "공원":100,
            "혐오시설":0,
            "인프라총점":31.0,
            "초등학군":89.99,
            "중학군":54.12,
            "학군총점":61.294,
            "인구수":51.83,
            "인구증감":-5.22,
            "인구총점":34.715,
            "일자리":14.21,
            "소득수준":50.45,
            "일자리총점":25.082,
            "가치 총점":34.2941,
            "매매실거래년":20210916.0,
            "매매실거래가":133000.0,
            "전세실거래년":20211110.0,
            "전세실거래가":44100.0,
            "전세가율":42.61,
            "장기전세가율평균":66.04,
            "전세가율거품지수":23.43,
            "검색코드":26878,
            "세대수":448.0,
            "준공년월":"2009-12-23",
            "준공년차":14.0,
            "가까운역이름":"구파발",
            "가까운역거리":1119.97,
            "역세권여부":"비역세권",
            "30분이내주요거점역":0,
            "30분거점역이름":"[]",
            "1시간이내주요거점역":3,
            "1시간거점역이름":"['을지로입구', '을지로3가', '명동']",
            "3km이내백화점수":0,
            "5km이내아울렛몰수":1,
            "1km이내대형먀트수":0,
            "500m이내은행수":0,
            "500m이내병원수":0,
            "5km이내대형병원수":2,
            "500m이내공원수":2,
            "3km이내혐오시설수":0,
            "초등학교학업성취도":89.99,
            "중학교학업성취도":87.8,
            "용적률":149,
            "건폐율":22,
            "Y":37.636546,
            "X":126.931537,
            "rank":90.0,
            "area_info":"31평(104.09), 31평(105.42), 31평(105.22), 31평(105.42), 32평(105.8), 32평(106.11), 32평(106.32), 37평(124.97), 38평(125.99), 38평(126.22), 38평(126.22), 38평(127.75), 50평(165.7), 50평(165.41), 49평(165.07), 50평(166.12), 50평(166.18), 50평(166.36), 62평(206.0), 64평(212.18)",
            "last_sales":"2021-09-16,133000.0,50평(165.7)",
            "rank_history":[
                [
                    "202202",
                    90
                ],
                [
                    "202201",
                    92
                ]
            ],
            "rank_gap":2
        },
        {
            "index":534,
            "아파트명":"은평뉴타운기자촌11단지",
            "투자타입":"일반",
            "전용면적(m2)":"79.79",
            "전용면적(평)":"24평",
            "법정동주소":"서울시 은평구 진관동 150",
            "도로명주소":"서울시 은평구 연서로46길 7",
            "세대수":50,
            "입주년차":80,
            "용적률점수":"--",
            "건폐율점수":"--",
            "세대당주차수":30,
            "난방방식":100,
            "공급면적":"--",
            "전용률":"--",
            "욕실수":100,
            "현관타입":100,
            "주거총점":68.0,
            "지역구공급총점":0.0,
            "역세권":0,
            "30분내 이동가능 거점":0,
            "1시간내 이동가능 거점":30,
            "교통총점":6.0,
            "백화점":0,
            "아울렛몰":80,
            "대형마트":0,
            "은행":0,
            "병원":0,
            "종합병원":100,
            "공원":100,
            "혐오시설":0,
            "인프라총점":31.0,
            "초등학군":89.99,
            "중학군":54.12,
            "학군총점":61.294,
            "인구수":51.83,
            "인구증감":-5.22,
            "인구총점":34.715,
            "일자리":14.21,
            "소득수준":50.45,
            "일자리총점":25.082,
            "가치 총점":34.1941,
            "매매실거래년":20211217.0,
            "매매실거래가":96000.0,
            "전세실거래년":20210923.0,
            "전세실거래가":36750.0,
            "전세가율":44.82,
            "장기전세가율평균":66.04,
            "전세가율거품지수":21.22,
            "검색코드":108372,
            "세대수":426.0,
            "준공년월":"2015-01-23",
            "준공년차":8.0,
            "가까운역이름":"구파발",
            "가까운역거리":1347.85,
            "역세권여부":"비역세권",
            "30분이내주요거점역":0,
            "30분거점역이름":"[]",
            "1시간이내주요거점역":3,
            "1시간거점역이름":"['을지로입구', '을지로3가', '명동']",
            "3km이내백화점수":0,
            "5km이내아울렛몰수":1,
            "1km이내대형먀트수":0,
            "500m이내은행수":0,
            "500m이내병원수":0,
            "5km이내대형병원수":2,
            "500m이내공원수":3,
            "3km이내혐오시설수":0,
            "초등학교학업성취도":89.99,
            "중학교학업성취도":87.8,
            "용적률":145,
            "건폐율":30,
            "Y":37.634314,
            "X":126.933812,
            "rank":91.0,
            "area_info":"24평(79.79), 24평(79.76), 33평(111.22), 33평(111.83), 33평(112.09), 34평(112.53), 34평(112.53), 34평(112.55), 34평(112.76), 34평(114.23), 34평(114.84), 34평(114.0)",
            "last_sales":"2021-12-17,96000.0,34평(112.53)",
            "rank_history":[
                [
                    "202202",
                    91
                ],
                [
                    "202201",
                    94
                ]
            ],
            "rank_gap":3
        },
        {
            "index":439,
            "아파트명":"응암금호",
            "투자타입":"일반",
            "전용면적(m2)":"82.45",
            "전용면적(평)":"24평",
            "법정동주소":"서울시 은평구 응암동 739",
            "도로명주소":"서울시 은평구 응암로 318",
            "세대수":0,
            "입주년차":0,
            "용적률점수":"--",
            "건폐율점수":"--",
            "세대당주차수":0,
            "난방방식":30,
            "공급면적":"--",
            "전용률":"--",
            "욕실수":50,
            "현관타입":100,
            "주거총점":18.0,
            "지역구공급총점":0.0,
            "역세권":50,
            "30분내 이동가능 거점":0,
            "1시간내 이동가능 거점":0,
            "교통총점":25.0,
            "백화점":0,
            "아울렛몰":80,
            "대형마트":100,
            "은행":20,
            "병원":0,
            "종합병원":100,
            "공원":100,
            "혐오시설":-50,
            "인프라총점":47.0,
            "초등학군":89.99,
            "중학군":40.34,
            "학군총점":50.27,
            "인구수":51.83,
            "인구증감":-5.22,
            "인구총점":34.715,
            "일자리":14.21,
            "소득수준":50.45,
            "일자리총점":25.082,
            "가치 총점":33.9905,
            "매매실거래년":20210828.0,
            "매매실거래가":72000.0,
            "전세실거래년":20211223.0,
            "전세실거래가":33600.0,
            "전세가율":46.67,
            "장기전세가율평균":66.04,
            "전세가율거품지수":19.37,
            "검색코드":894,
            "세대수":299.0,
            "준공년월":"1998-07-03",
            "준공년차":25.0,
            "가까운역이름":"응암",
            "가까운역거리":602.04,
            "역세권여부":"준역세권",
            "30분이내주요거점역":0,
            "30분거점역이름":"[]",
            "1시간이내주요거점역":0,
            "1시간거점역이름":"[]",
            "3km이내백화점수":0,
            "5km이내아울렛몰수":1,
            "1km이내대형먀트수":2,
            "500m이내은행수":2,
            "500m이내병원수":0,
            "5km이내대형병원수":5,
            "500m이내공원수":4,
            "3km이내혐오시설수":1,
            "초등학교학업성취도":89.99,
            "중학교학업성취도":66.5,
            "용적률":333,
            "건폐율":23,
            "Y":37.599376,
            "X":126.922341,
            "rank":92.0,
            "area_info":"24평(82.45), 25평(82.85), 33평(109.28), 35평(116.93)",
            "last_sales":"2021-08-28,72000.0,24평(82.45)",
            "rank_history":[
                [
                    "202202",
                    92
                ],
                [
                    "202201",
                    84
                ]
            ],
            "rank_gap":-8
        },
        {
            "index":250,
            "아파트명":"DMC진흥",
            "투자타입":"일반",
            "전용면적(m2)":"73.47",
            "전용면적(평)":"22평",
            "법정동주소":"서울시 은평구 수색동 416-1",
            "도로명주소":"서울시 은평구 은평터널로 60",
            "세대수":0,
            "입주년차":20,
            "용적률점수":"--",
            "건폐율점수":"--",
            "세대당주차수":30,
            "난방방식":30,
            "공급면적":"--",
            "전용률":"--",
            "욕실수":100,
            "현관타입":100,
            "주거총점":31.5,
            "지역구공급총점":0.0,
            "역세권":50,
            "30분내 이동가능 거점":0,
            "1시간내 이동가능 거점":30,
            "교통총점":31.0,
            "백화점":0,
            "아울렛몰":0,
            "대형마트":80,
            "은행":0,
            "병원":0,
            "종합병원":100,
            "공원":0,
            "혐오시설":-50,
            "인프라총점":31.0,
            "초등학군":90.0,
            "중학군":39.22,
            "학군총점":49.376,
            "인구수":51.83,
            "인구증감":-5.22,
            "인구총점":34.715,
            "일자리":14.21,
            "소득수준":50.45,
            "일자리총점":25.082,
            "가치 총점":33.8564,
            "매매실거래년":20210904.0,
            "매매실거래가":78800.0,
            "전세실거래년":20210802.0,
            "전세실거래가":27300.0,
            "전세가율":34.64,
            "장기전세가율평균":66.04,
            "전세가율거품지수":31.4,
            "검색코드":11054,
            "세대수":280.0,
            "준공년월":"2003-07-25",
            "준공년차":20.0,
            "가까운역이름":"수색",
            "가까운역거리":662.71,
            "역세권여부":"준역세권",
            "30분이내주요거점역":0,
            "30분거점역이름":"[]",
            "1시간이내주요거점역":3,
            "1시간거점역이름":"['을지로입구', '을지로3가', '명동']",
            "3km이내백화점수":0,
            "5km이내아울렛몰수":0,
            "1km이내대형먀트수":1,
            "500m이내은행수":0,
            "500m이내병원수":0,
            "5km이내대형병원수":3,
            "500m이내공원수":0,
            "3km이내혐오시설수":1,
            "초등학교학업성취도":90.0,
            "중학교학업성취도":63.1,
            "용적률":251,
            "건폐율":21,
            "Y":37.585513,
            "X":126.900282,
            "rank":93.0,
            "area_info":"22평(73.47), 29평(99.08), 40평(133.48)",
            "last_sales":"2021-09-04,78800.0,22평(73.47)",
            "rank_history":[
                [
                    "202202",
                    93
                ],
                [
                    "202201",
                    93
                ]
            ],
            "rank_gap":0
        },
        {
            "index":998,
            "아파트명":"은평뉴타운폭포동힐스테이트4-3단지",
            "투자타입":"일반",
            "전용면적(m2)":"127.07",
            "전용면적(평)":"38평",
            "법정동주소":"서울시 은평구 진관동 132",
            "도로명주소":"서울시 은평구 연서로44길 30",
            "세대수":0,
            "입주년차":60,
            "용적률점수":"--",
            "건폐율점수":"--",
            "세대당주차수":80,
            "난방방식":100,
            "공급면적":"--",
            "전용률":"--",
            "욕실수":100,
            "현관타입":100,
            "주거총점":54.0,
            "지역구공급총점":0.0,
            "역세권":0,
            "30분내 이동가능 거점":0,
            "1시간내 이동가능 거점":30,
            "교통총점":6.0,
            "백화점":0,
            "아울렛몰":80,
            "대형마트":80,
            "은행":0,
            "병원":0,
            "종합병원":100,
            "공원":80,
            "혐오시설":0,
            "인프라총점":42.4,
            "초등학군":89.97,
            "중학군":45.42,
            "학군총점":54.33,
            "인구수":51.83,
            "인구증감":-5.22,
            "인구총점":34.715,
            "일자리":14.21,
            "소득수준":50.45,
            "일자리총점":25.082,
            "가치 총점":33.7695,
            "매매실거래년":20210115.0,
            "매매실거래가":120000.0,
            "전세실거래년":20210929.0,
            "전세실거래가":80000.0,
            "전세가율":84.21,
            "장기전세가율평균":66.04,
            "전세가율거품지수":-18.17,
            "검색코드":101333,
            "세대수":126.0,
            "준공년월":"2010-06-14",
            "준공년차":13.0,
            "가까운역이름":"독바위",
            "가까운역거리":1015.79,
            "역세권여부":"비역세권",
            "30분이내주요거점역":0,
            "30분거점역이름":"[]",
            "1시간이내주요거점역":3,
            "1시간거점역이름":"['을지로입구', '을지로3가', '명동']",
            "3km이내백화점수":0,
            "5km이내아울렛몰수":1,
            "1km이내대형먀트수":1,
            "500m이내은행수":0,
            "500m이내병원수":0,
            "5km이내대형병원수":2,
            "500m이내공원수":1,
            "3km이내혐오시설수":0,
            "초등학교학업성취도":89.97,
            "중학교학업성취도":74.9,
            "용적률":133,
            "건폐율":14,
            "Y":37.627542,
            "X":126.934226,
            "rank":94.0,
            "area_info":"38평(127.07), 38평(128.74), 50평(167.28), 63평(210.29)",
            "last_sales":"2021-01-15,120000.0,50평(167.28)",
            "rank_history":[
                [
                    "202202",
                    94
                ],
                [
                    "202201",
                    107
                ]
            ],
            "rank_gap":13
        },
        {
            "index":19,
            "아파트명":"미미",
            "투자타입":"일반",
            "전용면적(m2)":"74.47",
            "전용면적(평)":"22평",
            "법정동주소":"서울시 은평구 갈현동 538",
            "도로명주소":"서울시 은평구 갈현로29길 11",
            "세대수":0,
            "입주년차":0,
            "용적률점수":"--",
            "건폐율점수":"--",
            "세대당주차수":30,
            "난방방식":30,
            "공급면적":"--",
            "전용률":"--",
            "욕실수":50,
            "현관타입":100,
            "주거총점":22.5,
            "지역구공급총점":0.0,
            "역세권":50,
            "30분내 이동가능 거점":0,
            "1시간내 이동가능 거점":30,
            "교통총점":31.0,
            "백화점":0,
            "아울렛몰":100,
            "대형마트":0,
            "은행":0,
            "병원":0,
            "종합병원":100,
            "공원":100,
            "혐오시설":0,
            "인프라총점":33.0,
            "초등학군":90.0,
            "중학군":48.32,
            "학군총점":56.656,
            "인구수":51.83,
            "인구증감":-5.22,
            "인구총점":34.715,
            "일자리":14.21,
            "소득수준":50.45,
            "일자리총점":25.082,
            "가치 총점":33.7484,
            "매매실거래년":20210813.0,
            "매매실거래가":65000.0,
            "전세실거래년":20211113.0,
            "전세실거래가":26250.0,
            "전세가율":40.38,
            "장기전세가율평균":66.04,
            "전세가율거품지수":25.66,
            "검색코드":1229,
            "세대수":200.0,
            "준공년월":"1997-05-07",
            "준공년차":26.0,
            "가까운역이름":"연신내",
            "가까운역거리":647.35,
            "역세권여부":"준역세권",
            "30분이내주요거점역":0,
            "30분거점역이름":"[]",
            "1시간이내주요거점역":3,
            "1시간거점역이름":"['강남', '을지로입구', '명동']",
            "3km이내백화점수":0,
            "5km이내아울렛몰수":2,
            "1km이내대형먀트수":0,
            "500m이내은행수":0,
            "500m이내병원수":0,
            "5km이내대형병원수":3,
            "500m이내공원수":3,
            "3km이내혐오시설수":0,
            "초등학교학업성취도":90.0,
            "중학교학업성취도":79.2,
            "용적률":206,
            "건폐율":20,
            "Y":37.619191,
            "X":126.913662,
            "rank":95.0,
            "area_info":"22평(74.47), 30평(102.28), 44평(147.46)",
            "last_sales":"2021-08-13,65000.0,22평(74.47)",
            "rank_history":[
                [
                    "202202",
                    95
                ],
                [
                    "202201",
                    91
                ]
            ],
            "rank_gap":-4
        },
        {
            "index":369,
            "아파트명":"대주피오레",
            "투자타입":"일반",
            "전용면적(m2)":"78.17",
            "전용면적(평)":"23평",
            "법정동주소":"서울시 은평구 응암동 669-1",
            "도로명주소":"서울시 은평구 백련산로 6",
            "세대수":0,
            "입주년차":20,
            "용적률점수":"--",
            "건폐율점수":"--",
            "세대당주차수":60,
            "난방방식":30,
            "공급면적":"--",
            "전용률":"--",
            "욕실수":50,
            "현관타입":100,
            "주거총점":31.0,
            "지역구공급총점":0.0,
            "역세권":50,
            "30분내 이동가능 거점":0,
            "1시간내 이동가능 거점":0,
            "교통총점":25.0,
            "백화점":0,
            "아울렛몰":0,
            "대형마트":100,
            "은행":20,
            "병원":0,
            "종합병원":100,
            "공원":100,
            "혐오시설":0,
            "인프라총점":40.0,
            "초등학군":89.99,
            "중학군":31.96,
            "학군총점":43.566,
            "인구수":51.83,
            "인구증감":-5.22,
            "인구총점":34.715,
            "일자리":14.21,
            "소득수준":50.45,
            "일자리총점":25.082,
            "가치 총점":33.4849,
            "매매실거래년":20210313.0,
            "매매실거래가":108000.0,
            "전세실거래년":20210516.0,
            "전세실거래가":30000.0,
            "전세가율":66.67,
            "장기전세가율평균":66.04,
            "전세가율거품지수":-0.63,
            "검색코드":10646,
            "세대수":204.0,
            "준공년월":"2003-11-28",
            "준공년차":20.0,
            "가까운역이름":"새절",
            "가까운역거리":957.46,
            "역세권여부":"준역세권",
            "30분이내주요거점역":0,
            "30분거점역이름":"[]",
            "1시간이내주요거점역":0,
            "1시간거점역이름":"[]",
            "3km이내백화점수":0,
            "5km이내아울렛몰수":0,
            "1km이내대형먀트수":2,
            "500m이내은행수":2,
            "500m이내병원수":0,
            "5km이내대형병원수":6,
            "500m이내공원수":3,
            "3km이내혐오시설수":0,
            "초등학교학업성취도":89.99,
            "중학교학업성취도":52.6,
            "용적률":320,
            "건폐율":27,
            "Y":37.586805,
            "X":126.923012,
            "rank":96.0,
            "area_info":"23평(78.17), 26평(88.64), 31평(104.5), 39평(130.18), 46평(152.59), 46평(152.95), 55평(183.2)",
            "last_sales":"2021-03-13,108000.0,55평(183.2)",
            "rank_history":[
                [
                    "202202",
                    96
                ],
                [
                    "202201",
                    112
                ]
            ],
            "rank_gap":16
        },
        {
            "index":975,
            "아파트명":"은평뉴타운제각말5-4단지",
            "투자타입":"일반",
            "전용면적(m2)":"108.83",
            "전용면적(평)":"32평",
            "법정동주소":"서울시 은평구 진관동 92",
            "도로명주소":"서울시 은평구 연서로 455",
            "세대수":50,
            "입주년차":60,
            "용적률점수":"--",
            "건폐율점수":"--",
            "세대당주차수":30,
            "난방방식":100,
            "공급면적":"--",
            "전용률":"--",
            "욕실수":100,
            "현관타입":100,
            "주거총점":64.0,
            "지역구공급총점":0.0,
            "역세권":0,
            "30분내 이동가능 거점":0,
            "1시간내 이동가능 거점":30,
            "교통총점":6.0,
            "백화점":0,
            "아울렛몰":80,
            "대형마트":0,
            "은행":0,
            "병원":0,
            "종합병원":100,
            "공원":100,
            "혐오시설":0,
            "인프라총점":31.0,
            "초등학군":89.99,
            "중학군":54.12,
            "학군총점":61.294,
            "인구수":51.83,
            "인구증감":-5.22,
            "인구총점":34.715,
            "일자리":14.21,
            "소득수준":50.45,
            "일자리총점":25.082,
            "가치 총점":33.3941,
            "매매실거래년":20180210.0,
            "매매실거래가":69500.0,
            "전세실거래년":null,
            "전세실거래가":null,
            "전세가율":null,
            "장기전세가율평균":66.04,
            "전세가율거품지수":null,
            "검색코드":101328,
            "세대수":412.0,
            "준공년월":"2010-09-08",
            "준공년차":13.0,
            "가까운역이름":"구파발",
            "가까운역거리":1272.98,
            "역세권여부":"비역세권",
            "30분이내주요거점역":0,
            "30분거점역이름":"[]",
            "1시간이내주요거점역":3,
            "1시간거점역이름":"['을지로입구', '을지로3가', '명동']",
            "3km이내백화점수":0,
            "5km이내아울렛몰수":1,
            "1km이내대형먀트수":0,
            "500m이내은행수":0,
            "500m이내병원수":0,
            "5km이내대형병원수":2,
            "500m이내공원수":2,
            "3km이내혐오시설수":0,
            "초등학교학업성취도":89.99,
            "중학교학업성취도":87.8,
            "용적률":146,
            "건폐율":23,
            "Y":37.636445,
            "X":126.933272,
            "rank":97.0,
            "area_info":"32평(108.83), 32평(108.97), 33평(109.3), 32평(109.02), 33평(110.15), 39평(129.87), 39평(130.6), 40평(133.03), 52평(173.13)",
            "last_sales":"2018-02-10,69500.0,52평(173.13)",
            "rank_history":[
                [
                    "202202",
                    97
                ],
                [
                    "202201",
                    96
                ]
            ],
            "rank_gap":-1
        },
        {
            "index":950,
            "아파트명":"은평뉴타운제각말5-1단지",
            "투자타입":"일반",
            "전용면적(m2)":"106.97",
            "전용면적(평)":"32평",
            "법정동주소":"서울시 은평구 진관동 154",
            "도로명주소":"서울시 은평구 연서로48길 12",
            "세대수":30,
            "입주년차":60,
            "용적률점수":"--",
            "건폐율점수":"--",
            "세대당주차수":60,
            "난방방식":100,
            "공급면적":"--",
            "전용률":"--",
            "욕실수":100,
            "현관타입":100,
            "주거총점":61.5,
            "지역구공급총점":0.0,
            "역세권":0,
            "30분내 이동가능 거점":0,
            "1시간내 이동가능 거점":30,
            "교통총점":6.0,
            "백화점":0,
            "아울렛몰":80,
            "대형마트":0,
            "은행":0,
            "병원":0,
            "종합병원":100,
            "공원":100,
            "혐오시설":0,
            "인프라총점":31.0,
            "초등학군":89.99,
            "중학군":54.12,
            "학군총점":61.294,
            "인구수":51.83,
            "인구증감":-5.22,
            "인구총점":34.715,
            "일자리":14.21,
            "소득수준":50.45,
            "일자리총점":25.082,
            "가치 총점":32.8941,
            "매매실거래년":20210902.0,
            "매매실거래가":105000.0,
            "전세실거래년":20220110.0,
            "전세실거래가":50000.0,
            "전세가율":47.62,
            "장기전세가율평균":66.04,
            "전세가율거품지수":18.42,
            "검색코드":101331,
            "세대수":330.0,
            "준공년월":"2010-09-08",
            "준공년차":13.0,
            "가까운역이름":"구파발",
            "가까운역거리":1480.69,
            "역세권여부":"비역세권",
            "30분이내주요거점역":0,
            "30분거점역이름":"[]",
            "1시간이내주요거점역":3,
            "1시간거점역이름":"['을지로입구', '을지로3가', '명동']",
            "3km이내백화점수":0,
            "5km이내아울렛몰수":1,
            "1km이내대형먀트수":0,
            "500m이내은행수":0,
            "500m이내병원수":0,
            "5km이내대형병원수":2,
            "500m이내공원수":2,
            "3km이내혐오시설수":0,
            "초등학교학업성취도":89.99,
            "중학교학업성취도":87.8,
            "용적률":131,
            "건폐율":20,
            "Y":37.636538,
            "X":126.935634,
            "rank":98.0,
            "area_info":"32평(106.97), 32평(107.14), 38평(127.63), 38평(128.78), 38평(128.58), 50평(168.45), 51평(170.16), 51평(170.95), 51평(171.02)",
            "last_sales":"2021-09-02,105000.0,32평(106.97)",
            "rank_history":[
                [
                    "202202",
                    98
                ],
                [
                    "202201",
                    99
                ]
            ],
            "rank_gap":1
        },
        {
            "index":1009,
            "아파트명":"은평지웰테라스",
            "투자타입":"일반",
            "전용면적(m2)":"107.63",
            "전용면적(평)":"32평",
            "법정동주소":"서울시 은평구 진관동 9",
            "도로명주소":"서울시 은평구 진관4로 78-38",
            "세대수":0,
            "입주년차":80,
            "용적률점수":"--",
            "건폐율점수":"--",
            "세대당주차수":30,
            "난방방식":100,
            "공급면적":"--",
            "전용률":"--",
            "욕실수":100,
            "현관타입":100,
            "주거총점":50.5,
            "지역구공급총점":0.0,
            "역세권":0,
            "30분내 이동가능 거점":0,
            "1시간내 이동가능 거점":10,
            "교통총점":2.0,
            "백화점":0,
            "아울렛몰":80,
            "대형마트":80,
            "은행":0,
            "병원":0,
            "종합병원":100,
            "공원":100,
            "혐오시설":0,
            "인프라총점":43.0,
            "초등학군":90.01,
            "중학군":51.3,
            "학군총점":59.042,
            "인구수":51.83,
            "인구증감":-5.22,
            "인구총점":34.715,
            "일자리":14.21,
            "소득수준":50.45,
            "일자리총점":25.082,
            "가치 총점":32.5563,
            "매매실거래년":20170722.0,
            "매매실거래가":46848.0,
            "전세실거래년":null,
            "전세실거래가":null,
            "전세가율":null,
            "장기전세가율평균":66.04,
            "전세가율거품지수":null,
            "검색코드":112941,
            "세대수":220.0,
            "준공년월":"2017-07-31",
            "준공년차":6.0,
            "가까운역이름":"구파발",
            "가까운역거리":1381.92,
            "역세권여부":"비역세권",
            "30분이내주요거점역":0,
            "30분거점역이름":"[]",
            "1시간이내주요거점역":1,
            "1시간거점역이름":"['을지로입구']",
            "3km이내백화점수":0,
            "5km이내아울렛몰수":1,
            "1km이내대형먀트수":1,
            "500m이내은행수":0,
            "500m이내병원수":0,
            "5km이내대형병원수":2,
            "500m이내공원수":2,
            "3km이내혐오시설수":0,
            "초등학교학업성취도":90.01,
            "중학교학업성취도":84.1,
            "용적률":109,
            "건폐율":39,
            "Y":37.643762,
            "X":126.93179,
            "rank":99.0,
            "area_info":"32평(107.63), 32평(107.39), 32평(107.27), 32평(107.21), 32평(108.21), 32평(108.59), 32평(108.74), 32평(108.21)",
            "last_sales":"2017-07-22,46848.0,32평(107.27)",
            "rank_history":[
                [
                    "202202",
                    99
                ],
                [
                    "202201",
                    116
                ]
            ],
            "rank_gap":17
        },
        {
            "index":39,
            "아파트명":"한솔",
            "투자타입":"일반",
            "전용면적(m2)":"57.36",
            "전용면적(평)":"17평",
            "법정동주소":"서울시 은평구 갈현동 539",
            "도로명주소":"서울시 은평구 갈현로23길 41",
            "세대수":0,
            "입주년차":0,
            "용적률점수":"--",
            "건폐율점수":"--",
            "세대당주차수":30,
            "난방방식":30,
            "공급면적":"--",
            "전용률":"--",
            "욕실수":50,
            "현관타입":10,
            "주거총점":13.5,
            "지역구공급총점":0.0,
            "역세권":50,
            "30분내 이동가능 거점":0,
            "1시간내 이동가능 거점":50,
            "교통총점":35.0,
            "백화점":0,
            "아울렛몰":100,
            "대형마트":0,
            "은행":0,
            "병원":0,
            "종합병원":100,
            "공원":100,
            "혐오시설":0,
            "인프라총점":33.0,
            "초등학군":90.0,
            "중학군":41.52,
            "학군총점":51.216,
            "인구수":51.83,
            "인구증감":-5.22,
            "인구총점":34.715,
            "일자리":14.21,
            "소득수준":50.45,
            "일자리총점":25.082,
            "가치 총점":32.5324,
            "매매실거래년":20210923.0,
            "매매실거래가":72000.0,
            "전세실거래년":20220111.0,
            "전세실거래가":20000.0,
            "전세가율":95.24,
            "장기전세가율평균":66.04,
            "전세가율거품지수":-29.2,
            "검색코드":1230,
            "세대수":193.0,
            "준공년월":"1997-12-09",
            "준공년차":26.0,
            "가까운역이름":"연신내",
            "가까운역거리":981.94,
            "역세권여부":"준역세권",
            "30분이내주요거점역":0,
            "30분거점역이름":"[]",
            "1시간이내주요거점역":5,
            "1시간거점역이름":"['강남', '을지로입구', '을지로3가', '명동', '대화']",
            "3km이내백화점수":0,
            "5km이내아울렛몰수":2,
            "1km이내대형먀트수":0,
            "500m이내은행수":0,
            "500m이내병원수":0,
            "5km이내대형병원수":3,
            "500m이내공원수":6,
            "3km이내혐오시설수":0,
            "초등학교학업성취도":90.0,
            "중학교학업성취도":68.8,
            "용적률":257,
            "건폐율":29,
            "Y":37.61816,
            "X":126.90991,
            "rank":100.0,
            "area_info":"17평(57.36), 26평(86.06), 31평(103.96), 40평(132.69)",
            "last_sales":"2021-09-23,72000.0,40평(132.69)",
            "rank_history":[
                [
                    "202202",
                    100
                ],
                [
                    "202201",
                    97
                ]
            ],
            "rank_gap":-3
        },
        {
            "index":274,
            "아파트명":"라이프씨티",
            "투자타입":"재건축",
            "전용면적(m2)":"72.51",
            "전용면적(평)":"21평",
            "법정동주소":"서울시 은평구 신사동 354",
            "도로명주소":"서울시 은평구 갈현로3다길 15",
            "세대수":0,
            "입주년차":"--",
            "용적률점수":60,
            "건폐율점수":80,
            "세대당주차수":"--",
            "난방방식":"--",
            "공급면적":50,
            "전용률":80,
            "욕실수":"--",
            "현관타입":"--",
            "주거총점":46.5,
            "지역구공급총점":0.0,
            "역세권":0,
            "30분내 이동가능 거점":0,
            "1시간내 이동가능 거점":30,
            "교통총점":6.0,
            "백화점":0,
            "아울렛몰":100,
            "대형마트":80,
            "은행":0,
            "병원":0,
            "종합병원":100,
            "공원":80,
            "혐오시설":0,
            "인프라총점":44.4,
            "초등학군":89.97,
            "중학군":41.9,
            "학군총점":51.514,
            "인구수":51.83,
            "인구증감":-5.22,
            "인구총점":34.715,
            "일자리":14.21,
            "소득수준":50.45,
            "일자리총점":25.082,
            "가치 총점":32.4471,
            "매매실거래년":20210903.0,
            "매매실거래가":54000.0,
            "전세실거래년":20210713.0,
            "전세실거래가":27000.0,
            "전세가율":54.55,
            "장기전세가율평균":66.04,
            "전세가율거품지수":11.49,
            "검색코드":782,
            "세대수":298.0,
            "준공년월":"1992-12-18",
            "준공년차":31.0,
            "가까운역이름":"응암",
            "가까운역거리":1003.89,
            "역세권여부":"비역세권",
            "30분이내주요거점역":0,
            "30분거점역이름":"[]",
            "1시간이내주요거점역":3,
            "1시간거점역이름":"['을지로입구', '홍대입구', '명동']",
            "3km이내백화점수":0,
            "5km이내아울렛몰수":2,
            "1km이내대형먀트수":1,
            "500m이내은행수":0,
            "500m이내병원수":0,
            "5km이내대형병원수":3,
            "500m이내공원수":1,
            "3km이내혐오시설수":0,
            "초등학교학업성취도":89.97,
            "중학교학업성취도":69.1,
            "용적률":239,
            "건폐율":20,
            "Y":37.602445,
            "X":126.905264,
            "rank":101.0,
            "area_info":"21평(72.51), 22평(73.06), 30평(101.57)",
            "last_sales":"2021-09-03,54000.0,30평(101.57)",
            "rank_history":[
                [
                    "202202",
                    101
                ],
                [
                    "202201",
                    100
                ]
            ],
            "rank_gap":-1
        },
        {
            "index":793,
            "아파트명":"은평뉴타운상림6단지푸르지오",
            "투자타입":"일반",
            "전용면적(m2)":"108.12",
            "전용면적(평)":"32평",
            "법정동주소":"서울시 은평구 진관동 1",
            "도로명주소":"서울시 은평구 진관4로 107",
            "세대수":30,
            "입주년차":40,
            "용적률점수":"--",
            "건폐율점수":"--",
            "세대당주차수":30,
            "난방방식":100,
            "공급면적":"--",
            "전용률":"--",
            "욕실수":100,
            "현관타입":100,
            "주거총점":53.0,
            "지역구공급총점":0.0,
            "역세권":0,
            "30분내 이동가능 거점":0,
            "1시간내 이동가능 거점":0,
            "교통총점":0.0,
            "백화점":0,
            "아울렛몰":80,
            "대형마트":80,
            "은행":0,
            "병원":0,
            "종합병원":100,
            "공원":100,
            "혐오시설":0,
            "인프라총점":43.0,
            "초등학군":90.01,
            "중학군":51.3,
            "학군총점":59.042,
            "인구수":51.83,
            "인구증감":-5.22,
            "인구총점":34.715,
            "일자리":14.21,
            "소득수준":50.45,
            "일자리총점":25.082,
            "가치 총점":32.3563,
            "매매실거래년":20210709.0,
            "매매실거래가":95000.0,
            "전세실거래년":20211117.0,
            "전세실거래가":42000.0,
            "전세가율":47.73,
            "장기전세가율평균":66.04,
            "전세가율거품지수":18.31,
            "검색코드":26292,
            "세대수":379.0,
            "준공년월":"2008-05-14",
            "준공년차":15.0,
            "가까운역이름":"지축",
            "가까운역거리":1406.18,
            "역세권여부":"비역세권",
            "30분이내주요거점역":0,
            "30분거점역이름":"[]",
            "1시간이내주요거점역":0,
            "1시간거점역이름":"[]",
            "3km이내백화점수":0,
            "5km이내아울렛몰수":1,
            "1km이내대형먀트수":1,
            "500m이내은행수":0,
            "500m이내병원수":0,
            "5km이내대형병원수":2,
            "500m이내공원수":3,
            "3km이내혐오시설수":0,
            "초등학교학업성취도":90.01,
            "중학교학업성취도":84.1,
            "용적률":177,
            "건폐율":21,
            "Y":37.649271,
            "X":126.929848,
            "rank":102.0,
            "area_info":"32평(108.12), 32평(108.53), 40평(134.96), 40평(135.44), 40평(135.11), 54평(179.12)",
            "last_sales":"2021-07-09,95000.0,40평(135.44)",
            "rank_history":[
                [
                    "202202",
                    102
                ],
                [
                    "202201",
                    114
                ]
            ],
            "rank_gap":12
        },
        {
            "index":799,
            "아파트명":"은평뉴타운상림7단지푸르지오",
            "투자타입":"일반",
            "전용면적(m2)":"107.09",
            "전용면적(평)":"32평",
            "법정동주소":"서울시 은평구 진관동 2",
            "도로명주소":"서울시 은평구 진관4로 100",
            "세대수":30,
            "입주년차":40,
            "용적률점수":"--",
            "건폐율점수":"--",
            "세대당주차수":30,
            "난방방식":100,
            "공급면적":"--",
            "전용률":"--",
            "욕실수":100,
            "현관타입":100,
            "주거총점":53.0,
            "지역구공급총점":0.0,
            "역세권":0,
            "30분내 이동가능 거점":0,
            "1시간내 이동가능 거점":0,
            "교통총점":0.0,
            "백화점":0,
            "아울렛몰":80,
            "대형마트":80,
            "은행":0,
            "병원":0,
            "종합병원":100,
            "공원":100,
            "혐오시설":0,
            "인프라총점":43.0,
            "초등학군":90.01,
            "중학군":51.3,
            "학군총점":59.042,
            "인구수":51.83,
            "인구증감":-5.22,
            "인구총점":34.715,
            "일자리":14.21,
            "소득수준":50.45,
            "일자리총점":25.082,
            "가치 총점":32.3563,
            "매매실거래년":20161008.0,
            "매매실거래가":89800.0,
            "전세실거래년":20170525.0,
            "전세실거래가":15351.0,
            "전세가율":null,
            "장기전세가율평균":66.04,
            "전세가율거품지수":null,
            "검색코드":26293,
            "세대수":378.0,
            "준공년월":"2008-05-14",
            "준공년차":15.0,
            "가까운역이름":"지축",
            "가까운역거리":1572.18,
            "역세권여부":"비역세권",
            "30분이내주요거점역":0,
            "30분거점역이름":"[]",
            "1시간이내주요거점역":0,
            "1시간거점역이름":"[]",
            "3km이내백화점수":0,
            "5km이내아울렛몰수":1,
            "1km이내대형먀트수":1,
            "500m이내은행수":0,
            "500m이내병원수":0,
            "5km이내대형병원수":2,
            "500m이내공원수":3,
            "3km이내혐오시설수":0,
            "초등학교학업성취도":90.01,
            "중학교학업성취도":84.1,
            "용적률":147,
            "건폐율":21,
            "Y":37.648829,
            "X":126.931781,
            "rank":102.0,
            "area_info":"32평(107.09), 32평(107.5), 32평(107.5), 33평(109.23), 35평(116.1), 39평(130.06), 39평(132.09), 40평(132.5), 40평(133.73), 40평(133.88), 40평(134.2), 40평(134.0), 41평(137.26), 51평(169.74), 52평(174.17), 53평(177.09), 53평(177.49), 53평(177.32), 64평(213.61)",
            "last_sales":"2016-10-08,89800.0,64평(213.61)",
            "rank_history":[
                [
                    "202202",
                    102
                ],
                [
                    "202201",
                    117
                ]
            ],
            "rank_gap":15
        },
        {
            "index":774,
            "아파트명":"은평뉴타운상림5단지푸르지오",
            "투자타입":"일반",
            "전용면적(m2)":"75.6",
            "전용면적(평)":"22평",
            "법정동주소":"서울시 은평구 진관동 5",
            "도로명주소":"서울시 은평구 진관4로 87",
            "세대수":30,
            "입주년차":40,
            "용적률점수":"--",
            "건폐율점수":"--",
            "세대당주차수":60,
            "난방방식":100,
            "공급면적":"--",
            "전용률":"--",
            "욕실수":50,
            "현관타입":100,
            "주거총점":52.5,
            "지역구공급총점":0.0,
            "역세권":0,
            "30분내 이동가능 거점":0,
            "1시간내 이동가능 거점":0,
            "교통총점":0.0,
            "백화점":0,
            "아울렛몰":80,
            "대형마트":80,
            "은행":0,
            "병원":0,
            "종합병원":100,
            "공원":100,
            "혐오시설":0,
            "인프라총점":43.0,
            "초등학군":90.01,
            "중학군":51.3,
            "학군총점":59.042,
            "인구수":51.83,
            "인구증감":-5.22,
            "인구총점":34.715,
            "일자리":14.21,
            "소득수준":50.45,
            "일자리총점":25.082,
            "가치 총점":32.2563,
            "매매실거래년":20210906.0,
            "매매실거래가":79500.0,
            "전세실거래년":20211226.0,
            "전세실거래가":52000.0,
            "전세가율":65.41,
            "장기전세가율평균":66.04,
            "전세가율거품지수":0.63,
            "검색코드":26291,
            "세대수":318.0,
            "준공년월":"2008-05-14",
            "준공년차":15.0,
            "가까운역이름":"지축",
            "가까운역거리":1299.34,
            "역세권여부":"비역세권",
            "30분이내주요거점역":0,
            "30분거점역이름":"[]",
            "1시간이내주요거점역":0,
            "1시간거점역이름":"[]",
            "3km이내백화점수":0,
            "5km이내아울렛몰수":1,
            "1km이내대형먀트수":1,
            "500m이내은행수":0,
            "500m이내병원수":0,
            "5km이내대형병원수":2,
            "500m이내공원수":3,
            "3km이내혐오시설수":0,
            "초등학교학업성취도":90.01,
            "중학교학업성취도":84.1,
            "용적률":149,
            "건폐율":23,
            "Y":37.648117,
            "X":126.928709,
            "rank":103.0,
            "area_info":"22평(75.6), 22평(75.94), 32평(105.99), 32평(106.38), 32평(108.16), 33평(109.57), 35평(115.71), 39평(131.74), 40평(132.41), 40평(132.88), 40평(133.47), 50평(168.02), 52평(172.02), 52평(174.11), 53평(175.74), 64평(212.62), 64평(214.15), 64평(214.69), 65평(215.8)",
            "last_sales":"2021-09-06,79500.0,22평(75.6)",
            "rank_history":[
                [
                    "202202",
                    103
                ],
                [
                    "202201",
                    116
                ]
            ],
            "rank_gap":13
        },
        {
            "index":406,
            "아파트명":"백련산힐스테이트1차",
            "투자타입":"일반",
            "전용면적(m2)":"83.95",
            "전용면적(평)":"25평",
            "법정동주소":"서울시 은평구 응암동 759",
            "도로명주소":"서울시 은평구 백련산로2길 19",
            "세대수":90,
            "입주년차":60,
            "용적률점수":"--",
            "건폐율점수":"--",
            "세대당주차수":30,
            "난방방식":30,
            "공급면적":"--",
            "전용률":"--",
            "욕실수":100,
            "현관타입":100,
            "주거총점":71.0,
            "지역구공급총점":0.0,
            "역세권":0,
            "30분내 이동가능 거점":0,
            "1시간내 이동가능 거점":0,
            "교통총점":0.0,
            "백화점":0,
            "아울렛몰":0,
            "대형마트":80,
            "은행":0,
            "병원":0,
            "종합병원":100,
            "공원":100,
            "혐오시설":0,
            "인프라총점":35.0,
            "초등학군":89.99,
            "중학군":40.34,
            "학군총점":50.27,
            "인구수":51.83,
            "인구증감":-5.22,
            "인구총점":34.715,
            "일자리":14.21,
            "소득수준":50.45,
            "일자리총점":25.082,
            "가치 총점":32.2405,
            "매매실거래년":20211120.0,
            "매매실거래가":81500.0,
            "전세실거래년":20220125.0,
            "전세실거래가":39600.0,
            "전세가율":48.59,
            "장기전세가율평균":66.04,
            "전세가율거품지수":17.45,
            "검색코드":27501,
            "세대수":1106.0,
            "준공년월":"2011-12-22",
            "준공년차":12.0,
            "가까운역이름":"새절",
            "가까운역거리":1036.86,
            "역세권여부":"비역세권",
            "30분이내주요거점역":0,
            "30분거점역이름":"[]",
            "1시간이내주요거점역":0,
            "1시간거점역이름":"[]",
            "3km이내백화점수":0,
            "5km이내아울렛몰수":0,
            "1km이내대형먀트수":1,
            "500m이내은행수":0,
            "500m이내병원수":0,
            "5km이내대형병원수":7,
            "500m이내공원수":2,
            "3km이내혐오시설수":0,
            "초등학교학업성취도":89.99,
            "중학교학업성취도":66.5,
            "용적률":191,
            "건폐율":19,
            "Y":37.592015,
            "X":126.925346,
            "rank":104.0,
            "area_info":"25평(83.95), 25평(84.46), 25평(84.29), 25평(84.51), 32평(107.56), 32평(107.92), 32평(107.48), 32평(108.09), 32평(108.97), 42평(141.34), 42평(141.92), 42평(141.94), 51평(170.1)",
            "last_sales":"2021-11-20,81500.0,25평(83.95)",
            "rank_history":[
                [
                    "202202",
                    104
                ],
                [
                    "202201",
                    98
                ]
            ],
            "rank_gap":-6
        },
        {
            "index":6,
            "아파트명":"갈현현대",
            "투자타입":"일반",
            "전용면적(m2)":"77.06",
            "전용면적(평)":"23평",
            "법정동주소":"서울시 은평구 갈현동 537",
            "도로명주소":"서울시 은평구 갈현로33길 24",
            "세대수":0,
            "입주년차":0,
            "용적률점수":"--",
            "건폐율점수":"--",
            "세대당주차수":30,
            "난방방식":30,
            "공급면적":"--",
            "전용률":"--",
            "욕실수":50,
            "현관타입":10,
            "주거총점":13.5,
            "지역구공급총점":0.0,
            "역세권":50,
            "30분내 이동가능 거점":0,
            "1시간내 이동가능 거점":30,
            "교통총점":31.0,
            "백화점":0,
            "아울렛몰":100,
            "대형마트":0,
            "은행":0,
            "병원":0,
            "종합병원":100,
            "공원":100,
            "혐오시설":0,
            "인프라총점":33.0,
            "초등학군":90.0,
            "중학군":48.32,
            "학군총점":56.656,
            "인구수":51.83,
            "인구증감":-5.22,
            "인구총점":34.715,
            "일자리":14.21,
            "소득수준":50.45,
            "일자리총점":25.082,
            "가치 총점":31.9484,
            "매매실거래년":20210709.0,
            "매매실거래가":63500.0,
            "전세실거래년":20220115.0,
            "전세실거래가":25725.0,
            "전세가율":40.51,
            "장기전세가율평균":66.04,
            "전세가율거품지수":25.53,
            "검색코드":3817,
            "세대수":278.0,
            "준공년월":"1997-05-08",
            "준공년차":26.0,
            "가까운역이름":"연신내",
            "가까운역거리":735.67,
            "역세권여부":"준역세권",
            "30분이내주요거점역":0,
            "30분거점역이름":"[]",
            "1시간이내주요거점역":3,
            "1시간거점역이름":"['을지로입구', '을지로3가', '명동']",
            "3km이내백화점수":0,
            "5km이내아울렛몰수":2,
            "1km이내대형먀트수":0,
            "500m이내은행수":0,
            "500m이내병원수":0,
            "5km이내대형병원수":3,
            "500m이내공원수":2,
            "3km이내혐오시설수":0,
            "초등학교학업성취도":90.0,
            "중학교학업성취도":79.2,
            "용적률":261,
            "건폐율":25,
            "Y":37.622355,
            "X":126.913808,
            "rank":105.0,
            "area_info":"23평(77.06), 33평(110.39), 34평(115.07), 43평(142.21), 43평(144.87)",
            "last_sales":"2021-07-09,63500.0,23평(77.06)",
            "rank_history":[
                [
                    "202202",
                    105
                ],
                [
                    "202201",
                    95
                ]
            ],
            "rank_gap":-10
        },
        {
            "index":64,
            "아파트명":"경남아너스빌",
            "투자타입":"일반",
            "전용면적(m2)":"79.85",
            "전용면적(평)":"24평",
            "법정동주소":"서울시 은평구 구산동 224",
            "도로명주소":"서울시 은평구 갈현로11길 46",
            "세대수":50,
            "입주년차":40,
            "용적률점수":"--",
            "건폐율점수":"--",
            "세대당주차수":60,
            "난방방식":30,
            "공급면적":"--",
            "전용률":"--",
            "욕실수":50,
            "현관타입":100,
            "주거총점":52.5,
            "지역구공급총점":0.0,
            "역세권":0,
            "30분내 이동가능 거점":0,
            "1시간내 이동가능 거점":0,
            "교통총점":0.0,
            "백화점":0,
            "아울렛몰":100,
            "대형마트":80,
            "은행":0,
            "병원":0,
            "종합병원":100,
            "공원":100,
            "혐오시설":0,
            "인프라총점":45.0,
            "초등학군":89.98,
            "중학군":41.9,
            "학군총점":51.516,
            "인구수":51.83,
            "인구증감":-5.22,
            "인구총점":34.715,
            "일자리":14.21,
            "소득수준":50.45,
            "일자리총점":25.082,
            "가치 총점":31.7274,
            "매매실거래년":20211229.0,
            "매매실거래가":48100.0,
            "전세실거래년":20201202.0,
            "전세실거래가":34000.0,
            "전세가율":88.31,
            "장기전세가율평균":66.04,
            "전세가율거품지수":-22.27,
            "검색코드":9354,
            "세대수":475.0,
            "준공년월":"2004-08-13",
            "준공년차":19.0,
            "가까운역이름":"응암",
            "가까운역거리":1191.71,
            "역세권여부":"비역세권",
            "30분이내주요거점역":0,
            "30분거점역이름":"[]",
            "1시간이내주요거점역":0,
            "1시간거점역이름":"[]",
            "3km이내백화점수":0,
            "5km이내아울렛몰수":2,
            "1km이내대형먀트수":1,
            "500m이내은행수":0,
            "500m이내병원수":0,
            "5km이내대형병원수":3,
            "500m이내공원수":3,
            "3km이내혐오시설수":0,
            "초등학교학업성취도":89.98,
            "중학교학업성취도":69.1,
            "용적률":268,
            "건폐율":18,
            "Y":37.605754,
            "X":126.905499,
            "rank":106.0,
            "area_info":"24평(79.85), 32평(106.08), 33평(110.29), 44평(145.84)",
            "last_sales":"2021-12-29,48100.0,44평(145.84)",
            "rank_history":[
                [
                    "202202",
                    106
                ],
                [
                    "202201",
                    101
                ]
            ],
            "rank_gap":-5
        },
        {
            "index":678,
            "아파트명":"은평뉴타운상림14단지아이파크",
            "투자타입":"일반",
            "전용면적(m2)":"107.01",
            "전용면적(평)":"32평",
            "법정동주소":"서울시 은평구 진관동 10",
            "도로명주소":"서울시 은평구 진관4로 48-51",
            "세대수":30,
            "입주년차":40,
            "용적률점수":"--",
            "건폐율점수":"--",
            "세대당주차수":80,
            "난방방식":100,
            "공급면적":"--",
            "전용률":"--",
            "욕실수":100,
            "현관타입":100,
            "주거총점":60.5,
            "지역구공급총점":0.0,
            "역세권":0,
            "30분내 이동가능 거점":0,
            "1시간내 이동가능 거점":20,
            "교통총점":4.0,
            "백화점":0,
            "아울렛몰":80,
            "대형마트":0,
            "은행":0,
            "병원":0,
            "종합병원":100,
            "공원":80,
            "혐오시설":0,
            "인프라총점":30.4,
            "초등학군":90.01,
            "중학군":51.3,
            "학군총점":59.042,
            "인구수":51.83,
            "인구증감":-5.22,
            "인구총점":34.715,
            "일자리":14.21,
            "소득수준":50.45,
            "일자리총점":25.082,
            "가치 총점":31.4763,
            "매매실거래년":20210706.0,
            "매매실거래가":130000.0,
            "전세실거래년":20200108.0,
            "전세실거래가":43000.0,
            "전세가율":53.75,
            "장기전세가율평균":66.04,
            "전세가율거품지수":12.29,
            "검색코드":26299,
            "세대수":300.0,
            "준공년월":"2008-06-14",
            "준공년차":15.0,
            "가까운역이름":"구파발",
            "가까운역거리":1253.98,
            "역세권여부":"비역세권",
            "30분이내주요거점역":0,
            "30분거점역이름":"[]",
            "1시간이내주요거점역":2,
            "1시간거점역이름":"['을지로입구', '을지로3가']",
            "3km이내백화점수":0,
            "5km이내아울렛몰수":1,
            "1km이내대형먀트수":0,
            "500m이내은행수":0,
            "500m이내병원수":0,
            "5km이내대형병원수":2,
            "500m이내공원수":1,
            "3km이내혐오시설수":0,
            "초등학교학업성취도":90.01,
            "중학교학업성취도":84.1,
            "용적률":137,
            "건폐율":18,
            "Y":37.642489,
            "X":126.93109,
            "rank":107.0,
            "area_info":"32평(107.01), 32평(107.01), 37평(125.55), 38평(126.95), 40평(133.12), 40평(133.39), 49평(164.77), 49평(165.03), 51평(170.73), 51평(170.09), 52평(172.83), 63평(209.17), 63평(209.49), 63평(210.81), 63평(210.0), 63평(211.49)",
            "last_sales":"2021-07-06,130000.0,52평(172.83)",
            "rank_history":[
                [
                    "202202",
                    107
                ],
                [
                    "202201",
                    103
                ]
            ],
            "rank_gap":-4
        },
        {
            "index":750,
            "아파트명":"은평뉴타운상림4단지아이파크",
            "투자타입":"일반",
            "전용면적(m2)":"81.55",
            "전용면적(평)":"24평",
            "법정동주소":"서울시 은평구 진관동 6",
            "도로명주소":"서울시 은평구 진관4로 77",
            "세대수":0,
            "입주년차":40,
            "용적률점수":"--",
            "건폐율점수":"--",
            "세대당주차수":60,
            "난방방식":100,
            "공급면적":"--",
            "전용률":"--",
            "욕실수":100,
            "현관타입":100,
            "주거총점":47.0,
            "지역구공급총점":0.0,
            "역세권":0,
            "30분내 이동가능 거점":0,
            "1시간내 이동가능 거점":0,
            "교통총점":0.0,
            "백화점":0,
            "아울렛몰":80,
            "대형마트":80,
            "은행":0,
            "병원":0,
            "종합병원":100,
            "공원":100,
            "혐오시설":0,
            "인프라총점":43.0,
            "초등학군":90.01,
            "중학군":51.3,
            "학군총점":59.042,
            "인구수":51.83,
            "인구증감":-5.22,
            "인구총점":34.715,
            "일자리":14.21,
            "소득수준":50.45,
            "일자리총점":25.082,
            "가치 총점":31.1563,
            "매매실거래년":20211203.0,
            "매매실거래가":110500.0,
            "전세실거래년":20220118.0,
            "전세실거래가":32000.0,
            "전세가율":42.95,
            "장기전세가율평균":66.04,
            "전세가율거품지수":23.09,
            "검색코드":26290,
            "세대수":241.0,
            "준공년월":"2008-05-14",
            "준공년차":15.0,
            "가까운역이름":"지축",
            "가까운역거리":1198.53,
            "역세권여부":"비역세권",
            "30분이내주요거점역":0,
            "30분거점역이름":"[]",
            "1시간이내주요거점역":0,
            "1시간거점역이름":"[]",
            "3km이내백화점수":0,
            "5km이내아울렛몰수":1,
            "1km이내대형먀트수":1,
            "500m이내은행수":0,
            "500m이내병원수":0,
            "5km이내대형병원수":2,
            "500m이내공원수":3,
            "3km이내혐오시설수":0,
            "초등학교학업성취도":90.01,
            "중학교학업성취도":84.1,
            "용적률":162,
            "건폐율":28,
            "Y":37.647097,
            "X":126.927511,
            "rank":108.0,
            "area_info":"24평(81.55), 34평(113.64), 34평(114.67), 34평(115.52), 35평(115.96), 34평(115.09), 35평(116.02), 35평(116.03), 39평(129.48), 39평(129.48), 42평(140.11), 42평(141.91), 42평(141.99), 42평(141.87), 42평(142.06), 43평(142.33), 43평(143.07), 46평(152.96), 54평(179.6), 54평(180.98), 67평(224.55), 68평(227.46), 69평(228.29), 69평(228.33)",
            "last_sales":"2021-12-03,110500.0,54평(180.98)",
            "rank_history":[
                [
                    "202202",
                    108
                ],
                [
                    "202201",
                    121
                ]
            ],
            "rank_gap":13
        },
        {
            "index":968,
            "아파트명":"은평뉴타운제각말5-3단지",
            "투자타입":"일반",
            "전용면적(m2)":"107.94",
            "전용면적(평)":"32평",
            "법정동주소":"서울시 은평구 진관동 94",
            "도로명주소":"서울시 은평구 연서로 487",
            "세대수":0,
            "입주년차":60,
            "용적률점수":"--",
            "건폐율점수":"--",
            "세대당주차수":60,
            "난방방식":100,
            "공급면적":"--",
            "전용률":"--",
            "욕실수":100,
            "현관타입":100,
            "주거총점":51.0,
            "지역구공급총점":0.0,
            "역세권":0,
            "30분내 이동가능 거점":0,
            "1시간내 이동가능 거점":30,
            "교통총점":6.0,
            "백화점":0,
            "아울렛몰":80,
            "대형마트":0,
            "은행":0,
            "병원":0,
            "종합병원":100,
            "공원":100,
            "혐오시설":0,
            "인프라총점":31.0,
            "초등학군":89.99,
            "중학군":54.12,
            "학군총점":61.294,
            "인구수":51.83,
            "인구증감":-5.22,
            "인구총점":34.715,
            "일자리":14.21,
            "소득수준":50.45,
            "일자리총점":25.082,
            "가치 총점":30.7941,
            "매매실거래년":20211101.0,
            "매매실거래가":101500.0,
            "전세실거래년":20220122.0,
            "전세실거래가":48000.0,
            "전세가율":47.29,
            "장기전세가율평균":66.04,
            "전세가율거품지수":18.75,
            "검색코드":101329,
            "세대수":189.0,
            "준공년월":"2010-09-08",
            "준공년차":13.0,
            "가까운역이름":"구파발",
            "가까운역거리":1420.53,
            "역세권여부":"비역세권",
            "30분이내주요거점역":0,
            "30분거점역이름":"[]",
            "1시간이내주요거점역":3,
            "1시간거점역이름":"['을지로입구', '을지로3가', '명동']",
            "3km이내백화점수":0,
            "5km이내아울렛몰수":1,
            "1km이내대형먀트수":0,
            "500m이내은행수":0,
            "500m이내병원수":0,
            "5km이내대형병원수":2,
            "500m이내공원수":2,
            "3km이내혐오시설수":0,
            "초등학교학업성취도":89.99,
            "중학교학업성취도":87.8,
            "용적률":128,
            "건폐율":22,
            "Y":37.63881,
            "X":126.934745,
            "rank":109.0,
            "area_info":"32평(107.94), 32평(108.32), 38평(128.78), 39평(130.12), 40평(132.53), 51평(171.69), 52평(172.49)",
            "last_sales":"2021-11-01,101500.0,32평(107.94)",
            "rank_history":[
                [
                    "202202",
                    109
                ],
                [
                    "202201",
                    105
                ]
            ],
            "rank_gap":-4
        },
        {
            "index":818,
            "아파트명":"은평뉴타운상림8단지푸르지오",
            "투자타입":"일반",
            "전용면적(m2)":"106.89",
            "전용면적(평)":"32평",
            "법정동주소":"서울시 은평구 진관동 3",
            "도로명주소":"서울시 은평구 진관4로 78-7",
            "세대수":0,
            "입주년차":40,
            "용적률점수":"--",
            "건폐율점수":"--",
            "세대당주차수":30,
            "난방방식":100,
            "공급면적":"--",
            "전용률":"--",
            "욕실수":100,
            "현관타입":100,
            "주거총점":42.5,
            "지역구공급총점":0.0,
            "역세권":0,
            "30분내 이동가능 거점":0,
            "1시간내 이동가능 거점":0,
            "교통총점":0.0,
            "백화점":0,
            "아울렛몰":80,
            "대형마트":80,
            "은행":0,
            "병원":0,
            "종합병원":100,
            "공원":100,
            "혐오시설":0,
            "인프라총점":43.0,
            "초등학군":90.01,
            "중학군":51.3,
            "학군총점":59.042,
            "인구수":51.83,
            "인구증감":-5.22,
            "인구총점":34.715,
            "일자리":14.21,
            "소득수준":50.45,
            "일자리총점":25.082,
            "가치 총점":30.2563,
            "매매실거래년":20211011.0,
            "매매실거래가":128000.0,
            "전세실거래년":20211223.0,
            "전세실거래가":30075.0,
            "전세가율":33.49,
            "장기전세가율평균":66.04,
            "전세가율거품지수":32.55,
            "검색코드":26294,
            "세대수":208.0,
            "준공년월":"2008-05-14",
            "준공년차":15.0,
            "가까운역이름":"지축",
            "가까운역거리":1424.97,
            "역세권여부":"비역세권",
            "30분이내주요거점역":0,
            "30분거점역이름":"[]",
            "1시간이내주요거점역":0,
            "1시간거점역이름":"[]",
            "3km이내백화점수":0,
            "5km이내아울렛몰수":1,
            "1km이내대형먀트수":1,
            "500m이내은행수":0,
            "500m이내병원수":0,
            "5km이내대형병원수":2,
            "500m이내공원수":3,
            "3km이내혐오시설수":0,
            "초등학교학업성취도":90.01,
            "중학교학업성취도":84.1,
            "용적률":139,
            "건폐율":24,
            "Y":37.64684,
            "X":126.930064,
            "rank":110.0,
            "area_info":"32평(106.89), 32평(109.03), 39평(129.82), 39평(131.85), 40평(133.96), 40평(133.76), 41평(137.02), 51평(169.43), 51평(170.17), 52평(173.85), 53평(176.77), 53평(177.0), 64평(213.21), 64평(214.58)",
            "last_sales":"2021-10-11,128000.0,64평(214.58)",
            "rank_history":[
                [
                    "202202",
                    110
                ],
                [
                    "202201",
                    123
                ]
            ],
            "rank_gap":13
        },
        {
            "index":663,
            "아파트명":"은평뉴타운상림13단지아이파크",
            "투자타입":"일반",
            "전용면적(m2)":"107.45",
            "전용면적(평)":"32평",
            "법정동주소":"서울시 은평구 진관동 11",
            "도로명주소":"서울시 은평구 진관4로 48-50",
            "세대수":0,
            "입주년차":40,
            "용적률점수":"--",
            "건폐율점수":"--",
            "세대당주차수":80,
            "난방방식":100,
            "공급면적":"--",
            "전용률":"--",
            "욕실수":100,
            "현관타입":100,
            "주거총점":50.0,
            "지역구공급총점":0.0,
            "역세권":0,
            "30분내 이동가능 거점":0,
            "1시간내 이동가능 거점":30,
            "교통총점":6.0,
            "백화점":0,
            "아울렛몰":80,
            "대형마트":0,
            "은행":0,
            "병원":0,
            "종합병원":100,
            "공원":100,
            "혐오시설":0,
            "인프라총점":31.0,
            "초등학군":90.01,
            "중학군":51.3,
            "학군총점":59.042,
            "인구수":51.83,
            "인구증감":-5.22,
            "인구총점":34.715,
            "일자리":14.21,
            "소득수준":50.45,
            "일자리총점":25.082,
            "가치 총점":30.2563,
            "매매실거래년":20220111.0,
            "매매실거래가":96000.0,
            "전세실거래년":20211029.0,
            "전세실거래가":43000.0,
            "전세가율":44.79,
            "장기전세가율평균":66.04,
            "전세가율거품지수":21.25,
            "검색코드":26298,
            "세대수":298.0,
            "준공년월":"2008-06-14",
            "준공년차":15.0,
            "가까운역이름":"구파발",
            "가까운역거리":1091.58,
            "역세권여부":"비역세권",
            "30분이내주요거점역":0,
            "30분거점역이름":"[]",
            "1시간이내주요거점역":3,
            "1시간거점역이름":"['을지로입구', '을지로3가', '명동']",
            "3km이내백화점수":0,
            "5km이내아울렛몰수":1,
            "1km이내대형먀트수":0,
            "500m이내은행수":0,
            "500m이내병원수":0,
            "5km이내대형병원수":2,
            "500m이내공원수":2,
            "3km이내혐오시설수":0,
            "초등학교학업성취도":90.01,
            "중학교학업성취도":84.1,
            "용적률":140,
            "건폐율":17,
            "Y":37.642058,
            "X":126.92926,
            "rank":110.0,
            "area_info":"32평(107.45), 32평(107.45), 38평(126.24), 38평(127.64), 38평(127.64), 40평(133.81), 40평(134.12), 50평(165.69), 50평(165.94), 51평(171.64), 51평(171.01), 52평(173.74), 63평(210.63), 63평(210.3), 64평(212.62)",
            "last_sales":"2022-01-11,96000.0,32평(107.45)",
            "rank_history":[
                [
                    "202202",
                    110
                ],
                [
                    "202201",
                    106
                ]
            ],
            "rank_gap":-4
        },
        {
            "index":959,
            "아파트명":"은평뉴타운제각말5-2단지",
            "투자타입":"일반",
            "전용면적(m2)":"107.55",
            "전용면적(평)":"32평",
            "법정동주소":"서울시 은평구 진관동 155",
            "도로명주소":"서울시 은평구 연서로48길 11",
            "세대수":0,
            "입주년차":60,
            "용적률점수":"--",
            "건폐율점수":"--",
            "세대당주차수":60,
            "난방방식":100,
            "공급면적":"--",
            "전용률":"--",
            "욕실수":100,
            "현관타입":100,
            "주거총점":51.0,
            "지역구공급총점":0.0,
            "역세권":0,
            "30분내 이동가능 거점":0,
            "1시간내 이동가능 거점":20,
            "교통총점":4.0,
            "백화점":0,
            "아울렛몰":80,
            "대형마트":0,
            "은행":0,
            "병원":0,
            "종합병원":100,
            "공원":100,
            "혐오시설":0,
            "인프라총점":31.0,
            "초등학군":89.99,
            "중학군":54.12,
            "학군총점":61.294,
            "인구수":51.83,
            "인구증감":-5.22,
            "인구총점":34.715,
            "일자리":14.21,
            "소득수준":50.45,
            "일자리총점":25.082,
            "가치 총점":30.0941,
            "매매실거래년":20211113.0,
            "매매실거래가":135000.0,
            "전세실거래년":20210731.0,
            "전세실거래가":56000.0,
            "전세가율":68.29,
            "장기전세가율평균":66.04,
            "전세가율거품지수":-2.25,
            "검색코드":101330,
            "세대수":175.0,
            "준공년월":"2010-09-08",
            "준공년차":13.0,
            "가까운역이름":"구파발",
            "가까운역거리":1551.15,
            "역세권여부":"비역세권",
            "30분이내주요거점역":0,
            "30분거점역이름":"[]",
            "1시간이내주요거점역":2,
            "1시간거점역이름":"['을지로입구', '을지로3가']",
            "3km이내백화점수":0,
            "5km이내아울렛몰수":1,
            "1km이내대형먀트수":0,
            "500m이내은행수":0,
            "500m이내병원수":0,
            "5km이내대형병원수":2,
            "500m이내공원수":2,
            "3km이내혐오시설수":0,
            "초등학교학업성취도":89.99,
            "중학교학업성취도":87.8,
            "용적률":131,
            "건폐율":24,
            "Y":37.637931,
            "X":126.936375,
            "rank":111.0,
            "area_info":"32평(107.55), 32평(107.73), 38평(128.33), 39평(129.49), 39평(129.07), 39평(132.07), 51평(169.38), 51평(171.09), 52평(171.94)",
            "last_sales":"2021-11-13,135000.0,51평(169.38)",
            "rank_history":[
                [
                    "202202",
                    111
                ],
                [
                    "202201",
                    108
                ]
            ],
            "rank_gap":-3
        },
        {
            "index":291,
            "아파트명":"신성수정",
            "투자타입":"일반",
            "전용면적(m2)":"91.15",
            "전용면적(평)":"27평",
            "법정동주소":"서울시 은평구 신사동 358",
            "도로명주소":"서울시 은평구 은평터널로7길 2",
            "세대수":0,
            "입주년차":0,
            "용적률점수":"--",
            "건폐율점수":"--",
            "세대당주차수":0,
            "난방방식":30,
            "공급면적":"--",
            "전용률":"--",
            "욕실수":50,
            "현관타입":10,
            "주거총점":9.0,
            "지역구공급총점":0.0,
            "역세권":50,
            "30분내 이동가능 거점":0,
            "1시간내 이동가능 거점":10,
            "교통총점":27.0,
            "백화점":0,
            "아울렛몰":0,
            "대형마트":80,
            "은행":0,
            "병원":0,
            "종합병원":100,
            "공원":100,
            "혐오시설":0,
            "인프라총점":35.0,
            "초등학군":89.99,
            "중학군":46.24,
            "학군총점":54.99,
            "인구수":51.83,
            "인구증감":-5.22,
            "인구총점":34.715,
            "일자리":14.21,
            "소득수준":50.45,
            "일자리총점":25.082,
            "가치 총점":29.9985,
            "매매실거래년":20210401.0,
            "매매실거래가":54000.0,
            "전세실거래년":20210730.0,
            "전세실거래가":36000.0,
            "전세가율":66.67,
            "장기전세가율평균":66.04,
            "전세가율거품지수":-0.63,
            "검색코드":785,
            "세대수":180.0,
            "준공년월":"1996-12-19",
            "준공년차":27.0,
            "가까운역이름":"새절",
            "가까운역거리":657.36,
            "역세권여부":"준역세권",
            "30분이내주요거점역":0,
            "30분거점역이름":"[]",
            "1시간이내주요거점역":1,
            "1시간거점역이름":"['대화']",
            "3km이내백화점수":0,
            "5km이내아울렛몰수":0,
            "1km이내대형먀트수":1,
            "500m이내은행수":0,
            "500m이내병원수":0,
            "5km이내대형병원수":5,
            "500m이내공원수":7,
            "3km이내혐오시설수":0,
            "초등학교학업성취도":89.99,
            "중학교학업성취도":74.6,
            "용적률":280,
            "건폐율":29,
            "Y":37.592752,
            "X":126.906448,
            "rank":112.0,
            "area_info":"27평(91.15), 27평(91.2), 33평(110.16)",
            "last_sales":"2021-04-01,54000.0,27평(91.15)",
            "rank_history":[
                [
                    "202202",
                    112
                ],
                [
                    "202201",
                    104
                ]
            ],
            "rank_gap":-8
        },
        {
            "index":268,
            "아파트명":"뉴신사신성",
            "투자타입":"일반",
            "전용면적(m2)":"107.93",
            "전용면적(평)":"32평",
            "법정동주소":"서울시 은평구 신사동 356",
            "도로명주소":"서울시 은평구 은평터널로 163",
            "세대수":0,
            "입주년차":0,
            "용적률점수":"--",
            "건폐율점수":"--",
            "세대당주차수":0,
            "난방방식":30,
            "공급면적":"--",
            "전용률":"--",
            "욕실수":50,
            "현관타입":10,
            "주거총점":9.0,
            "지역구공급총점":0.0,
            "역세권":50,
            "30분내 이동가능 거점":0,
            "1시간내 이동가능 거점":10,
            "교통총점":27.0,
            "백화점":0,
            "아울렛몰":0,
            "대형마트":80,
            "은행":0,
            "병원":0,
            "종합병원":100,
            "공원":100,
            "혐오시설":0,
            "인프라총점":35.0,
            "초등학군":89.99,
            "중학군":46.24,
            "학군총점":54.99,
            "인구수":51.83,
            "인구증감":-5.22,
            "인구총점":34.715,
            "일자리":14.21,
            "소득수준":50.45,
            "일자리총점":25.082,
            "가치 총점":29.9985,
            "매매실거래년":20210804.0,
            "매매실거래가":64000.0,
            "전세실거래년":20210930.0,
            "전세실거래가":26000.0,
            "전세가율":40.62,
            "장기전세가율평균":66.04,
            "전세가율거품지수":25.42,
            "검색코드":781,
            "세대수":167.0,
            "준공년월":"1993-11-29",
            "준공년차":30.0,
            "가까운역이름":"새절",
            "가까운역거리":680.17,
            "역세권여부":"준역세권",
            "30분이내주요거점역":0,
            "30분거점역이름":"[]",
            "1시간이내주요거점역":1,
            "1시간거점역이름":"['대화']",
            "3km이내백화점수":0,
            "5km이내아울렛몰수":0,
            "1km이내대형먀트수":1,
            "500m이내은행수":0,
            "500m이내병원수":0,
            "5km이내대형병원수":5,
            "500m이내공원수":7,
            "3km이내혐오시설수":0,
            "초등학교학업성취도":89.99,
            "중학교학업성취도":74.6,
            "용적률":229,
            "건폐율":20,
            "Y":37.593419,
            "X":126.906461,
            "rank":112.0,
            "area_info":"32평(107.93)",
            "last_sales":"2021-08-04,64000.0,32평(107.93)",
            "rank_history":[
                [
                    "202202",
                    112
                ],
                [
                    "202201",
                    104
                ]
            ],
            "rank_gap":-8
        },
        {
            "index":344,
            "아파트명":"경남",
            "투자타입":"일반",
            "전용면적(m2)":"83.8",
            "전용면적(평)":"25평",
            "법정동주소":"서울시 은평구 응암동 714",
            "도로명주소":"서울시 은평구 가좌로7나길 35",
            "세대수":0,
            "입주년차":0,
            "용적률점수":"--",
            "건폐율점수":"--",
            "세대당주차수":0,
            "난방방식":30,
            "공급면적":"--",
            "전용률":"--",
            "욕실수":50,
            "현관타입":10,
            "주거총점":9.0,
            "지역구공급총점":0.0,
            "역세권":50,
            "30분내 이동가능 거점":0,
            "1시간내 이동가능 거점":0,
            "교통총점":25.0,
            "백화점":0,
            "아울렛몰":0,
            "대형마트":80,
            "은행":70,
            "병원":0,
            "종합병원":100,
            "공원":100,
            "혐오시설":0,
            "인프라총점":42.0,
            "초등학군":89.99,
            "중학군":31.96,
            "학군총점":43.566,
            "인구수":51.83,
            "인구증감":-5.22,
            "인구총점":34.715,
            "일자리":14.21,
            "소득수준":50.45,
            "일자리총점":25.082,
            "가치 총점":29.6849,
            "매매실거래년":20211008.0,
            "매매실거래가":48500.0,
            "전세실거래년":20211218.0,
            "전세실거래가":25200.0,
            "전세가율":48.46,
            "장기전세가율평균":66.04,
            "전세가율거품지수":17.58,
            "검색코드":893,
            "세대수":160.0,
            "준공년월":"1995-12-22",
            "준공년차":28.0,
            "가까운역이름":"증산",
            "가까운역거리":947.97,
            "역세권여부":"준역세권",
            "30분이내주요거점역":0,
            "30분거점역이름":"[]",
            "1시간이내주요거점역":0,
            "1시간거점역이름":"[]",
            "3km이내백화점수":0,
            "5km이내아울렛몰수":0,
            "1km이내대형먀트수":1,
            "500m이내은행수":3,
            "500m이내병원수":0,
            "5km이내대형병원수":6,
            "500m이내공원수":4,
            "3km이내혐오시설수":0,
            "초등학교학업성취도":89.99,
            "중학교학업성취도":52.6,
            "용적률":192,
            "건폐율":25,
            "Y":37.583284,
            "X":126.920377,
            "rank":113.0,
            "area_info":"25평(83.8), 26평(87.36), 27평(90.16), 28평(94.59), 32평(107.58)",
            "last_sales":"2021-10-08,48500.0,26평(87.36)",
            "rank_history":[
                [
                    "202202",
                    113
                ],
                [
                    "202201",
                    126
                ]
            ],
            "rank_gap":13
        },
        {
            "index":15,
            "아파트명":"라이프씨티",
            "투자타입":"재건축",
            "전용면적(m2)":"84.44",
            "전용면적(평)":"25평",
            "법정동주소":"서울시 은평구 갈현동 267-1",
            "도로명주소":"서울시 은평구 갈현로29길 61",
            "세대수":0,
            "입주년차":"--",
            "용적률점수":60,
            "건폐율점수":100,
            "세대당주차수":"--",
            "난방방식":"--",
            "공급면적":70,
            "전용률":60,
            "욕실수":"--",
            "현관타입":"--",
            "주거총점":50.5,
            "지역구공급총점":0.0,
            "역세권":0,
            "30분내 이동가능 거점":0,
            "1시간내 이동가능 거점":20,
            "교통총점":4.0,
            "백화점":0,
            "아울렛몰":100,
            "대형마트":0,
            "은행":0,
            "병원":0,
            "종합병원":100,
            "공원":80,
            "혐오시설":0,
            "인프라총점":32.4,
            "초등학군":90.0,
            "중학군":46.84,
            "학군총점":55.472,
            "인구수":51.83,
            "인구증감":-5.22,
            "인구총점":34.715,
            "일자리":14.21,
            "소득수준":50.45,
            "일자리총점":25.082,
            "가치 총점":29.5408,
            "매매실거래년":20211011.0,
            "매매실거래가":39800.0,
            "전세실거래년":20210129.0,
            "전세실거래가":20000.0,
            "전세가율":50.25,
            "장기전세가율평균":66.04,
            "전세가율거품지수":15.79,
            "검색코드":1228,
            "세대수":123.0,
            "준공년월":"1991-11-18",
            "준공년차":32.0,
            "가까운역이름":"연신내",
            "가까운역거리":1035.82,
            "역세권여부":"비역세권",
            "30분이내주요거점역":0,
            "30분거점역이름":"[]",
            "1시간이내주요거점역":2,
            "1시간거점역이름":"['을지로입구', '명동']",
            "3km이내백화점수":0,
            "5km이내아울렛몰수":2,
            "1km이내대형먀트수":0,
            "500m이내은행수":0,
            "500m이내병원수":0,
            "5km이내대형병원수":2,
            "500m이내공원수":1,
            "3km이내혐오시설수":0,
            "초등학교학업성취도":90.0,
            "중학교학업성취도":77.2,
            "용적률":224,
            "건폐율":18,
            "Y":37.62299,
            "X":126.91038,
            "rank":114.0,
            "area_info":"25평(84.44), 30평(99.72), 31평(103.32), 31평(103.62)",
            "last_sales":"2021-10-11,39800.0,25평(84.44)",
            "rank_history":[
                [
                    "202202",
                    114
                ],
                [
                    "202201",
                    111
                ]
            ],
            "rank_gap":-3
        },
        {
            "index":704,
            "아파트명":"은평뉴타운상림2단지롯데캐슬",
            "투자타입":"일반",
            "전용면적(m2)":"76.07",
            "전용면적(평)":"23평",
            "법정동주소":"서울시 은평구 진관동 14",
            "도로명주소":"서울시 은평구 진관4로 37",
            "세대수":30,
            "입주년차":40,
            "용적률점수":"--",
            "건폐율점수":"--",
            "세대당주차수":60,
            "난방방식":100,
            "공급면적":"--",
            "전용률":"--",
            "욕실수":100,
            "현관타입":100,
            "주거총점":57.5,
            "지역구공급총점":0.0,
            "역세권":0,
            "30분내 이동가능 거점":0,
            "1시간내 이동가능 거점":0,
            "교통총점":0.0,
            "백화점":0,
            "아울렛몰":80,
            "대형마트":0,
            "은행":0,
            "병원":0,
            "종합병원":100,
            "공원":80,
            "혐오시설":0,
            "인프라총점":30.4,
            "초등학군":90.01,
            "중학군":51.3,
            "학군총점":59.042,
            "인구수":51.83,
            "인구증감":-5.22,
            "인구총점":34.715,
            "일자리":14.21,
            "소득수준":50.45,
            "일자리총점":25.082,
            "가치 총점":29.4763,
            "매매실거래년":20201226.0,
            "매매실거래가":123500.0,
            "전세실거래년":20220115.0,
            "전세실거래가":38850.0,
            "전세가율":55.5,
            "장기전세가율평균":66.04,
            "전세가율거품지수":10.54,
            "검색코드":26288,
            "세대수":335.0,
            "준공년월":"2008-05-14",
            "준공년차":15.0,
            "가까운역이름":"지축",
            "가까운역거리":1009.82,
            "역세권여부":"비역세권",
            "30분이내주요거점역":0,
            "30분거점역이름":"[]",
            "1시간이내주요거점역":0,
            "1시간거점역이름":"[]",
            "3km이내백화점수":0,
            "5km이내아울렛몰수":1,
            "1km이내대형먀트수":0,
            "500m이내은행수":1,
            "500m이내병원수":0,
            "5km이내대형병원수":2,
            "500m이내공원수":1,
            "3km이내혐오시설수":0,
            "초등학교학업성취도":90.01,
            "중학교학업성취도":84.1,
            "용적률":166,
            "건폐율":25,
            "Y":37.645361,
            "X":126.924907,
            "rank":115.0,
            "area_info":"23평(76.07), 23평(76.06), 32평(106.25), 32평(106.11), 32평(106.89), 32평(108.17), 34평(113.13), 40평(133.09), 40평(133.45), 40평(135.09), 41평(136.82), 41평(137.26), 50평(167.43), 51평(171.2), 52평(175.14), 53평(175.36), 64평(212.87), 64평(213.68), 64평(213.9), 64평(214.36), 66평(219.04)",
            "last_sales":"2020-12-26,123500.0,64평(213.68)",
            "rank_history":[
                [
                    "202202",
                    115
                ],
                [
                    "202201",
                    109
                ]
            ],
            "rank_gap":-6
        },
        {
            "index":1002,
            "아파트명":"은평뉴타운폭포동힐스테이트4-4단지",
            "투자타입":"일반",
            "전용면적(m2)":"127.16",
            "전용면적(평)":"38평",
            "법정동주소":"서울시 은평구 진관동 135",
            "도로명주소":"서울시 은평구 연서로44길 55",
            "세대수":0,
            "입주년차":60,
            "용적률점수":"--",
            "건폐율점수":"--",
            "세대당주차수":80,
            "난방방식":100,
            "공급면적":"--",
            "전용률":"--",
            "욕실수":100,
            "현관타입":100,
            "주거총점":54.0,
            "지역구공급총점":0.0,
            "역세권":0,
            "30분내 이동가능 거점":0,
            "1시간내 이동가능 거점":30,
            "교통총점":6.0,
            "백화점":0,
            "아울렛몰":80,
            "대형마트":0,
            "은행":0,
            "병원":0,
            "종합병원":100,
            "공원":0,
            "혐오시설":0,
            "인프라총점":28.0,
            "초등학군":89.97,
            "중학군":45.42,
            "학군총점":54.33,
            "인구수":51.83,
            "인구증감":-5.22,
            "인구총점":34.715,
            "일자리":14.21,
            "소득수준":50.45,
            "일자리총점":25.082,
            "가치 총점":29.4495,
            "매매실거래년":20210525.0,
            "매매실거래가":141000.0,
            "전세실거래년":20190606.0,
            "전세실거래가":46000.0,
            "전세가율":40.0,
            "장기전세가율평균":66.04,
            "전세가율거품지수":26.04,
            "검색코드":101334,
            "세대수":125.0,
            "준공년월":"2010-06-14",
            "준공년차":13.0,
            "가까운역이름":"독바위",
            "가까운역거리":1037.77,
            "역세권여부":"비역세권",
            "30분이내주요거점역":0,
            "30분거점역이름":"[]",
            "1시간이내주요거점역":3,
            "1시간거점역이름":"['을지로입구', '을지로3가', '명동']",
            "3km이내백화점수":0,
            "5km이내아울렛몰수":1,
            "1km이내대형먀트수":0,
            "500m이내은행수":0,
            "500m이내병원수":0,
            "5km이내대형병원수":2,
            "500m이내공원수":0,
            "3km이내혐오시설수":0,
            "초등학교학업성취도":89.97,
            "중학교학업성취도":74.9,
            "용적률":134,
            "건폐율":15,
            "Y":37.627417,
            "X":126.936324,
            "rank":116.0,
            "area_info":"38평(127.16), 38평(127.2), 38평(128.83), 50평(167.41), 63평(210.5)",
            "last_sales":"2021-05-25,141000.0,50평(167.41)",
            "rank_history":[
                [
                    "202202",
                    116
                ],
                [
                    "202201",
                    110
                ]
            ],
            "rank_gap":-6
        },
        {
            "index":326,
            "아파트명":"이랜드타운",
            "투자타입":"일반",
            "전용면적(m2)":"76.21",
            "전용면적(평)":"23평",
            "법정동주소":"서울시 은평구 신사동 367",
            "도로명주소":"서울시 은평구 은평터널로 121-6",
            "세대수":0,
            "입주년차":40,
            "용적률점수":"--",
            "건폐율점수":"--",
            "세대당주차수":0,
            "난방방식":30,
            "공급면적":"--",
            "전용률":"--",
            "욕실수":100,
            "현관타입":100,
            "주거총점":31.0,
            "지역구공급총점":0.0,
            "역세권":50,
            "30분내 이동가능 거점":0,
            "1시간내 이동가능 거점":0,
            "교통총점":25.0,
            "백화점":0,
            "아울렛몰":0,
            "대형마트":0,
            "은행":0,
            "병원":0,
            "종합병원":100,
            "공원":100,
            "혐오시설":0,
            "인프라총점":23.0,
            "초등학군":89.99,
            "중학군":40.14,
            "학군총점":50.11,
            "인구수":51.83,
            "인구증감":-5.22,
            "인구총점":34.715,
            "일자리":14.21,
            "소득수준":50.45,
            "일자리총점":25.082,
            "가치 총점":29.3665,
            "매매실거래년":20210822.0,
            "매매실거래가":59800.0,
            "전세실거래년":20220122.0,
            "전세실거래가":25000.0,
            "전세가율":41.81,
            "장기전세가율평균":66.04,
            "전세가율거품지수":24.23,
            "검색코드":8826,
            "세대수":228.0,
            "준공년월":"2004-05-28",
            "준공년차":19.0,
            "가까운역이름":"새절",
            "가까운역거리":849.15,
            "역세권여부":"준역세권",
            "30분이내주요거점역":0,
            "30분거점역이름":"[]",
            "1시간이내주요거점역":0,
            "1시간거점역이름":"[]",
            "3km이내백화점수":0,
            "5km이내아울렛몰수":0,
            "1km이내대형먀트수":0,
            "500m이내은행수":0,
            "500m이내병원수":0,
            "5km이내대형병원수":4,
            "500m이내공원수":2,
            "3km이내혐오시설수":0,
            "초등학교학업성취도":89.99,
            "중학교학업성취도":66.3,
            "용적률":298,
            "건폐율":19,
            "Y":37.590522,
            "X":126.904024,
            "rank":117.0,
            "area_info":"23평(76.21), 31평(105.23), 32평(107.01)",
            "last_sales":"2021-08-22,59800.0,23평(76.21)",
            "rank_history":[
                [
                    "202202",
                    117
                ],
                [
                    "202201",
                    113
                ]
            ],
            "rank_gap":-4
        },
        {
            "index":68,
            "아파트명":"경향파크",
            "투자타입":"재건축",
            "전용면적(m2)":"107.72",
            "전용면적(평)":"32평",
            "법정동주소":"서울시 은평구 구산동 162-1",
            "도로명주소":"서울시 은평구 갈현로15길 53",
            "세대수":0,
            "입주년차":"--",
            "용적률점수":60,
            "건폐율점수":80,
            "세대당주차수":"--",
            "난방방식":"--",
            "공급면적":90,
            "전용률":60,
            "욕실수":"--",
            "현관타입":"--",
            "주거총점":47.5,
            "지역구공급총점":0.0,
            "역세권":0,
            "30분내 이동가능 거점":0,
            "1시간내 이동가능 거점":20,
            "교통총점":4.0,
            "백화점":0,
            "아울렛몰":100,
            "대형마트":0,
            "은행":0,
            "병원":0,
            "종합병원":100,
            "공원":100,
            "혐오시설":0,
            "인프라총점":33.0,
            "초등학군":89.98,
            "중학군":43.4,
            "학군총점":52.716,
            "인구수":51.83,
            "인구증감":-5.22,
            "인구총점":34.715,
            "일자리":14.21,
            "소득수준":50.45,
            "일자리총점":25.082,
            "가치 총점":28.7074,
            "매매실거래년":20211028.0,
            "매매실거래가":45000.0,
            "전세실거래년":20220112.0,
            "전세실거래가":41000.0,
            "전세가율":91.11,
            "장기전세가율평균":66.04,
            "전세가율거품지수":-25.07,
            "검색코드":776,
            "세대수":171.0,
            "준공년월":"1989-11-10",
            "준공년차":34.0,
            "가까운역이름":"구산",
            "가까운역거리":1023.07,
            "역세권여부":"비역세권",
            "30분이내주요거점역":0,
            "30분거점역이름":"[]",
            "1시간이내주요거점역":2,
            "1시간거점역이름":"['을지로입구', '명동']",
            "3km이내백화점수":0,
            "5km이내아울렛몰수":2,
            "1km이내대형먀트수":0,
            "500m이내은행수":1,
            "500m이내병원수":0,
            "5km이내대형병원수":3,
            "500m이내공원수":8,
            "3km이내혐오시설수":0,
            "초등학교학업성취도":89.98,
            "중학교학업성취도":71.6,
            "용적률":244,
            "건폐율":21,
            "Y":37.61078,
            "X":126.90568,
            "rank":118.0,
            "area_info":"32평(107.72), 32평(108.6), 44평(148.18), 47평(155.54)",
            "last_sales":"2021-10-28,45000.0,32평(107.72)",
            "rank_history":[
                [
                    "202202",
                    118
                ],
                [
                    "202201",
                    118
                ]
            ],
            "rank_gap":0
        },
        {
            "index":82,
            "아파트명":"은평서해그랑블",
            "투자타입":"일반",
            "전용면적(m2)":"61.77",
            "전용면적(평)":"18평",
            "법정동주소":"서울시 은평구 구산동 307-1",
            "도로명주소":"서울시 은평구 서오릉로 253",
            "세대수":0,
            "입주년차":100,
            "용적률점수":"--",
            "건폐율점수":"--",
            "세대당주차수":0,
            "난방방식":30,
            "공급면적":"--",
            "전용률":"--",
            "욕실수":50,
            "현관타입":100,
            "주거총점":38.0,
            "지역구공급총점":0.0,
            "역세권":0,
            "30분내 이동가능 거점":0,
            "1시간내 이동가능 거점":50,
            "교통총점":10.0,
            "백화점":0,
            "아울렛몰":100,
            "대형마트":0,
            "은행":0,
            "병원":0,
            "종합병원":100,
            "공원":100,
            "혐오시설":0,
            "인프라총점":33.0,
            "초등학군":90.0,
            "중학군":41.52,
            "학군총점":51.216,
            "인구수":51.83,
            "인구증감":-5.22,
            "인구총점":34.715,
            "일자리":14.21,
            "소득수준":50.45,
            "일자리총점":25.082,
            "가치 총점":28.6824,
            "매매실거래년":20211007.0,
            "매매실거래가":50000.0,
            "전세실거래년":20210901.0,
            "전세실거래가":40000.0,
            "전세가율":80.0,
            "장기전세가율평균":66.04,
            "전세가율거품지수":-13.96,
            "검색코드":125352,
            "세대수":146.0,
            "준공년월":"2021-05-01",
            "준공년차":2.0,
            "가까운역이름":"구산",
            "가까운역거리":1134.85,
            "역세권여부":"비역세권",
            "30분이내주요거점역":0,
            "30분거점역이름":"[]",
            "1시간이내주요거점역":5,
            "1시간거점역이름":"['강남', '을지로입구', '을지로3가', '명동', '대화']",
            "3km이내백화점수":0,
            "5km이내아울렛몰수":2,
            "1km이내대형먀트수":0,
            "500m이내은행수":1,
            "500m이내병원수":0,
            "5km이내대형병원수":3,
            "500m이내공원수":5,
            "3km이내혐오시설수":0,
            "초등학교학업성취도":90.0,
            "중학교학업성취도":68.8,
            "용적률":0,
            "건폐율":0,
            "Y":37.616831,
            "X":126.90638,
            "rank":119.0,
            "area_info":"18평(61.77), 24평(81.05), 24평(82.5), 29평(98.99)",
            "last_sales":"2021-10-07,50000.0,18평(61.77)",
            "rank_history":[
                [
                    "202202",
                    119
                ],
                [
                    "202201",
                    115
                ]
            ],
            "rank_gap":-4
        },
        {
            "index":72,
            "아파트명":"구산그린빌",
            "투자타입":"일반",
            "전용면적(m2)":"87.3",
            "전용면적(평)":"26평",
            "법정동주소":"서울시 은평구 구산동 226",
            "도로명주소":"서울시 은평구 갈현로7길 56",
            "세대수":0,
            "입주년차":60,
            "용적률점수":"--",
            "건폐율점수":"--",
            "세대당주차수":0,
            "난방방식":30,
            "공급면적":"--",
            "전용률":"--",
            "욕실수":100,
            "현관타입":100,
            "주거총점":35.0,
            "지역구공급총점":0.0,
            "역세권":0,
            "30분내 이동가능 거점":0,
            "1시간내 이동가능 거점":0,
            "교통총점":0.0,
            "백화점":0,
            "아울렛몰":100,
            "대형마트":80,
            "은행":0,
            "병원":0,
            "종합병원":100,
            "공원":100,
            "혐오시설":0,
            "인프라총점":45.0,
            "초등학군":89.98,
            "중학군":41.9,
            "학군총점":51.516,
            "인구수":51.83,
            "인구증감":-5.22,
            "인구총점":34.715,
            "일자리":14.21,
            "소득수준":50.45,
            "일자리총점":25.082,
            "가치 총점":28.2274,
            "매매실거래년":20211209.0,
            "매매실거래가":52500.0,
            "전세실거래년":20210625.0,
            "전세실거래가":34500.0,
            "전세가율":65.71,
            "장기전세가율평균":66.04,
            "전세가율거품지수":0.33,
            "검색코드":102308,
            "세대수":203.0,
            "준공년월":"2009-02-11",
            "준공년차":14.0,
            "가까운역이름":"응암",
            "가까운역거리":1269.71,
            "역세권여부":"비역세권",
            "30분이내주요거점역":0,
            "30분거점역이름":"[]",
            "1시간이내주요거점역":0,
            "1시간거점역이름":"[]",
            "3km이내백화점수":0,
            "5km이내아울렛몰수":2,
            "1km이내대형먀트수":1,
            "500m이내은행수":0,
            "500m이내병원수":0,
            "5km이내대형병원수":3,
            "500m이내공원수":3,
            "3km이내혐오시설수":0,
            "초등학교학업성취도":89.98,
            "중학교학업성취도":69.1,
            "용적률":151,
            "건폐율":18,
            "Y":37.605534,
            "X":126.904121,
            "rank":120.0,
            "area_info":"26평(87.3), 26평(87.78)",
            "last_sales":"2021-12-09,52500.0,26평(87.3)",
            "rank_history":[
                [
                    "202202",
                    120
                ],
                [
                    "202201",
                    119
                ]
            ],
            "rank_gap":-1
        },
        {
            "index":53,
            "아파트명":"e-편한세상2단지",
            "투자타입":"일반",
            "전용면적(m2)":"80.29",
            "전용면적(평)":"24평",
            "법정동주소":"서울시 은평구 구산동 546",
            "도로명주소":"서울시 은평구 서오릉로21길 48",
            "세대수":0,
            "입주년차":40,
            "용적률점수":"--",
            "건폐율점수":"--",
            "세대당주차수":60,
            "난방방식":30,
            "공급면적":"--",
            "전용률":"--",
            "욕실수":100,
            "현관타입":100,
            "주거총점":40.0,
            "지역구공급총점":0.0,
            "역세권":0,
            "30분내 이동가능 거점":0,
            "1시간내 이동가능 거점":30,
            "교통총점":6.0,
            "백화점":0,
            "아울렛몰":100,
            "대형마트":0,
            "은행":0,
            "병원":0,
            "종합병원":100,
            "공원":100,
            "혐오시설":0,
            "인프라총점":33.0,
            "초등학군":89.98,
            "중학군":43.4,
            "학군총점":52.716,
            "인구수":51.83,
            "인구증감":-5.22,
            "인구총점":34.715,
            "일자리":14.21,
            "소득수준":50.45,
            "일자리총점":25.082,
            "가치 총점":27.9074,
            "매매실거래년":20211113.0,
            "매매실거래가":69300.0,
            "전세실거래년":20160316.0,
            "전세실거래가":15000.0,
            "전세가율":25.0,
            "장기전세가율평균":66.04,
            "전세가율거품지수":41.04,
            "검색코드":9185,
            "세대수":122.0,
            "준공년월":"2004-10-11",
            "준공년차":19.0,
            "가까운역이름":"구산",
            "가까운역거리":1056.88,
            "역세권여부":"비역세권",
            "30분이내주요거점역":0,
            "30분거점역이름":"[]",
            "1시간이내주요거점역":3,
            "1시간거점역이름":"['을지로입구', '명동', '대화']",
            "3km이내백화점수":0,
            "5km이내아울렛몰수":2,
            "1km이내대형먀트수":0,
            "500m이내은행수":1,
            "500m이내병원수":0,
            "5km이내대형병원수":3,
            "500m이내공원수":8,
            "3km이내혐오시설수":0,
            "초등학교학업성취도":89.98,
            "중학교학업성취도":71.6,
            "용적률":237,
            "건폐율":23,
            "Y":37.612176,
            "X":126.905314,
            "rank":121.0,
            "area_info":"24평(80.29), 32평(107.57), 40평(133.19), 46평(152.86)",
            "last_sales":"2021-11-13,69300.0,32평(107.57)",
            "rank_history":[
                [
                    "202202",
                    121
                ],
                [
                    "202201",
                    120
                ]
            ],
            "rank_gap":-1
        },
        {
            "index":725,
            "아파트명":"은평뉴타운상림3단지아이파크",
            "투자타입":"일반",
            "전용면적(m2)":"80.97",
            "전용면적(평)":"24평",
            "법정동주소":"서울시 은평구 진관동 13",
            "도로명주소":"서울시 은평구 진관4로 47",
            "세대수":0,
            "입주년차":40,
            "용적률점수":"--",
            "건폐율점수":"--",
            "세대당주차수":60,
            "난방방식":100,
            "공급면적":"--",
            "전용률":"--",
            "욕실수":100,
            "현관타입":100,
            "주거총점":47.0,
            "지역구공급총점":0.0,
            "역세권":0,
            "30분내 이동가능 거점":0,
            "1시간내 이동가능 거점":0,
            "교통총점":0.0,
            "백화점":0,
            "아울렛몰":80,
            "대형마트":0,
            "은행":0,
            "병원":0,
            "종합병원":100,
            "공원":100,
            "혐오시설":0,
            "인프라총점":31.0,
            "초등학군":90.01,
            "중학군":51.3,
            "학군총점":59.042,
            "인구수":51.83,
            "인구증감":-5.22,
            "인구총점":34.715,
            "일자리":14.21,
            "소득수준":50.45,
            "일자리총점":25.082,
            "가치 총점":27.5563,
            "매매실거래년":20200912.0,
            "매매실거래가":88000.0,
            "전세실거래년":20211216.0,
            "전세실거래가":12754.0,
            "전세가율":19.93,
            "장기전세가율평균":66.04,
            "전세가율거품지수":46.11,
            "검색코드":26289,
            "세대수":255.0,
            "준공년월":"2008-05-14",
            "준공년차":15.0,
            "가까운역이름":"지축",
            "가까운역거리":1107.6,
            "역세권여부":"비역세권",
            "30분이내주요거점역":0,
            "30분거점역이름":"[]",
            "1시간이내주요거점역":0,
            "1시간거점역이름":"[]",
            "3km이내백화점수":0,
            "5km이내아울렛몰수":1,
            "1km이내대형먀트수":0,
            "500m이내은행수":1,
            "500m이내병원수":0,
            "5km이내대형병원수":2,
            "500m이내공원수":3,
            "3km이내혐오시설수":0,
            "초등학교학업성취도":90.01,
            "중학교학업성취도":84.1,
            "용적률":170,
            "건폐율":28,
            "Y":37.646239,
            "X":126.926322,
            "rank":122.0,
            "area_info":"24평(80.97), 24평(81.61), 34평(112.81), 34평(113.71), 34평(114.7), 34평(114.26), 34평(114.67), 34평(114.67), 34평(115.19), 34평(115.13), 34평(115.21), 38평(128.65), 42평(140.28), 42평(140.87), 42평(141.07), 42평(141.33), 42평(141.0), 42평(142.07), 45평(151.96), 53평(178.29), 54평(179.67), 67평(222.91), 68평(225.82), 68평(226.65), 68평(226.69)",
            "last_sales":"2020-09-12,88000.0,42평(141.07)",
            "rank_history":[
                [
                    "202202",
                    122
                ],
                [
                    "202201",
                    121
                ]
            ],
            "rank_gap":-1
        },
        {
            "index":630,
            "아파트명":"은평뉴타운상림10단지아이파크",
            "투자타입":"일반",
            "전용면적(m2)":"108.79",
            "전용면적(평)":"32평",
            "법정동주소":"서울시 은평구 진관동 12",
            "도로명주소":"서울시 은평구 진관4로 48-17",
            "세대수":0,
            "입주년차":40,
            "용적률점수":"--",
            "건폐율점수":"--",
            "세대당주차수":60,
            "난방방식":100,
            "공급면적":"--",
            "전용률":"--",
            "욕실수":100,
            "현관타입":100,
            "주거총점":47.0,
            "지역구공급총점":0.0,
            "역세권":0,
            "30분내 이동가능 거점":0,
            "1시간내 이동가능 거점":0,
            "교통총점":0.0,
            "백화점":0,
            "아울렛몰":80,
            "대형마트":0,
            "은행":0,
            "병원":0,
            "종합병원":100,
            "공원":100,
            "혐오시설":0,
            "인프라총점":31.0,
            "초등학군":90.01,
            "중학군":51.3,
            "학군총점":59.042,
            "인구수":51.83,
            "인구증감":-5.22,
            "인구총점":34.715,
            "일자리":14.21,
            "소득수준":50.45,
            "일자리총점":25.082,
            "가치 총점":27.5563,
            "매매실거래년":20201121.0,
            "매매실거래가":138000.0,
            "전세실거래년":20210704.0,
            "전세실거래가":60000.0,
            "전세가율":93.02,
            "장기전세가율평균":66.04,
            "전세가율거품지수":-26.98,
            "검색코드":26295,
            "세대수":230.0,
            "준공년월":"2008-05-14",
            "준공년차":15.0,
            "가까운역이름":"구파발",
            "가까운역거리":1232.22,
            "역세권여부":"비역세권",
            "30분이내주요거점역":0,
            "30분거점역이름":"[]",
            "1시간이내주요거점역":0,
            "1시간거점역이름":"[]",
            "3km이내백화점수":0,
            "5km이내아울렛몰수":1,
            "1km이내대형먀트수":0,
            "500m이내은행수":1,
            "500m이내병원수":0,
            "5km이내대형병원수":2,
            "500m이내공원수":3,
            "3km이내혐오시설수":0,
            "초등학교학업성취도":90.01,
            "중학교학업성취도":84.1,
            "용적률":147,
            "건폐율":30,
            "Y":37.64511,
            "X":126.928026,
            "rank":122.0,
            "area_info":"32평(108.79), 33평(109.2), 33평(110.7), 33평(111.17), 33평(111.18), 41평(135.55), 40평(135.47), 41평(136.24), 41평(136.5), 41평(137.24), 42평(140.3), 52평(173.81), 54평(179.18), 54평(179.44), 66평(219.38), 66평(221.22)",
            "last_sales":"2020-11-21,138000.0,66평(221.22)",
            "rank_history":[
                [
                    "202202",
                    122
                ],
                [
                    "202201",
                    121
                ]
            ],
            "rank_gap":-1
        },
        {
            "index":306,
            "아파트명":"씨티",
            "투자타입":"일반",
            "전용면적(m2)":"63.34",
            "전용면적(평)":"19평",
            "법정동주소":"서울시 은평구 신사동 297",
            "도로명주소":"서울시 은평구 가좌로 391",
            "세대수":0,
            "입주년차":0,
            "용적률점수":"--",
            "건폐율점수":"--",
            "세대당주차수":0,
            "난방방식":30,
            "공급면적":"--",
            "전용률":"--",
            "욕실수":50,
            "현관타입":100,
            "주거총점":18.0,
            "지역구공급총점":0.0,
            "역세권":0,
            "30분내 이동가능 거점":0,
            "1시간내 이동가능 거점":30,
            "교통총점":6.0,
            "백화점":0,
            "아울렛몰":100,
            "대형마트":80,
            "은행":0,
            "병원":0,
            "종합병원":100,
            "공원":100,
            "혐오시설":0,
            "인프라총점":45.0,
            "초등학군":89.97,
            "중학군":41.9,
            "학군총점":51.514,
            "인구수":51.83,
            "인구증감":-5.22,
            "인구총점":34.715,
            "일자리":14.21,
            "소득수준":50.45,
            "일자리총점":25.082,
            "가치 총점":26.9271,
            "매매실거래년":20211122.0,
            "매매실거래가":60000.0,
            "전세실거래년":20210909.0,
            "전세실거래가":21000.0,
            "전세가율":66.67,
            "장기전세가율평균":66.04,
            "전세가율거품지수":-0.63,
            "검색코드":786,
            "세대수":290.0,
            "준공년월":"1993-11-19",
            "준공년차":30.0,
            "가까운역이름":"응암",
            "가까운역거리":1067.45,
            "역세권여부":"비역세권",
            "30분이내주요거점역":0,
            "30분거점역이름":"[]",
            "1시간이내주요거점역":3,
            "1시간거점역이름":"['을지로입구', '홍대입구', '명동']",
            "3km이내백화점수":0,
            "5km이내아울렛몰수":2,
            "1km이내대형먀트수":1,
            "500m이내은행수":0,
            "500m이내병원수":0,
            "5km이내대형병원수":3,
            "500m이내공원수":2,
            "3km이내혐오시설수":0,
            "초등학교학업성취도":89.97,
            "중학교학업성취도":69.1,
            "용적률":496,
            "건폐율":0,
            "Y":37.600448,
            "X":126.903686,
            "rank":123.0,
            "area_info":"19평(63.34), 22평(73.94), 23평(76.32), 31평(105.27)",
            "last_sales":"2021-11-22,60000.0,31평(105.27)",
            "rank_history":[
                [
                    "202202",
                    123
                ],
                [
                    "202201",
                    124
                ]
            ],
            "rank_gap":1
        },
        {
            "index":60,
            "아파트명":"갈현현대",
            "투자타입":"일반",
            "전용면적(m2)":"73.58",
            "전용면적(평)":"22평",
            "법정동주소":"서울시 은평구 구산동 382",
            "도로명주소":"서울시 은평구 서오릉로21길 36",
            "세대수":30,
            "입주년차":0,
            "용적률점수":"--",
            "건폐율점수":"--",
            "세대당주차수":30,
            "난방방식":30,
            "공급면적":"--",
            "전용률":"--",
            "욕실수":50,
            "현관타입":100,
            "주거총점":33.0,
            "지역구공급총점":0.0,
            "역세권":0,
            "30분내 이동가능 거점":0,
            "1시간내 이동가능 거점":30,
            "교통총점":6.0,
            "백화점":0,
            "아울렛몰":100,
            "대형마트":0,
            "은행":0,
            "병원":0,
            "종합병원":100,
            "공원":100,
            "혐오시설":0,
            "인프라총점":33.0,
            "초등학군":90.0,
            "중학군":43.4,
            "학군총점":52.72,
            "인구수":51.83,
            "인구증감":-5.22,
            "인구총점":34.715,
            "일자리":14.21,
            "소득수준":50.45,
            "일자리총점":25.082,
            "가치 총점":26.508,
            "매매실거래년":20210719.0,
            "매매실거래가":75500.0,
            "전세실거래년":20200522.0,
            "전세실거래가":20000.0,
            "전세가율":69.57,
            "장기전세가율평균":66.04,
            "전세가율거품지수":-3.53,
            "검색코드":1231,
            "세대수":366.0,
            "준공년월":"1998-11-28",
            "준공년차":25.0,
            "가까운역이름":"구산",
            "가까운역거리":1018.55,
            "역세권여부":"비역세권",
            "30분이내주요거점역":0,
            "30분거점역이름":"[]",
            "1시간이내주요거점역":3,
            "1시간거점역이름":"['을지로입구', '명동', '대화']",
            "3km이내백화점수":0,
            "5km이내아울렛몰수":2,
            "1km이내대형먀트수":0,
            "500m이내은행수":1,
            "500m이내병원수":0,
            "5km이내대형병원수":3,
            "500m이내공원수":8,
            "3km이내혐오시설수":0,
            "초등학교학업성취도":90.0,
            "중학교학업성취도":71.6,
            "용적률":306,
            "건폐율":23,
            "Y":37.612911,
            "X":126.90587,
            "rank":124.0,
            "area_info":"22평(73.58), 25평(82.99), 32평(108.6), 42평(141.23)",
            "last_sales":"2021-07-19,75500.0,42평(141.23)",
            "rank_history":[
                [
                    "202202",
                    124
                ],
                [
                    "202201",
                    122
                ]
            ],
            "rank_gap":-2
        },
        {
            "index":646,
            "아파트명":"은평뉴타운상림11단지아이파크",
            "투자타입":"일반",
            "전용면적(m2)":"106.19",
            "전용면적(평)":"32평",
            "법정동주소":"서울시 은평구 진관동 15",
            "도로명주소":"서울시 은평구 진관4로 48-8",
            "세대수":0,
            "입주년차":40,
            "용적률점수":"--",
            "건폐율점수":"--",
            "세대당주차수":30,
            "난방방식":100,
            "공급면적":"--",
            "전용률":"--",
            "욕실수":100,
            "현관타입":100,
            "주거총점":42.5,
            "지역구공급총점":0.0,
            "역세권":0,
            "30분내 이동가능 거점":0,
            "1시간내 이동가능 거점":0,
            "교통총점":0.0,
            "백화점":0,
            "아울렛몰":80,
            "대형마트":0,
            "은행":0,
            "병원":0,
            "종합병원":100,
            "공원":80,
            "혐오시설":0,
            "인프라총점":30.4,
            "초등학군":90.01,
            "중학군":51.3,
            "학군총점":59.042,
            "인구수":51.83,
            "인구증감":-5.22,
            "인구총점":34.715,
            "일자리":14.21,
            "소득수준":50.45,
            "일자리총점":25.082,
            "가치 총점":26.4763,
            "매매실거래년":20210102.0,
            "매매실거래가":94000.0,
            "전세실거래년":20211126.0,
            "전세실거래가":44000.0,
            "전세가율":62.86,
            "장기전세가율평균":66.04,
            "전세가율거품지수":3.18,
            "검색코드":26296,
            "세대수":187.0,
            "준공년월":"2008-05-14",
            "준공년차":15.0,
            "가까운역이름":"구파발",
            "가까운역거리":1093.7,
            "역세권여부":"비역세권",
            "30분이내주요거점역":0,
            "30분거점역이름":"[]",
            "1시간이내주요거점역":0,
            "1시간거점역이름":"[]",
            "3km이내백화점수":0,
            "5km이내아울렛몰수":1,
            "1km이내대형먀트수":0,
            "500m이내은행수":1,
            "500m이내병원수":0,
            "5km이내대형병원수":2,
            "500m이내공원수":1,
            "3km이내혐오시설수":0,
            "초등학교학업성취도":90.01,
            "중학교학업성취도":84.1,
            "용적률":151,
            "건폐율":23,
            "Y":37.644253,
            "X":126.926872,
            "rank":125.0,
            "area_info":"32평(106.19), 34평(115.19), 39평(131.41), 40평(133.11), 41평(136.14), 53평(175.65)",
            "last_sales":"2021-01-02,94000.0,41평(136.14)",
            "rank_history":[
                [
                    "202202",
                    125
                ],
                [
                    "202201",
                    125
                ]
            ],
            "rank_gap":0
        },
        {
            "index":35,
            "아파트명":"코오롱하늘채",
            "투자타입":"일반",
            "전용면적(m2)":"80.75",
            "전용면적(평)":"24평",
            "법정동주소":"서울시 은평구 갈현동 545",
            "도로명주소":"서울시 은평구 갈현로29길 62",
            "세대수":0,
            "입주년차":20,
            "용적률점수":"--",
            "건폐율점수":"--",
            "세대당주차수":30,
            "난방방식":30,
            "공급면적":"--",
            "전용률":"--",
            "욕실수":100,
            "현관타입":100,
            "주거총점":31.5,
            "지역구공급총점":0.0,
            "역세권":0,
            "30분내 이동가능 거점":0,
            "1시간내 이동가능 거점":20,
            "교통총점":4.0,
            "백화점":0,
            "아울렛몰":100,
            "대형마트":0,
            "은행":0,
            "병원":0,
            "종합병원":100,
            "공원":100,
            "혐오시설":0,
            "인프라총점":33.0,
            "초등학군":90.0,
            "중학군":46.84,
            "학군총점":55.472,
            "인구수":51.83,
            "인구증감":-5.22,
            "인구총점":34.715,
            "일자리":14.21,
            "소득수준":50.45,
            "일자리총점":25.082,
            "가치 총점":25.9208,
            "매매실거래년":20210728.0,
            "매매실거래가":69000.0,
            "전세실거래년":20141106.0,
            "전세실거래가":19000.0,
            "전세가율":27.54,
            "장기전세가율평균":66.04,
            "전세가율거품지수":38.5,
            "검색코드":9188,
            "세대수":191.0,
            "준공년월":"2003-09-23",
            "준공년차":20.0,
            "가까운역이름":"연신내",
            "가까운역거리":1003.71,
            "역세권여부":"비역세권",
            "30분이내주요거점역":0,
            "30분거점역이름":"[]",
            "1시간이내주요거점역":2,
            "1시간거점역이름":"['을지로입구', '명동']",
            "3km이내백화점수":0,
            "5km이내아울렛몰수":2,
            "1km이내대형먀트수":0,
            "500m이내은행수":0,
            "500m이내병원수":0,
            "5km이내대형병원수":2,
            "500m이내공원수":2,
            "3km이내혐오시설수":0,
            "초등학교학업성취도":90.0,
            "중학교학업성취도":77.2,
            "용적률":262,
            "건폐율":25,
            "Y":37.623248,
            "X":126.910952,
            "rank":126.0,
            "area_info":"24평(80.75), 31평(105.48), 32평(106.06), 43평(144.51)",
            "last_sales":"2021-07-28,69000.0,24평(80.75)",
            "rank_history":[
                [
                    "202202",
                    126
                ],
                [
                    "202201",
                    127
                ]
            ],
            "rank_gap":1
        },
        {
            "index":22,
            "아파트명":"우남",
            "투자타입":"일반",
            "전용면적(m2)":"77.0",
            "전용면적(평)":"23평",
            "법정동주소":"서울시 은평구 갈현동 540",
            "도로명주소":"서울시 은평구 서오릉로 258",
            "세대수":0,
            "입주년차":0,
            "용적률점수":"--",
            "건폐율점수":"--",
            "세대당주차수":30,
            "난방방식":30,
            "공급면적":"--",
            "전용률":"--",
            "욕실수":50,
            "현관타입":10,
            "주거총점":13.5,
            "지역구공급총점":0.0,
            "역세권":0,
            "30분내 이동가능 거점":0,
            "1시간내 이동가능 거점":50,
            "교통총점":10.0,
            "백화점":0,
            "아울렛몰":100,
            "대형마트":0,
            "은행":0,
            "병원":0,
            "종합병원":100,
            "공원":100,
            "혐오시설":0,
            "인프라총점":33.0,
            "초등학군":90.0,
            "중학군":41.52,
            "학군총점":51.216,
            "인구수":51.83,
            "인구증감":-5.22,
            "인구총점":34.715,
            "일자리":14.21,
            "소득수준":50.45,
            "일자리총점":25.082,
            "가치 총점":23.7824,
            "매매실거래년":20210408.0,
            "매매실거래가":54000.0,
            "전세실거래년":20201112.0,
            "전세실거래가":26000.0,
            "전세가율":61.9,
            "장기전세가율평균":66.04,
            "전세가율거품지수":4.14,
            "검색코드":3816,
            "세대수":109.0,
            "준공년월":"1998-07-20",
            "준공년차":25.0,
            "가까운역이름":"구산",
            "가까운역거리":1173.97,
            "역세권여부":"비역세권",
            "30분이내주요거점역":0,
            "30분거점역이름":"[]",
            "1시간이내주요거점역":5,
            "1시간거점역이름":"['강남', '을지로입구', '을지로3가', '명동', '대화']",
            "3km이내백화점수":0,
            "5km이내아울렛몰수":2,
            "1km이내대형먀트수":0,
            "500m이내은행수":0,
            "500m이내병원수":0,
            "5km이내대형병원수":3,
            "500m이내공원수":5,
            "3km이내혐오시설수":0,
            "초등학교학업성취도":90.0,
            "중학교학업성취도":68.8,
            "용적률":235,
            "건폐율":23,
            "Y":37.6179,
            "X":126.90679,
            "rank":127.0,
            "area_info":"23평(77.0), 29평(98.48), 33평(109.12), 44평(147.8)",
            "last_sales":"2021-04-08,54000.0,33평(109.12)",
            "rank_history":[
                [
                    "202202",
                    127
                ],
                [
                    "202201",
                    128
                ]
            ],
            "rank_gap":1
        }
    ]
}