{
    "schema":{
        "fields":[
            {
                "name":"index",
                "type":"integer"
            },
            {
                "name":"아파트명",
                "type":"string"
            },
            {
                "name":"투자타입",
                "type":"string"
            },
            {
                "name":"전용면적(m2)",
                "type":"string"
            },
            {
                "name":"전용면적(평)",
                "type":"string"
            },
            {
                "name":"법정동주소",
                "type":"string"
            },
            {
                "name":"도로명주소",
                "type":"string"
            },
            {
                "name":"세대수",
                "type":"integer"
            },
            {
                "name":"입주년차",
                "type":"string"
            },
            {
                "name":"용적률점수",
                "type":"string"
            },
            {
                "name":"건폐율점수",
                "type":"string"
            },
            {
                "name":"세대당주차수",
                "type":"string"
            },
            {
                "name":"난방방식",
                "type":"string"
            },
            {
                "name":"공급면적",
                "type":"string"
            },
            {
                "name":"전용률",
                "type":"string"
            },
            {
                "name":"욕실수",
                "type":"string"
            },
            {
                "name":"현관타입",
                "type":"string"
            },
            {
                "name":"주거총점",
                "type":"number"
            },
            {
                "name":"지역구공급총점",
                "type":"number"
            },
            {
                "name":"역세권",
                "type":"integer"
            },
            {
                "name":"30분내 이동가능 거점",
                "type":"integer"
            },
            {
                "name":"1시간내 이동가능 거점",
                "type":"integer"
            },
            {
                "name":"교통총점",
                "type":"number"
            },
            {
                "name":"백화점",
                "type":"integer"
            },
            {
                "name":"아울렛몰",
                "type":"integer"
            },
            {
                "name":"대형마트",
                "type":"integer"
            },
            {
                "name":"은행",
                "type":"integer"
            },
            {
                "name":"병원",
                "type":"integer"
            },
            {
                "name":"종합병원",
                "type":"integer"
            },
            {
                "name":"공원",
                "type":"integer"
            },
            {
                "name":"혐오시설",
                "type":"integer"
            },
            {
                "name":"인프라총점",
                "type":"number"
            },
            {
                "name":"초등학군",
                "type":"number"
            },
            {
                "name":"중학군",
                "type":"number"
            },
            {
                "name":"학군총점",
                "type":"number"
            },
            {
                "name":"인구수",
                "type":"number"
            },
            {
                "name":"인구증감",
                "type":"number"
            },
            {
                "name":"인구총점",
                "type":"number"
            },
            {
                "name":"일자리",
                "type":"number"
            },
            {
                "name":"소득수준",
                "type":"number"
            },
            {
                "name":"일자리총점",
                "type":"number"
            },
            {
                "name":"가치 총점",
                "type":"number"
            },
            {
                "name":"매매실거래년",
                "type":"string"
            },
            {
                "name":"매매실거래가",
                "type":"number"
            },
            {
                "name":"전세실거래년",
                "type":"number"
            },
            {
                "name":"전세실거래가",
                "type":"number"
            },
            {
                "name":"전세가율",
                "type":"number"
            },
            {
                "name":"장기전세가율평균",
                "type":"number"
            },
            {
                "name":"전세가율거품지수",
                "type":"number"
            },
            {
                "name":"검색코드",
                "type":"integer"
            },
            {
                "name":"세대수",
                "type":"number"
            },
            {
                "name":"준공년월",
                "type":"string"
            },
            {
                "name":"준공년차",
                "type":"number"
            },
            {
                "name":"가까운역이름",
                "type":"string"
            },
            {
                "name":"가까운역거리",
                "type":"number"
            },
            {
                "name":"역세권여부",
                "type":"string"
            },
            {
                "name":"30분이내주요거점역",
                "type":"integer"
            },
            {
                "name":"30분거점역이름",
                "type":"string"
            },
            {
                "name":"1시간이내주요거점역",
                "type":"integer"
            },
            {
                "name":"1시간거점역이름",
                "type":"string"
            },
            {
                "name":"3km이내백화점수",
                "type":"integer"
            },
            {
                "name":"5km이내아울렛몰수",
                "type":"integer"
            },
            {
                "name":"1km이내대형먀트수",
                "type":"integer"
            },
            {
                "name":"500m이내은행수",
                "type":"integer"
            },
            {
                "name":"500m이내병원수",
                "type":"integer"
            },
            {
                "name":"5km이내대형병원수",
                "type":"integer"
            },
            {
                "name":"500m이내공원수",
                "type":"integer"
            },
            {
                "name":"3km이내혐오시설수",
                "type":"integer"
            },
            {
                "name":"초등학교학업성취도",
                "type":"number"
            },
            {
                "name":"중학교학업성취도",
                "type":"number"
            },
            {
                "name":"용적률",
                "type":"integer"
            },
            {
                "name":"건폐율",
                "type":"integer"
            },
            {
                "name":"Y",
                "type":"number"
            },
            {
                "name":"X",
                "type":"number"
            },
            {
                "name":"rank",
                "type":"number"
            },
            {
                "name":"area_info",
                "type":"string"
            },
            {
                "name":"last_sales",
                "type":"string"
            },
            {
                "name":"rank_history",
                "type":"string"
            },
            {
                "name":"rank_gap",
                "type":"integer"
            }
        ],
        "primaryKey":[
            "index"
        ],
        "pandas_version":"1.4.0"
    },
    "data":[
        {
            "index":341,
            "아파트명":"국제금융시티문현베스티움",
            "투자타입":"일반",
            "전용면적(m2)":"60.07",
            "전용면적(평)":"18평",
            "법정동주소":"부산시 남구 문현동 1234",
            "도로명주소":"부산시 남구 고동골로 29",
            "세대수":80,
            "입주년차":100,
            "용적률점수":"--",
            "건폐율점수":"--",
            "세대당주차수":30,
            "난방방식":30,
            "공급면적":"--",
            "전용률":"--",
            "욕실수":50,
            "현관타입":100,
            "주거총점":70.5,
            "지역구공급총점":0.0,
            "역세권":80,
            "30분내 이동가능 거점":0,
            "1시간내 이동가능 거점":10,
            "교통총점":42.0,
            "백화점":100,
            "아울렛몰":0,
            "대형마트":100,
            "은행":20,
            "병원":0,
            "종합병원":100,
            "공원":100,
            "혐오시설":0,
            "인프라총점":70.0,
            "초등학군":90.0,
            "중학군":52.34,
            "학군총점":59.872,
            "인구수":27.8,
            "인구증감":-9.78,
            "인구총점":16.526,
            "일자리":11.26,
            "소득수준":67.68,
            "일자리총점":28.186,
            "가치 총점":62.8866,
            "매매실거래년":20220118.0,
            "매매실거래가":21500.0,
            "전세실거래년":20210525.0,
            "전세실거래가":16000.0,
            "전세가율":74.42,
            "장기전세가율평균":70.72,
            "전세가율거품지수":-3.7,
            "검색코드":112774,
            "세대수":743.0,
            "준공년월":"2019-04-19",
            "준공년차":4.0,
            "가까운역이름":"문현",
            "가까운역거리":273.09,
            "역세권여부":"역세권",
            "30분이내주요거점역":0,
            "30분거점역이름":"[]",
            "1시간이내주요거점역":1,
            "1시간거점역이름":"['하단']",
            "3km이내백화점수":2,
            "5km이내아울렛몰수":0,
            "1km이내대형먀트수":2,
            "500m이내은행수":2,
            "500m이내병원수":0,
            "5km이내대형병원수":11,
            "500m이내공원수":4,
            "3km이내혐오시설수":0,
            "초등학교학업성취도":90.0,
            "중학교학업성취도":85.5,
            "용적률":285,
            "건폐율":20,
            "Y":35.139924,
            "X":129.070198,
            "rank":1.0,
            "area_info":"18평(60.07), 24평(82.25), 24평(82.09), 34평(115.56), 34평(115.67)",
            "last_sales":"2022-01-18,21500.0,18평(60.07)",
            "rank_history":[
                [
                    "202202",
                    1
                ],
                [
                    "202201",
                    1
                ]
            ],
            "rank_gap":0
        },
        {
            "index":142,
            "아파트명":"대연롯데캐슬레전드",
            "투자타입":"일반",
            "전용면적(m2)":"58.3",
            "전용면적(평)":"17평",
            "법정동주소":"부산시 남구 대연동 1872",
            "도로명주소":"부산시 남구 수영로 135",
            "세대수":100,
            "입주년차":80,
            "용적률점수":"--",
            "건폐율점수":"--",
            "세대당주차수":30,
            "난방방식":30,
            "공급면적":"--",
            "전용률":"--",
            "욕실수":50,
            "현관타입":100,
            "주거총점":73.5,
            "지역구공급총점":0.0,
            "역세권":80,
            "30분내 이동가능 거점":0,
            "1시간내 이동가능 거점":10,
            "교통총점":42.0,
            "백화점":100,
            "아울렛몰":0,
            "대형마트":80,
            "은행":0,
            "병원":0,
            "종합병원":100,
            "공원":100,
            "혐오시설":0,
            "인프라총점":65.0,
            "초등학군":89.99,
            "중학군":51.36,
            "학군총점":59.086,
            "인구수":27.8,
            "인구증감":-9.78,
            "인구총점":16.526,
            "일자리":11.26,
            "소득수준":67.68,
            "일자리총점":28.186,
            "가치 총점":61.9008,
            "매매실거래년":20211202.0,
            "매매실거래가":96000.0,
            "전세실거래년":20211217.0,
            "전세실거래가":21000.0,
            "전세가율":70.0,
            "장기전세가율평균":70.72,
            "전세가율거품지수":0.72,
            "검색코드":109359,
            "세대수":3149.0,
            "준공년월":"2018-02-27",
            "준공년차":5.0,
            "가까운역이름":"못골",
            "가까운역거리":346.66,
            "역세권여부":"역세권",
            "30분이내주요거점역":0,
            "30분거점역이름":"[]",
            "1시간이내주요거점역":1,
            "1시간거점역이름":"['하단']",
            "3km이내백화점수":1,
            "5km이내아울렛몰수":0,
            "1km이내대형먀트수":1,
            "500m이내은행수":0,
            "500m이내병원수":0,
            "5km이내대형병원수":9,
            "500m이내공원수":2,
            "3km이내혐오시설수":0,
            "초등학교학업성취도":89.99,
            "중학교학업성취도":84.4,
            "용적률":271,
            "건폐율":16,
            "Y":35.136369,
            "X":129.081142,
            "rank":2.0,
            "area_info":"17평(58.3), 22평(74.42), 25평(83.93), 25평(84.06), 25평(84.21), 25평(85.05), 33평(110.14), 33평(110.1), 33평(111.64), 33평(112.23), 34평(113.79), 34평(113.6), 39평(130.63), 39평(131.62), 46평(153.21), 46평(154.72)",
            "last_sales":"2021-12-02,96000.0,34평(113.79)",
            "rank_history":[
                [
                    "202202",
                    2
                ],
                [
                    "202201",
                    3
                ]
            ],
            "rank_gap":1
        },
        {
            "index":401,
            "아파트명":"문현삼성",
            "투자타입":"일반",
            "전용면적(m2)":"80.0",
            "전용면적(평)":"24평",
            "법정동주소":"부산시 남구 문현동 395",
            "도로명주소":"부산시 남구 전포대로20번길 15",
            "세대수":90,
            "입주년차":20,
            "용적률점수":"--",
            "건폐율점수":"--",
            "세대당주차수":60,
            "난방방식":30,
            "공급면적":"--",
            "전용률":"--",
            "욕실수":50,
            "현관타입":100,
            "주거총점":62.5,
            "지역구공급총점":0.0,
            "역세권":80,
            "30분내 이동가능 거점":0,
            "1시간내 이동가능 거점":10,
            "교통총점":42.0,
            "백화점":100,
            "아울렛몰":0,
            "대형마트":100,
            "은행":20,
            "병원":0,
            "종합병원":100,
            "공원":100,
            "혐오시설":0,
            "인프라총점":70.0,
            "초등학군":90.0,
            "중학군":52.34,
            "학군총점":59.872,
            "인구수":27.8,
            "인구증감":-9.78,
            "인구총점":16.526,
            "일자리":11.26,
            "소득수준":67.68,
            "일자리총점":28.186,
            "가치 총점":60.8866,
            "매매실거래년":20220117.0,
            "매매실거래가":41500.0,
            "전세실거래년":20220116.0,
            "전세실거래가":31000.0,
            "전세가율":74.7,
            "장기전세가율평균":70.72,
            "전세가율거품지수":-3.98,
            "검색코드":4577,
            "세대수":916.0,
            "준공년월":"2001-05-18",
            "준공년차":22.0,
            "가까운역이름":"문현",
            "가까운역거리":184.07,
            "역세권여부":"역세권",
            "30분이내주요거점역":0,
            "30분거점역이름":"[]",
            "1시간이내주요거점역":1,
            "1시간거점역이름":"['하단']",
            "3km이내백화점수":2,
            "5km이내아울렛몰수":0,
            "1km이내대형먀트수":2,
            "500m이내은행수":2,
            "500m이내병원수":0,
            "5km이내대형병원수":11,
            "500m이내공원수":4,
            "3km이내혐오시설수":0,
            "초등학교학업성취도":90.0,
            "중학교학업성취도":85.5,
            "용적률":306,
            "건폐율":18,
            "Y":35.139602,
            "X":129.0693,
            "rank":3.0,
            "area_info":"24평(80.0), 33평(110.37), 42평(139.29), 55평(184.75), 70평(231.58)",
            "last_sales":"2022-01-17,41500.0,24평(80.0)",
            "rank_history":[
                [
                    "202202",
                    3
                ],
                [
                    "202201",
                    4
                ]
            ],
            "rank_gap":1
        },
        {
            "index":384,
            "아파트명":"문현경동리인1단지",
            "투자타입":"일반",
            "전용면적(m2)":"92.29",
            "전용면적(평)":"27평",
            "법정동주소":"부산시 남구 문현동 1244",
            "도로명주소":"부산시 남구 문현로 36-1",
            "세대수":50,
            "입주년차":100,
            "용적률점수":"--",
            "건폐율점수":"--",
            "세대당주차수":60,
            "난방방식":30,
            "공급면적":"--",
            "전용률":"--",
            "욕실수":100,
            "현관타입":100,
            "주거총점":69.5,
            "지역구공급총점":0.0,
            "역세권":50,
            "30분내 이동가능 거점":0,
            "1시간내 이동가능 거점":10,
            "교통총점":27.0,
            "백화점":100,
            "아울렛몰":0,
            "대형마트":100,
            "은행":0,
            "병원":0,
            "종합병원":100,
            "공원":100,
            "혐오시설":0,
            "인프라총점":68.0,
            "초등학군":90.0,
            "중학군":52.34,
            "학군총점":59.872,
            "인구수":27.8,
            "인구증감":-9.78,
            "인구총점":16.526,
            "일자리":11.26,
            "소득수준":67.68,
            "일자리총점":28.186,
            "가치 총점":59.7866,
            "매매실거래년":20211117.0,
            "매매실거래가":48000.0,
            "전세실거래년":20211028.0,
            "전세실거래가":13000.0,
            "전세가율":28.89,
            "장기전세가율평균":70.72,
            "전세가율거품지수":41.83,
            "검색코드":114815,
            "세대수":469.0,
            "준공년월":"2020-07-08",
            "준공년차":3.0,
            "가까운역이름":"지게골",
            "가까운역거리":542.14,
            "역세권여부":"준역세권",
            "30분이내주요거점역":0,
            "30분거점역이름":"[]",
            "1시간이내주요거점역":1,
            "1시간거점역이름":"['하단']",
            "3km이내백화점수":2,
            "5km이내아울렛몰수":0,
            "1km이내대형먀트수":2,
            "500m이내은행수":1,
            "500m이내병원수":0,
            "5km이내대형병원수":10,
            "500m이내공원수":4,
            "3km이내혐오시설수":0,
            "초등학교학업성취도":90.0,
            "중학교학업성취도":85.5,
            "용적률":241,
            "건폐율":17,
            "Y":35.140419,
            "X":129.073892,
            "rank":4.0,
            "area_info":"27평(92.29), 28평(94.37), 30평(101.0), 30평(101.46), 32평(106.66), 32평(107.28), 32평(107.58), 32평(107.71), 32평(108.24)",
            "last_sales":"2021-11-17,48000.0,30평(101.0)",
            "rank_history":[
                [
                    "202202",
                    4
                ],
                [
                    "202201",
                    2
                ]
            ],
            "rank_gap":-2
        },
        {
            "index":122,
            "아파트명":"대연동원로얄듀크2차",
            "투자타입":"일반",
            "전용면적(m2)":"109.94",
            "전용면적(평)":"33평",
            "법정동주소":"부산시 남구 대연동 1272-2",
            "도로명주소":"부산시 남구 못골로41번길 13",
            "세대수":50,
            "입주년차":40,
            "용적률점수":"--",
            "건폐율점수":"--",
            "세대당주차수":60,
            "난방방식":30,
            "공급면적":"--",
            "전용률":"--",
            "욕실수":100,
            "현관타입":100,
            "주거총점":57.5,
            "지역구공급총점":0.0,
            "역세권":80,
            "30분내 이동가능 거점":0,
            "1시간내 이동가능 거점":10,
            "교통총점":42.0,
            "백화점":100,
            "아울렛몰":0,
            "대형마트":80,
            "은행":20,
            "병원":0,
            "종합병원":100,
            "공원":80,
            "혐오시설":0,
            "인프라총점":66.4,
            "초등학군":89.99,
            "중학군":51.36,
            "학군총점":59.086,
            "인구수":27.8,
            "인구증감":-9.78,
            "인구총점":16.526,
            "일자리":11.26,
            "소득수준":67.68,
            "일자리총점":28.186,
            "가치 총점":58.3208,
            "매매실거래년":20210729.0,
            "매매실거래가":88000.0,
            "전세실거래년":20220107.0,
            "전세실거래가":34500.0,
            "전세가율":48.94,
            "장기전세가율평균":70.72,
            "전세가율거품지수":21.78,
            "검색코드":10107,
            "세대수":417.0,
            "준공년월":"2005-02-21",
            "준공년차":18.0,
            "가까운역이름":"못골",
            "가까운역거리":257.49,
            "역세권여부":"역세권",
            "30분이내주요거점역":0,
            "30분거점역이름":"[]",
            "1시간이내주요거점역":1,
            "1시간거점역이름":"['하단']",
            "3km이내백화점수":1,
            "5km이내아울렛몰수":0,
            "1km이내대형먀트수":1,
            "500m이내은행수":2,
            "500m이내병원수":0,
            "5km이내대형병원수":9,
            "500m이내공원수":1,
            "3km이내혐오시설수":0,
            "초등학교학업성취도":89.99,
            "중학교학업성취도":84.4,
            "용적률":376,
            "건폐율":25,
            "Y":35.136758,
            "X":129.085737,
            "rank":5.0,
            "area_info":"33평(109.94), 40평(134.92), 46평(152.69), 55평(182.84)",
            "last_sales":"2021-07-29,88000.0,46평(152.69)",
            "rank_history":[
                [
                    "202202",
                    5
                ],
                [
                    "202201",
                    9
                ]
            ],
            "rank_gap":4
        },
        {
            "index":414,
            "아파트명":"문현태영데시앙",
            "투자타입":"일반",
            "전용면적(m2)":"102.59",
            "전용면적(평)":"31평",
            "법정동주소":"부산시 남구 문현동 390-24",
            "도로명주소":"부산시 남구 전포대로 38",
            "세대수":30,
            "입주년차":40,
            "용적률점수":"--",
            "건폐율점수":"--",
            "세대당주차수":30,
            "난방방식":30,
            "공급면적":"--",
            "전용률":"--",
            "욕실수":100,
            "현관타입":100,
            "주거총점":46.0,
            "지역구공급총점":0.0,
            "역세권":80,
            "30분내 이동가능 거점":0,
            "1시간내 이동가능 거점":10,
            "교통총점":42.0,
            "백화점":100,
            "아울렛몰":0,
            "대형마트":100,
            "은행":100,
            "병원":0,
            "종합병원":100,
            "공원":100,
            "혐오시설":0,
            "인프라총점":78.0,
            "초등학군":90.0,
            "중학군":48.26,
            "학군총점":56.608,
            "인구수":27.8,
            "인구증감":-9.78,
            "인구총점":16.526,
            "일자리":11.26,
            "소득수준":67.68,
            "일자리총점":28.186,
            "가치 총점":58.1824,
            "매매실거래년":20211122.0,
            "매매실거래가":50000.0,
            "전세실거래년":20200913.0,
            "전세실거래가":25000.0,
            "전세가율":52.08,
            "장기전세가율평균":70.72,
            "전세가율거품지수":18.64,
            "검색코드":15166,
            "세대수":388.0,
            "준공년월":"2006-07-28",
            "준공년차":17.0,
            "가까운역이름":"문현",
            "가까운역거리":151.06,
            "역세권여부":"역세권",
            "30분이내주요거점역":0,
            "30분거점역이름":"[]",
            "1시간이내주요거점역":1,
            "1시간거점역이름":"['하단']",
            "3km이내백화점수":2,
            "5km이내아울렛몰수":0,
            "1km이내대형먀트수":2,
            "500m이내은행수":7,
            "500m이내병원수":0,
            "5km이내대형병원수":10,
            "500m이내공원수":2,
            "3km이내혐오시설수":0,
            "초등학교학업성취도":90.0,
            "중학교학업성취도":79.9,
            "용적률":674,
            "건폐율":31,
            "Y":35.140383,
            "X":129.067665,
            "rank":6.0,
            "area_info":"31평(102.59), 34평(112.99), 34평(113.73), 42평(139.23), 42평(139.77)",
            "last_sales":"2021-11-22,50000.0,34평(113.73)",
            "rank_history":[
                [
                    "202202",
                    6
                ],
                [
                    "202201",
                    5
                ]
            ],
            "rank_gap":-1
        },
        {
            "index":406,
            "아파트명":"문현삼성힐타워",
            "투자타입":"일반",
            "전용면적(m2)":"116.59",
            "전용면적(평)":"35평",
            "법정동주소":"부산시 남구 문현동 383-1",
            "도로명주소":"부산시 남구 전포대로 26",
            "세대수":50,
            "입주년차":20,
            "용적률점수":"--",
            "건폐율점수":"--",
            "세대당주차수":30,
            "난방방식":30,
            "공급면적":"--",
            "전용률":"--",
            "욕실수":100,
            "현관타입":100,
            "주거총점":49.0,
            "지역구공급총점":0.0,
            "역세권":100,
            "30분내 이동가능 거점":0,
            "1시간내 이동가능 거점":10,
            "교통총점":52.0,
            "백화점":100,
            "아울렛몰":0,
            "대형마트":100,
            "은행":20,
            "병원":0,
            "종합병원":100,
            "공원":100,
            "혐오시설":0,
            "인프라총점":70.0,
            "초등학군":90.0,
            "중학군":48.26,
            "학군총점":56.608,
            "인구수":27.8,
            "인구증감":-9.78,
            "인구총점":16.526,
            "일자리":11.26,
            "소득수준":67.68,
            "일자리총점":28.186,
            "가치 총점":58.0324,
            "매매실거래년":20220110.0,
            "매매실거래가":56000.0,
            "전세실거래년":20211220.0,
            "전세실거래가":38000.0,
            "전세가율":67.86,
            "장기전세가율평균":70.72,
            "전세가율거품지수":2.86,
            "검색코드":9996,
            "세대수":431.0,
            "준공년월":"2002-07-26",
            "준공년차":21.0,
            "가까운역이름":"문현",
            "가까운역거리":58.69,
            "역세권여부":"초역세권",
            "30분이내주요거점역":0,
            "30분거점역이름":"[]",
            "1시간이내주요거점역":1,
            "1시간거점역이름":"['하단']",
            "3km이내백화점수":2,
            "5km이내아울렛몰수":0,
            "1km이내대형먀트수":2,
            "500m이내은행수":2,
            "500m이내병원수":0,
            "5km이내대형병원수":11,
            "500m이내공원수":3,
            "3km이내혐오시설수":0,
            "초등학교학업성취도":90.0,
            "중학교학업성취도":79.9,
            "용적률":677,
            "건폐율":74,
            "Y":35.139499,
            "X":129.067719,
            "rank":7.0,
            "area_info":"35평(116.59), 42평(139.71), 47평(156.57), 47평(156.59)",
            "last_sales":"2022-01-10,56000.0,35평(116.59)",
            "rank_history":[
                [
                    "202202",
                    7
                ],
                [
                    "202201",
                    6
                ]
            ],
            "rank_gap":-1
        },
        {
            "index":395,
            "아파트명":"문현범양레우스",
            "투자타입":"일반",
            "전용면적(m2)":"82.89",
            "전용면적(평)":"25평",
            "법정동주소":"부산시 남구 문현동 1232",
            "도로명주소":"부산시 남구 황령대로90번길 55",
            "세대수":0,
            "입주년차":80,
            "용적률점수":"--",
            "건폐율점수":"--",
            "세대당주차수":30,
            "난방방식":30,
            "공급면적":"--",
            "전용률":"--",
            "욕실수":100,
            "현관타입":100,
            "주거총점":43.5,
            "지역구공급총점":0.0,
            "역세권":80,
            "30분내 이동가능 거점":0,
            "1시간내 이동가능 거점":10,
            "교통총점":42.0,
            "백화점":100,
            "아울렛몰":0,
            "대형마트":100,
            "은행":0,
            "병원":0,
            "종합병원":100,
            "공원":100,
            "혐오시설":0,
            "인프라총점":68.0,
            "초등학군":90.0,
            "중학군":53.96,
            "학군총점":61.168,
            "인구수":27.8,
            "인구증감":-9.78,
            "인구총점":16.526,
            "일자리":11.26,
            "소득수준":67.68,
            "일자리총점":28.186,
            "가치 총점":55.9254,
            "매매실거래년":20211207.0,
            "매매실거래가":50000.0,
            "전세실거래년":20220113.0,
            "전세실거래가":32000.0,
            "전세가율":72.73,
            "장기전세가율평균":70.72,
            "전세가율거품지수":-2.01,
            "검색코드":109842,
            "세대수":224.0,
            "준공년월":"2017-05-31",
            "준공년차":6.0,
            "가까운역이름":"국제금융센터·부산은행",
            "가까운역거리":323.49,
            "역세권여부":"역세권",
            "30분이내주요거점역":0,
            "30분거점역이름":"[]",
            "1시간이내주요거점역":1,
            "1시간거점역이름":"['하단']",
            "3km이내백화점수":2,
            "5km이내아울렛몰수":0,
            "1km이내대형먀트수":2,
            "500m이내은행수":1,
            "500m이내병원수":0,
            "5km이내대형병원수":10,
            "500m이내공원수":4,
            "3km이내혐오시설수":0,
            "초등학교학업성취도":90.0,
            "중학교학업성취도":88.4,
            "용적률":198,
            "건폐율":22,
            "Y":35.147979,
            "X":129.069258,
            "rank":8.0,
            "area_info":"25평(82.89), 28평(93.59), 28평(93.11), 28평(94.4), 34평(115.53), 34평(115.69)",
            "last_sales":"2021-12-07,50000.0,34평(115.53)",
            "rank_history":[
                [
                    "202202",
                    8
                ],
                [
                    "202201",
                    11
                ]
            ],
            "rank_gap":3
        },
        {
            "index":77,
            "아파트명":"대연SK뷰1차",
            "투자타입":"일반",
            "전용면적(m2)":"80.64",
            "전용면적(평)":"24평",
            "법정동주소":"부산시 남구 대연동 1773-1",
            "도로명주소":"부산시 남구 진남로 159",
            "세대수":50,
            "입주년차":40,
            "용적률점수":"--",
            "건폐율점수":"--",
            "세대당주차수":60,
            "난방방식":30,
            "공급면적":"--",
            "전용률":"--",
            "욕실수":100,
            "현관타입":100,
            "주거총점":57.5,
            "지역구공급총점":0.0,
            "역세권":50,
            "30분내 이동가능 거점":0,
            "1시간내 이동가능 거점":10,
            "교통총점":27.0,
            "백화점":100,
            "아울렛몰":0,
            "대형마트":80,
            "은행":0,
            "병원":0,
            "종합병원":100,
            "공원":100,
            "혐오시설":0,
            "인프라총점":65.0,
            "초등학군":89.99,
            "중학군":51.36,
            "학군총점":59.086,
            "인구수":27.8,
            "인구증감":-9.78,
            "인구총점":16.526,
            "일자리":11.26,
            "소득수준":67.68,
            "일자리총점":28.186,
            "가치 총점":55.6508,
            "매매실거래년":20211127.0,
            "매매실거래가":52000.0,
            "전세실거래년":20200503.0,
            "전세실거래가":20000.0,
            "전세가율":68.97,
            "장기전세가율평균":70.72,
            "전세가율거품지수":1.75,
            "검색코드":24055,
            "세대수":421.0,
            "준공년월":"2007-06-29",
            "준공년차":16.0,
            "가까운역이름":"지게골",
            "가까운역거리":608.18,
            "역세권여부":"준역세권",
            "30분이내주요거점역":0,
            "30분거점역이름":"[]",
            "1시간이내주요거점역":1,
            "1시간거점역이름":"['하단']",
            "3km이내백화점수":2,
            "5km이내아울렛몰수":0,
            "1km이내대형먀트수":1,
            "500m이내은행수":0,
            "500m이내병원수":0,
            "5km이내대형병원수":9,
            "500m이내공원수":5,
            "3km이내혐오시설수":0,
            "초등학교학업성취도":89.99,
            "중학교학업성취도":84.4,
            "용적률":276,
            "건폐율":20,
            "Y":35.14036,
            "X":129.077637,
            "rank":9.0,
            "area_info":"24평(80.64), 30평(102.29), 33평(110.41), 36평(121.41), 40평(133.41), 47평(156.5), 48평(161.42), 57평(191.48)",
            "last_sales":"2021-11-27,52000.0,48평(161.42)",
            "rank_history":[
                [
                    "202202",
                    9
                ],
                [
                    "202201",
                    7
                ]
            ],
            "rank_gap":-2
        },
        {
            "index":85,
            "아파트명":"대연SK뷰힐스",
            "투자타입":"일반",
            "전용면적(m2)":"80.61",
            "전용면적(평)":"24평",
            "법정동주소":"부산시 남구 대연동 1903",
            "도로명주소":"부산시 남구 수영로 261",
            "세대수":90,
            "입주년차":80,
            "용적률점수":"--",
            "건폐율점수":"--",
            "세대당주차수":30,
            "난방방식":30,
            "공급면적":"--",
            "전용률":"--",
            "욕실수":100,
            "현관타입":100,
            "주거총점":75.0,
            "지역구공급총점":0.0,
            "역세권":80,
            "30분내 이동가능 거점":0,
            "1시간내 이동가능 거점":10,
            "교통총점":42.0,
            "백화점":0,
            "아울렛몰":0,
            "대형마트":80,
            "은행":70,
            "병원":0,
            "종합병원":100,
            "공원":100,
            "혐오시설":0,
            "인프라총점":42.0,
            "초등학군":90.0,
            "중학군":50.44,
            "학군총점":58.352,
            "인구수":27.8,
            "인구증감":-9.78,
            "인구총점":16.526,
            "일자리":11.26,
            "소득수준":67.68,
            "일자리총점":28.186,
            "가치 총점":55.1556,
            "매매실거래년":20210704.0,
            "매매실거래가":103000.0,
            "전세실거래년":20211230.0,
            "전세실거래가":36750.0,
            "전세가율":47.73,
            "장기전세가율평균":70.72,
            "전세가율거품지수":22.99,
            "검색코드":110738,
            "세대수":994.0,
            "준공년월":"2018-07-11",
            "준공년차":5.0,
            "가까운역이름":"대연",
            "가까운역거리":248.69,
            "역세권여부":"역세권",
            "30분이내주요거점역":0,
            "30분거점역이름":"[]",
            "1시간이내주요거점역":1,
            "1시간거점역이름":"['하단']",
            "3km이내백화점수":0,
            "5km이내아울렛몰수":0,
            "1km이내대형먀트수":1,
            "500m이내은행수":4,
            "500m이내병원수":0,
            "5km이내대형병원수":9,
            "500m이내공원수":3,
            "3km이내혐오시설수":0,
            "초등학교학업성취도":90.0,
            "중학교학업성취도":82.8,
            "용적률":264,
            "건폐율":20,
            "Y":35.136849,
            "X":129.093861,
            "rank":10.0,
            "area_info":"24평(80.61), 24평(80.84), 29평(98.86), 33평(112.28), 34평(113.87), 39평(131.15), 44평(147.29)",
            "last_sales":"2021-07-04,103000.0,34평(113.87)",
            "rank_history":[
                [
                    "202202",
                    10
                ],
                [
                    "202201",
                    16
                ]
            ],
            "rank_gap":6
        },
        {
            "index":328,
            "아파트명":"골든밸류빌",
            "투자타입":"일반",
            "전용면적(m2)":"90.08",
            "전용면적(평)":"27평",
            "법정동주소":"부산시 남구 문현동 765-1",
            "도로명주소":"부산시 남구 전포대로77번길 19",
            "세대수":0,
            "입주년차":40,
            "용적률점수":"--",
            "건폐율점수":"--",
            "세대당주차수":0,
            "난방방식":30,
            "공급면적":"--",
            "전용률":"--",
            "욕실수":100,
            "현관타입":100,
            "주거총점":31.0,
            "지역구공급총점":0.0,
            "역세권":80,
            "30분내 이동가능 거점":0,
            "1시간내 이동가능 거점":10,
            "교통총점":42.0,
            "백화점":100,
            "아울렛몰":0,
            "대형마트":100,
            "은행":100,
            "병원":0,
            "종합병원":100,
            "공원":100,
            "혐오시설":0,
            "인프라총점":78.0,
            "초등학군":90.0,
            "중학군":48.26,
            "학군총점":56.608,
            "인구수":27.8,
            "인구증감":-9.78,
            "인구총점":16.526,
            "일자리":11.26,
            "소득수준":67.68,
            "일자리총점":28.186,
            "가치 총점":54.4324,
            "매매실거래년":20210930.0,
            "매매실거래가":89500.0,
            "전세실거래년":20210221.0,
            "전세실거래가":20000.0,
            "전세가율":23.61,
            "장기전세가율평균":70.72,
            "전세가율거품지수":47.11,
            "검색코드":18930,
            "세대수":134.0,
            "준공년월":"2005-03-18",
            "준공년차":18.0,
            "가까운역이름":"국제금융센터·부산은행",
            "가까운역거리":291.38,
            "역세권여부":"역세권",
            "30분이내주요거점역":0,
            "30분거점역이름":"[]",
            "1시간이내주요거점역":1,
            "1시간거점역이름":"['하단']",
            "3km이내백화점수":2,
            "5km이내아울렛몰수":0,
            "1km이내대형먀트수":3,
            "500m이내은행수":7,
            "500m이내병원수":0,
            "5km이내대형병원수":11,
            "500m이내공원수":3,
            "3km이내혐오시설수":0,
            "초등학교학업성취도":90.0,
            "중학교학업성취도":79.9,
            "용적률":429,
            "건폐율":34,
            "Y":35.143521,
            "X":129.065456,
            "rank":11.0,
            "area_info":"27평(90.08), 29평(95.99), 31평(103.71), 31평(103.67), 32평(107.41), 32평(108.01), 32평(108.15), 32평(108.25)",
            "last_sales":"2021-09-30,89500.0,31평(103.71)",
            "rank_history":[
                [
                    "202202",
                    11
                ],
                [
                    "202201",
                    13
                ]
            ],
            "rank_gap":2
        },
        {
            "index":393,
            "아파트명":"문현경동리인2단지",
            "투자타입":"일반",
            "전용면적(m2)":"97.34",
            "전용면적(평)":"29평",
            "법정동주소":"부산시 남구 문현동 1238",
            "도로명주소":"부산시 남구 문현로 36-2",
            "세대수":0,
            "입주년차":100,
            "용적률점수":"--",
            "건폐율점수":"--",
            "세대당주차수":30,
            "난방방식":30,
            "공급면적":"--",
            "전용률":"--",
            "욕실수":100,
            "현관타입":100,
            "주거총점":47.5,
            "지역구공급총점":0.0,
            "역세권":50,
            "30분내 이동가능 거점":0,
            "1시간내 이동가능 거점":10,
            "교통총점":27.0,
            "백화점":100,
            "아울렛몰":0,
            "대형마트":100,
            "은행":0,
            "병원":0,
            "종합병원":100,
            "공원":100,
            "혐오시설":0,
            "인프라총점":68.0,
            "초등학군":90.0,
            "중학군":52.34,
            "학군총점":59.872,
            "인구수":27.8,
            "인구증감":-9.78,
            "인구총점":16.526,
            "일자리":11.26,
            "소득수준":67.68,
            "일자리총점":28.186,
            "가치 총점":54.2866,
            "매매실거래년":"18000101",
            "매매실거래가":null,
            "전세실거래년":null,
            "전세실거래가":null,
            "전세가율":null,
            "장기전세가율평균":70.72,
            "전세가율거품지수":null,
            "검색코드":114817,
            "세대수":131.0,
            "준공년월":"2020-07-01",
            "준공년차":3.0,
            "가까운역이름":"문현",
            "가까운역거리":594.19,
            "역세권여부":"준역세권",
            "30분이내주요거점역":0,
            "30분거점역이름":"[]",
            "1시간이내주요거점역":1,
            "1시간거점역이름":"['하단']",
            "3km이내백화점수":2,
            "5km이내아울렛몰수":0,
            "1km이내대형먀트수":2,
            "500m이내은행수":1,
            "500m이내병원수":0,
            "5km이내대형병원수":10,
            "500m이내공원수":4,
            "3km이내혐오시설수":0,
            "초등학교학업성취도":90.0,
            "중학교학업성취도":85.5,
            "용적률":0,
            "건폐율":23,
            "Y":35.141142,
            "X":129.073404,
            "rank":12.0,
            "area_info":"29평(97.34), 34평(113.45)",
            "last_sales":"1800-01-01,nan,29평(97.34)",
            "rank_history":[
                [
                    "202202",
                    12
                ],
                [
                    "202201",
                    8
                ]
            ],
            "rank_gap":-4
        },
        {
            "index":410,
            "아파트명":"문현이안",
            "투자타입":"일반",
            "전용면적(m2)":"101.3",
            "전용면적(평)":"30평",
            "법정동주소":"부산시 남구 문현동 374-1",
            "도로명주소":"부산시 남구 전포대로 16",
            "세대수":0,
            "입주년차":40,
            "용적률점수":"--",
            "건폐율점수":"--",
            "세대당주차수":60,
            "난방방식":30,
            "공급면적":"--",
            "전용률":"--",
            "욕실수":100,
            "현관타입":100,
            "주거총점":40.0,
            "지역구공급총점":0.0,
            "역세권":80,
            "30분내 이동가능 거점":0,
            "1시간내 이동가능 거점":10,
            "교통총점":42.0,
            "백화점":100,
            "아울렛몰":0,
            "대형마트":100,
            "은행":20,
            "병원":0,
            "종합병원":100,
            "공원":100,
            "혐오시설":0,
            "인프라총점":70.0,
            "초등학군":90.0,
            "중학군":48.26,
            "학군총점":56.608,
            "인구수":27.8,
            "인구증감":-9.78,
            "인구총점":16.526,
            "일자리":11.26,
            "소득수준":67.68,
            "일자리총점":28.186,
            "가치 총점":54.2824,
            "매매실거래년":20210823.0,
            "매매실거래가":67800.0,
            "전세실거래년":20201017.0,
            "전세실거래가":28000.0,
            "전세가율":58.46,
            "장기전세가율평균":70.72,
            "전세가율거품지수":12.26,
            "검색코드":19518,
            "세대수":244.0,
            "준공년월":"2007-05-25",
            "준공년차":16.0,
            "가까운역이름":"문현",
            "가까운역거리":137.89,
            "역세권여부":"역세권",
            "30분이내주요거점역":0,
            "30분거점역이름":"[]",
            "1시간이내주요거점역":1,
            "1시간거점역이름":"['하단']",
            "3km이내백화점수":2,
            "5km이내아울렛몰수":0,
            "1km이내대형먀트수":2,
            "500m이내은행수":2,
            "500m이내병원수":0,
            "5km이내대형병원수":11,
            "500m이내공원수":3,
            "3km이내혐오시설수":0,
            "초등학교학업성취도":90.0,
            "중학교학업성취도":79.9,
            "용적률":919,
            "건폐율":59,
            "Y":35.138213,
            "X":129.068522,
            "rank":13.0,
            "area_info":"30평(101.3), 39평(130.96), 43평(143.38), 43평(143.24)",
            "last_sales":"2021-08-23,67800.0,43평(143.38)",
            "rank_history":[
                [
                    "202202",
                    13
                ],
                [
                    "202201",
                    12
                ]
            ],
            "rank_gap":-1
        },
        {
            "index":364,
            "아파트명":"대림문현시티프라자",
            "투자타입":"일반",
            "전용면적(m2)":"55.21",
            "전용면적(평)":"16평",
            "법정동주소":"부산시 남구 문현동 363-1",
            "도로명주소":"부산시 남구 수영로 26",
            "세대수":50,
            "입주년차":20,
            "용적률점수":"--",
            "건폐율점수":"--",
            "세대당주차수":0,
            "난방방식":30,
            "공급면적":"--",
            "전용률":"--",
            "욕실수":50,
            "현관타입":100,
            "주거총점":39.5,
            "지역구공급총점":0.0,
            "역세권":80,
            "30분내 이동가능 거점":0,
            "1시간내 이동가능 거점":10,
            "교통총점":42.0,
            "백화점":100,
            "아울렛몰":0,
            "대형마트":80,
            "은행":20,
            "병원":0,
            "종합병원":100,
            "공원":100,
            "혐오시설":0,
            "인프라총점":67.0,
            "초등학군":89.98,
            "중학군":48.26,
            "학군총점":56.604,
            "인구수":27.8,
            "인구증감":-9.78,
            "인구총점":16.526,
            "일자리":11.26,
            "소득수준":67.68,
            "일자리총점":28.186,
            "가치 총점":53.2562,
            "매매실거래년":20210422.0,
            "매매실거래가":43000.0,
            "전세실거래년":null,
            "전세실거래가":null,
            "전세가율":null,
            "장기전세가율평균":70.72,
            "전세가율거품지수":null,
            "검색코드":4579,
            "세대수":521.0,
            "준공년월":"1999-07-15",
            "준공년차":24.0,
            "가까운역이름":"지게골",
            "가까운역거리":366.82,
            "역세권여부":"역세권",
            "30분이내주요거점역":0,
            "30분거점역이름":"[]",
            "1시간이내주요거점역":1,
            "1시간거점역이름":"['하단']",
            "3km이내백화점수":2,
            "5km이내아울렛몰수":0,
            "1km이내대형먀트수":1,
            "500m이내은행수":2,
            "500m이내병원수":0,
            "5km이내대형병원수":11,
            "500m이내공원수":2,
            "3km이내혐오시설수":0,
            "초등학교학업성취도":89.98,
            "중학교학업성취도":79.9,
            "용적률":1004,
            "건폐율":74,
            "Y":35.136251,
            "X":129.070479,
            "rank":14.0,
            "area_info":"16평(55.21), 16평(55.74), 20평(66.52), 23평(77.91), 23평(77.51), 23평(78.22), 23평(78.28), 30평(99.58), 33평(111.38), 33평(111.19), 36평(121.6), 42평(140.09), 51평(170.68), 53평(175.56)",
            "last_sales":"2021-04-22,43000.0,53평(175.56)",
            "rank_history":[
                [
                    "202202",
                    14
                ],
                [
                    "202201",
                    14
                ]
            ],
            "rank_gap":0
        },
        {
            "index":485,
            "아파트명":"한화꿈에그린",
            "투자타입":"일반",
            "전용면적(m2)":"114.49",
            "전용면적(평)":"34평",
            "법정동주소":"부산시 남구 문현동 402-70",
            "도로명주소":"부산시 남구 전포대로20번길 26",
            "세대수":0,
            "입주년차":40,
            "용적률점수":"--",
            "건폐율점수":"--",
            "세대당주차수":30,
            "난방방식":30,
            "공급면적":"--",
            "전용률":"--",
            "욕실수":100,
            "현관타입":100,
            "주거총점":35.5,
            "지역구공급총점":0.0,
            "역세권":80,
            "30분내 이동가능 거점":0,
            "1시간내 이동가능 거점":10,
            "교통총점":42.0,
            "백화점":100,
            "아울렛몰":0,
            "대형마트":100,
            "은행":20,
            "병원":0,
            "종합병원":100,
            "공원":100,
            "혐오시설":0,
            "인프라총점":70.0,
            "초등학군":90.0,
            "중학군":48.26,
            "학군총점":56.608,
            "인구수":27.8,
            "인구증감":-9.78,
            "인구총점":16.526,
            "일자리":11.26,
            "소득수준":67.68,
            "일자리총점":28.186,
            "가치 총점":53.1574,
            "매매실거래년":20210315.0,
            "매매실거래가":43750.0,
            "전세실거래년":20190528.0,
            "전세실거래가":23000.0,
            "전세가율":61.83,
            "장기전세가율평균":70.72,
            "전세가율거품지수":8.89,
            "검색코드":15517,
            "세대수":238.0,
            "준공년월":"2006-07-28",
            "준공년차":17.0,
            "가까운역이름":"문현",
            "가까운역거리":201.27,
            "역세권여부":"역세권",
            "30분이내주요거점역":0,
            "30분거점역이름":"[]",
            "1시간이내주요거점역":1,
            "1시간거점역이름":"['하단']",
            "3km이내백화점수":2,
            "5km이내아울렛몰수":0,
            "1km이내대형먀트수":2,
            "500m이내은행수":2,
            "500m이내병원수":0,
            "5km이내대형병원수":11,
            "500m이내공원수":3,
            "3km이내혐오시설수":0,
            "초등학교학업성취도":90.0,
            "중학교학업성취도":79.9,
            "용적률":770,
            "건폐율":70,
            "Y":35.137838,
            "X":129.069047,
            "rank":15.0,
            "area_info":"34평(114.49), 34평(115.23), 35평(116.48), 35평(116.74), 35평(116.76)",
            "last_sales":"2021-03-15,43750.0,35평(116.76)",
            "rank_history":[
                [
                    "202202",
                    15
                ],
                [
                    "202201",
                    15
                ]
            ],
            "rank_gap":0
        },
        {
            "index":437,
            "아파트명":"보람더하임",
            "투자타입":"일반",
            "전용면적(m2)":"109.96",
            "전용면적(평)":"33평",
            "법정동주소":"부산시 남구 문현동 806",
            "도로명주소":"부산시 남구 전포대로 17",
            "세대수":0,
            "입주년차":40,
            "용적률점수":"--",
            "건폐율점수":"--",
            "세대당주차수":30,
            "난방방식":30,
            "공급면적":"--",
            "전용률":"--",
            "욕실수":100,
            "현관타입":100,
            "주거총점":35.5,
            "지역구공급총점":0.0,
            "역세권":80,
            "30분내 이동가능 거점":0,
            "1시간내 이동가능 거점":10,
            "교통총점":42.0,
            "백화점":100,
            "아울렛몰":0,
            "대형마트":100,
            "은행":20,
            "병원":0,
            "종합병원":100,
            "공원":80,
            "혐오시설":0,
            "인프라총점":69.4,
            "초등학군":90.0,
            "중학군":48.26,
            "학군총점":56.608,
            "인구수":27.8,
            "인구증감":-9.78,
            "인구총점":16.526,
            "일자리":11.26,
            "소득수준":67.68,
            "일자리총점":28.186,
            "가치 총점":52.9774,
            "매매실거래년":20211119.0,
            "매매실거래가":39800.0,
            "전세실거래년":20211013.0,
            "전세실거래가":35000.0,
            "전세가율":87.94,
            "장기전세가율평균":70.72,
            "전세가율거품지수":-17.22,
            "검색코드":19667,
            "세대수":218.0,
            "준공년월":"2006-04-12",
            "준공년차":17.0,
            "가까운역이름":"문현",
            "가까운역거리":126.56,
            "역세권여부":"역세권",
            "30분이내주요거점역":0,
            "30분거점역이름":"[]",
            "1시간이내주요거점역":1,
            "1시간거점역이름":"['하단']",
            "3km이내백화점수":2,
            "5km이내아울렛몰수":0,
            "1km이내대형먀트수":2,
            "500m이내은행수":2,
            "500m이내병원수":0,
            "5km이내대형병원수":12,
            "500m이내공원수":1,
            "3km이내혐오시설수":0,
            "초등학교학업성취도":90.0,
            "중학교학업성취도":79.9,
            "용적률":1202,
            "건폐율":73,
            "Y":35.137906,
            "X":129.067468,
            "rank":16.0,
            "area_info":"33평(109.96), 33평(109.96), 44평(146.4), 45평(150.09)",
            "last_sales":"2021-11-19,39800.0,33평(109.96)",
            "rank_history":[
                [
                    "202202",
                    16
                ],
                [
                    "202201",
                    17
                ]
            ],
            "rank_gap":1
        },
        {
            "index":469,
            "아파트명":"세종그랑시아",
            "투자타입":"일반",
            "전용면적(m2)":"111.3",
            "전용면적(평)":"33평",
            "법정동주소":"부산시 남구 문현동 366-18",
            "도로명주소":"부산시 남구 수영로 12",
            "세대수":0,
            "입주년차":40,
            "용적률점수":"--",
            "건폐율점수":"--",
            "세대당주차수":60,
            "난방방식":30,
            "공급면적":"--",
            "전용률":"--",
            "욕실수":100,
            "현관타입":100,
            "주거총점":40.0,
            "지역구공급총점":0.0,
            "역세권":80,
            "30분내 이동가능 거점":0,
            "1시간내 이동가능 거점":10,
            "교통총점":42.0,
            "백화점":100,
            "아울렛몰":0,
            "대형마트":80,
            "은행":20,
            "병원":0,
            "종합병원":100,
            "공원":80,
            "혐오시설":-50,
            "인프라총점":65.4,
            "초등학군":89.98,
            "중학군":48.26,
            "학군총점":56.604,
            "인구수":27.8,
            "인구증감":-9.78,
            "인구총점":16.526,
            "일자리":11.26,
            "소득수준":67.68,
            "일자리총점":28.186,
            "가치 총점":52.9012,
            "매매실거래년":20210708.0,
            "매매실거래가":50000.0,
            "전세실거래년":20190611.0,
            "전세실거래가":24000.0,
            "전세가율":58.75,
            "장기전세가율평균":70.72,
            "전세가율거품지수":11.97,
            "검색코드":22574,
            "세대수":266.0,
            "준공년월":"2006-10-27",
            "준공년차":17.0,
            "가까운역이름":"문현",
            "가까운역거리":358.73,
            "역세권여부":"역세권",
            "30분이내주요거점역":0,
            "30분거점역이름":"[]",
            "1시간이내주요거점역":1,
            "1시간거점역이름":"['하단']",
            "3km이내백화점수":2,
            "5km이내아울렛몰수":0,
            "1km이내대형먀트수":1,
            "500m이내은행수":2,
            "500m이내병원수":0,
            "5km이내대형병원수":11,
            "500m이내공원수":1,
            "3km이내혐오시설수":1,
            "초등학교학업성취도":89.98,
            "중학교학업성취도":79.9,
            "용적률":0,
            "건폐율":83,
            "Y":35.136093,
            "X":129.068993,
            "rank":17.0,
            "area_info":"33평(111.3), 40평(134.7), 47평(155.55), 47평(157.45), 49평(164.74)",
            "last_sales":"2021-07-08,50000.0,40평(134.7)",
            "rank_history":[
                [
                    "202202",
                    17
                ],
                [
                    "202201",
                    18
                ]
            ],
            "rank_gap":1
        },
        {
            "index":791,
            "아파트명":"우암중앙하이츠",
            "투자타입":"일반",
            "전용면적(m2)":"37.39",
            "전용면적(평)":"11평",
            "법정동주소":"부산시 남구 우암동 101-1",
            "도로명주소":"부산시 남구 유엔로 46",
            "세대수":50,
            "입주년차":40,
            "용적률점수":"--",
            "건폐율점수":"--",
            "세대당주차수":0,
            "난방방식":30,
            "공급면적":"--",
            "전용률":"--",
            "욕실수":50,
            "현관타입":100,
            "주거총점":43.5,
            "지역구공급총점":0.0,
            "역세권":50,
            "30분내 이동가능 거점":0,
            "1시간내 이동가능 거점":10,
            "교통총점":27.0,
            "백화점":100,
            "아울렛몰":0,
            "대형마트":100,
            "은행":0,
            "병원":0,
            "종합병원":100,
            "공원":100,
            "혐오시설":0,
            "인프라총점":68.0,
            "초등학군":89.94,
            "중학군":50.44,
            "학군총점":58.34,
            "인구수":27.8,
            "인구증감":-9.78,
            "인구총점":16.526,
            "일자리":11.26,
            "소득수준":67.68,
            "일자리총점":28.186,
            "가치 총점":52.827,
            "매매실거래년":20211229.0,
            "매매실거래가":33000.0,
            "전세실거래년":20140307.0,
            "전세실거래가":6000.0,
            "전세가율":63.16,
            "장기전세가율평균":70.72,
            "전세가율거품지수":7.56,
            "검색코드":11242,
            "세대수":465.0,
            "준공년월":"2004-12-10",
            "준공년차":19.0,
            "가까운역이름":"못골",
            "가까운역거리":889.6,
            "역세권여부":"준역세권",
            "30분이내주요거점역":0,
            "30분거점역이름":"[]",
            "1시간이내주요거점역":1,
            "1시간거점역이름":"['하단']",
            "3km이내백화점수":1,
            "5km이내아울렛몰수":0,
            "1km이내대형먀트수":2,
            "500m이내은행수":0,
            "500m이내병원수":0,
            "5km이내대형병원수":9,
            "500m이내공원수":2,
            "3km이내혐오시설수":0,
            "초등학교학업성취도":89.94,
            "중학교학업성취도":82.8,
            "용적률":264,
            "건폐율":18,
            "Y":35.126932,
            "X":129.082169,
            "rank":18.0,
            "area_info":"11평(37.39), 29평(96.31), 33평(110.73), 33평(110.92), 33평(111.44)",
            "last_sales":"2021-12-29,33000.0,33평(110.73)",
            "rank_history":[
                [
                    "202202",
                    18
                ],
                [
                    "202201",
                    19
                ]
            ],
            "rank_gap":1
        },
        {
            "index":434,
            "아파트명":"문현현대2차",
            "투자타입":"일반",
            "전용면적(m2)":"79.12",
            "전용면적(평)":"23평",
            "법정동주소":"부산시 남구 문현동 2",
            "도로명주소":"부산시 남구 고동골로97번길 39-12",
            "세대수":50,
            "입주년차":20,
            "용적률점수":"--",
            "건폐율점수":"--",
            "세대당주차수":30,
            "난방방식":30,
            "공급면적":"--",
            "전용률":"--",
            "욕실수":50,
            "현관타입":10,
            "주거총점":35.0,
            "지역구공급총점":0.0,
            "역세권":50,
            "30분내 이동가능 거점":0,
            "1시간내 이동가능 거점":10,
            "교통총점":27.0,
            "백화점":100,
            "아울렛몰":0,
            "대형마트":100,
            "은행":0,
            "병원":0,
            "종합병원":100,
            "공원":100,
            "혐오시설":0,
            "인프라총점":68.0,
            "초등학군":90.0,
            "중학군":53.96,
            "학군총점":61.168,
            "인구수":27.8,
            "인구증감":-9.78,
            "인구총점":16.526,
            "일자리":11.26,
            "소득수준":67.68,
            "일자리총점":28.186,
            "가치 총점":51.5504,
            "매매실거래년":20211222.0,
            "매매실거래가":24000.0,
            "전세실거래년":20220113.0,
            "전세실거래가":22000.0,
            "전세가율":91.67,
            "장기전세가율평균":70.72,
            "전세가율거품지수":-20.95,
            "검색코드":8861,
            "세대수":420.0,
            "준공년월":"2000-06-28",
            "준공년차":23.0,
            "가까운역이름":"국제금융센터·부산은행",
            "가까운역거리":670.37,
            "역세권여부":"준역세권",
            "30분이내주요거점역":0,
            "30분거점역이름":"[]",
            "1시간이내주요거점역":1,
            "1시간거점역이름":"['하단']",
            "3km이내백화점수":2,
            "5km이내아울렛몰수":0,
            "1km이내대형먀트수":2,
            "500m이내은행수":0,
            "500m이내병원수":0,
            "5km이내대형병원수":10,
            "500m이내공원수":2,
            "3km이내혐오시설수":0,
            "초등학교학업성취도":90.0,
            "중학교학업성취도":88.4,
            "용적률":294,
            "건폐율":21,
            "Y":35.147992,
            "X":129.073668,
            "rank":19.0,
            "area_info":"23평(79.12), 28평(95.37), 32평(106.5)",
            "last_sales":"2021-12-22,24000.0,23평(79.12)",
            "rank_history":[
                [
                    "202202",
                    19
                ],
                [
                    "202201",
                    24
                ]
            ],
            "rank_gap":5
        },
        {
            "index":306,
            "아파트명":"일동지에닌",
            "투자타입":"일반",
            "전용면적(m2)":"78.96",
            "전용면적(평)":"23평",
            "법정동주소":"부산시 남구 대연동 1375-2",
            "도로명주소":"부산시 남구 수영로 209",
            "세대수":0,
            "입주년차":40,
            "용적률점수":"--",
            "건폐율점수":"--",
            "세대당주차수":30,
            "난방방식":30,
            "공급면적":"--",
            "전용률":"--",
            "욕실수":50,
            "현관타입":10,
            "주거총점":21.5,
            "지역구공급총점":0.0,
            "역세권":80,
            "30분내 이동가능 거점":0,
            "1시간내 이동가능 거점":10,
            "교통총점":42.0,
            "백화점":100,
            "아울렛몰":0,
            "대형마트":80,
            "은행":70,
            "병원":0,
            "종합병원":100,
            "공원":80,
            "혐오시설":0,
            "인프라총점":71.4,
            "초등학군":90.0,
            "중학군":50.44,
            "학군총점":58.352,
            "인구수":27.8,
            "인구증감":-9.78,
            "인구총점":16.526,
            "일자리":11.26,
            "소득수준":67.68,
            "일자리총점":28.186,
            "가치 총점":50.6006,
            "매매실거래년":20211108.0,
            "매매실거래가":48000.0,
            "전세실거래년":20120810.0,
            "전세실거래가":15000.0,
            "전세가율":48.39,
            "장기전세가율평균":70.72,
            "전세가율거품지수":22.33,
            "검색코드":18929,
            "세대수":201.0,
            "준공년월":"2006-11-13",
            "준공년차":17.0,
            "가까운역이름":"대연",
            "가까운역거리":258.58,
            "역세권여부":"역세권",
            "30분이내주요거점역":0,
            "30분거점역이름":"[]",
            "1시간이내주요거점역":1,
            "1시간거점역이름":"['하단']",
            "3km이내백화점수":1,
            "5km이내아울렛몰수":0,
            "1km이내대형먀트수":1,
            "500m이내은행수":4,
            "500m이내병원수":0,
            "5km이내대형병원수":9,
            "500m이내공원수":1,
            "3km이내혐오시설수":0,
            "초등학교학업성취도":90.0,
            "중학교학업성취도":82.8,
            "용적률":951,
            "건폐율":48,
            "Y":35.135356,
            "X":129.089289,
            "rank":20.0,
            "area_info":"23평(78.96), 32평(106.83), 32평(106.86), 32평(106.84), 32평(106.85), 32평(106.74), 32평(106.86), 32평(106.86), 32평(106.84), 32평(106.86), 48평(159.86), 50평(166.38), 55평(182.25), 58평(193.11)",
            "last_sales":"2021-11-08,48000.0,32평(106.84)",
            "rank_history":[
                [
                    "202202",
                    20
                ],
                [
                    "202201",
                    34
                ]
            ],
            "rank_gap":14
        },
        {
            "index":571,
            "아파트명":"더블유",
            "투자타입":"일반",
            "전용면적(m2)":"130.86",
            "전용면적(평)":"39평",
            "법정동주소":"부산시 남구 용호동 954",
            "도로명주소":"부산시 남구 분포로 145",
            "세대수":90,
            "입주년차":80,
            "용적률점수":"--",
            "건폐율점수":"--",
            "세대당주차수":80,
            "난방방식":30,
            "공급면적":"--",
            "전용률":"--",
            "욕실수":100,
            "현관타입":100,
            "주거총점":82.5,
            "지역구공급총점":0.0,
            "역세권":0,
            "30분내 이동가능 거점":0,
            "1시간내 이동가능 거점":10,
            "교통총점":2.0,
            "백화점":0,
            "아울렛몰":0,
            "대형마트":80,
            "은행":0,
            "병원":0,
            "종합병원":100,
            "공원":0,
            "혐오시설":0,
            "인프라총점":32.0,
            "초등학군":90.0,
            "중학군":56.4,
            "학군총점":63.12,
            "인구수":27.8,
            "인구증감":-9.78,
            "인구총점":16.526,
            "일자리":11.26,
            "소득수준":67.68,
            "일자리총점":28.186,
            "가치 총점":49.461,
            "매매실거래년":20210427.0,
            "매매실거래가":328000.0,
            "전세실거래년":20210325.0,
            "전세실거래가":75000.0,
            "전세가율":55.56,
            "장기전세가율평균":70.72,
            "전세가율거품지수":15.16,
            "검색코드":108136,
            "세대수":1488.0,
            "준공년월":"2018-03-27",
            "준공년차":5.0,
            "가까운역이름":"남천",
            "가까운역거리":1022.33,
            "역세권여부":"비역세권",
            "30분이내주요거점역":0,
            "30분거점역이름":"[]",
            "1시간이내주요거점역":1,
            "1시간거점역이름":"['하단']",
            "3km이내백화점수":0,
            "5km이내아울렛몰수":0,
            "1km이내대형먀트수":1,
            "500m이내은행수":0,
            "500m이내병원수":0,
            "5km이내대형병원수":5,
            "500m이내공원수":0,
            "3km이내혐오시설수":0,
            "초등학교학업성취도":90.0,
            "중학교학업성취도":91.4,
            "용적률":684,
            "건폐율":50,
            "Y":35.133701,
            "X":129.112638,
            "rank":21.0,
            "area_info":"39평(130.86), 39평(130.45), 39평(130.12), 39평(130.12), 39평(131.12), 39평(131.44), 39평(131.37), 39평(131.11), 39평(131.55), 39평(131.82), 39평(131.91), 39평(131.11), 40평(132.34), 39평(132.09), 40평(132.34), 40평(132.43), 41평(138.4), 41평(138.4), 43평(142.44), 44평(145.99), 44평(146.15), 44평(147.34), 44평(148.53), 44평(148.32), 44평(148.53), 45평(149.51), 47평(156.76), 47평(157.65), 47평(158.58), 48평(160.0), 48평(161.6), 48평(161.07), 48평(161.6), 48평(161.07), 49평(163.78), 49평(163.28), 49평(164.91), 49평(164.53), 49평(164.02), 49평(164.91), 51평(171.19), 53평(176.4), 53평(177.66), 53평(177.83), 53평(177.52), 53평(177.66), 53평(177.83), 54평(179.46), 54평(179.2), 56평(186.72), 56평(187.9), 56평(187.9), 56평(188.09), 56평(188.09), 56평(188.09), 56평(188.09), 57평(189.41), 57평(189.26), 57평(189.07), 57평(190.86), 57평(190.86), 57평(190.58), 57평(191.61), 58평(192.55), 59평(197.67), 59평(197.27), 65평(216.58), 65평(216.58), 67평(221.89), 72평(238.82), 72평(241.12), 79평(263.98), 98평(324.97)",
            "last_sales":"2021-04-27,328000.0,72평(241.12)",
            "rank_history":[
                [
                    "202202",
                    21
                ],
                [
                    "202201",
                    20
                ]
            ],
            "rank_gap":-1
        },
        {
            "index":193,
            "아파트명":"대연현대",
            "투자타입":"일반",
            "전용면적(m2)":"80.77",
            "전용면적(평)":"24평",
            "법정동주소":"부산시 남구 대연동 1203-47",
            "도로명주소":"부산시 남구 천제등로28번길 50",
            "세대수":30,
            "입주년차":0,
            "용적률점수":"--",
            "건폐율점수":"--",
            "세대당주차수":30,
            "난방방식":30,
            "공급면적":"--",
            "전용률":"--",
            "욕실수":50,
            "현관타입":10,
            "주거총점":24.0,
            "지역구공급총점":0.0,
            "역세권":80,
            "30분내 이동가능 거점":0,
            "1시간내 이동가능 거점":10,
            "교통총점":42.0,
            "백화점":100,
            "아울렛몰":0,
            "대형마트":80,
            "은행":0,
            "병원":0,
            "종합병원":100,
            "공원":100,
            "혐오시설":0,
            "인프라총점":65.0,
            "초등학군":89.99,
            "중학군":50.44,
            "학군총점":58.35,
            "인구수":27.8,
            "인구증감":-9.78,
            "인구총점":16.526,
            "일자리":11.26,
            "소득수준":67.68,
            "일자리총점":28.186,
            "가치 총점":49.305,
            "매매실거래년":20211223.0,
            "매매실거래가":45000.0,
            "전세실거래년":20211104.0,
            "전세실거래가":20000.0,
            "전세가율":60.06,
            "장기전세가율평균":70.72,
            "전세가율거품지수":10.66,
            "검색코드":4543,
            "세대수":366.0,
            "준공년월":"1997-11-01",
            "준공년차":26.0,
            "가까운역이름":"못골",
            "가까운역거리":402.37,
            "역세권여부":"역세권",
            "30분이내주요거점역":0,
            "30분거점역이름":"[]",
            "1시간이내주요거점역":1,
            "1시간거점역이름":"['하단']",
            "3km이내백화점수":1,
            "5km이내아울렛몰수":0,
            "1km이내대형먀트수":1,
            "500m이내은행수":1,
            "500m이내병원수":0,
            "5km이내대형병원수":9,
            "500m이내공원수":4,
            "3km이내혐오시설수":0,
            "초등학교학업성취도":89.99,
            "중학교학업성취도":82.8,
            "용적률":309,
            "건폐율":38,
            "Y":35.131447,
            "X":129.086255,
            "rank":22.0,
            "area_info":"24평(80.77), 32평(107.04), 41평(138.49)",
            "last_sales":"2021-12-23,45000.0,32평(107.04)",
            "rank_history":[
                [
                    "202202",
                    22
                ],
                [
                    "202201",
                    45
                ]
            ],
            "rank_gap":23
        },
        {
            "index":196,
            "아파트명":"대연힐스테이트푸르지오(아)",
            "투자타입":"일반",
            "전용면적(m2)":"80.89",
            "전용면적(평)":"24평",
            "법정동주소":"부산시 남구 대연동 1858",
            "도로명주소":"부산시 남구 수영로 345",
            "세대수":100,
            "입주년차":60,
            "용적률점수":"--",
            "건폐율점수":"--",
            "세대당주차수":60,
            "난방방식":30,
            "공급면적":"--",
            "전용률":"--",
            "욕실수":100,
            "현관타입":100,
            "주거총점":79.0,
            "지역구공급총점":0.0,
            "역세권":50,
            "30분내 이동가능 거점":0,
            "1시간내 이동가능 거점":10,
            "교통총점":27.0,
            "백화점":0,
            "아울렛몰":0,
            "대형마트":0,
            "은행":0,
            "병원":0,
            "종합병원":100,
            "공원":100,
            "혐오시설":0,
            "인프라총점":23.0,
            "초등학군":90.0,
            "중학군":54.84,
            "학군총점":61.872,
            "인구수":27.8,
            "인구증감":-9.78,
            "인구총점":16.526,
            "일자리":11.26,
            "소득수준":67.68,
            "일자리총점":28.186,
            "가치 총점":49.2616,
            "매매실거래년":20211213.0,
            "매매실거래가":148500.0,
            "전세실거래년":20210724.0,
            "전세실거래가":45000.0,
            "전세가율":61.22,
            "장기전세가율평균":70.72,
            "전세가율거품지수":9.5,
            "검색코드":105323,
            "세대수":2100.0,
            "준공년월":"2013-05-31",
            "준공년차":10.0,
            "가까운역이름":"경성대·부경대",
            "가까운역거리":531.17,
            "역세권여부":"준역세권",
            "30분이내주요거점역":0,
            "30분거점역이름":"[]",
            "1시간이내주요거점역":1,
            "1시간거점역이름":"['하단']",
            "3km이내백화점수":0,
            "5km이내아울렛몰수":0,
            "1km이내대형먀트수":0,
            "500m이내은행수":0,
            "500m이내병원수":0,
            "5km이내대형병원수":9,
            "500m이내공원수":2,
            "3km이내혐오시설수":0,
            "초등학교학업성취도":90.0,
            "중학교학업성취도":88.0,
            "용적률":260,
            "건폐율":15,
            "Y":35.142355,
            "X":129.101083,
            "rank":23.0,
            "area_info":"24평(80.89), 33평(111.67), 33평(111.41), 34평(113.32), 34평(114.53), 40평(133.91), 40평(133.98), 40평(134.58), 41평(135.86), 46평(152.57), 46평(153.56), 46평(153.71), 46평(154.93), 53평(175.92), 53평(176.67), 53평(176.63), 61평(204.58), 62평(207.88), 66평(220.33), 66평(221.04)",
            "last_sales":"2021-12-13,148500.0,53평(175.92)",
            "rank_history":[
                [
                    "202202",
                    23
                ],
                [
                    "202201",
                    26
                ]
            ],
            "rank_gap":3
        },
        {
            "index":346,
            "아파트명":"대도라이프타운",
            "투자타입":"재건축",
            "전용면적(m2)":"46.11",
            "전용면적(평)":"13평",
            "법정동주소":"부산시 남구 문현동 238-233",
            "도로명주소":"부산시 남구 수영로39번가길 83",
            "세대수":0,
            "입주년차":"--",
            "용적률점수":0,
            "건폐율점수":80,
            "세대당주차수":"--",
            "난방방식":"--",
            "공급면적":50,
            "전용률":80,
            "욕실수":"--",
            "현관타입":"--",
            "주거총점":22.5,
            "지역구공급총점":0.0,
            "역세권":80,
            "30분내 이동가능 거점":0,
            "1시간내 이동가능 거점":10,
            "교통총점":42.0,
            "백화점":100,
            "아울렛몰":0,
            "대형마트":80,
            "은행":0,
            "병원":0,
            "종합병원":100,
            "공원":100,
            "혐오시설":0,
            "인프라총점":65.0,
            "초등학군":89.99,
            "중학군":51.36,
            "학군총점":59.086,
            "인구수":27.8,
            "인구증감":-9.78,
            "인구총점":16.526,
            "일자리":11.26,
            "소득수준":67.68,
            "일자리총점":28.186,
            "가치 총점":49.1508,
            "매매실거래년":20211028.0,
            "매매실거래가":22800.0,
            "전세실거래년":20130903.0,
            "전세실거래가":4500.0,
            "전세가율":60.81,
            "장기전세가율평균":70.72,
            "전세가율거품지수":9.91,
            "검색코드":4570,
            "세대수":293.0,
            "준공년월":"1992-12-15",
            "준공년차":31.0,
            "가까운역이름":"지게골",
            "가까운역거리":420.23,
            "역세권여부":"역세권",
            "30분이내주요거점역":0,
            "30분거점역이름":"[]",
            "1시간이내주요거점역":1,
            "1시간거점역이름":"['하단']",
            "3km이내백화점수":2,
            "5km이내아울렛몰수":0,
            "1km이내대형먀트수":1,
            "500m이내은행수":0,
            "500m이내병원수":0,
            "5km이내대형병원수":9,
            "500m이내공원수":5,
            "3km이내혐오시설수":0,
            "초등학교학업성취도":89.99,
            "중학교학업성취도":84.4,
            "용적률":243,
            "건폐율":28,
            "Y":35.138916,
            "X":129.076556,
            "rank":24.0,
            "area_info":"13평(46.11), 15평(51.44), 22평(75.34), 25평(85.23), 26평(87.45), 28평(93.04), 30평(100.94), 31평(103.42)",
            "last_sales":"2021-10-28,22800.0,31평(103.42)",
            "rank_history":[
                [
                    "202202",
                    24
                ],
                [
                    "202201",
                    37
                ]
            ],
            "rank_gap":13
        },
        {
            "index":512,
            "아파트명":"GS하이츠자이",
            "투자타입":"일반",
            "전용면적(m2)":"115.01",
            "전용면적(평)":"34평",
            "법정동주소":"부산시 남구 용호동 197",
            "도로명주소":"부산시 남구 신선로 566",
            "세대수":90,
            "입주년차":40,
            "용적률점수":"--",
            "건폐율점수":"--",
            "세대당주차수":80,
            "난방방식":30,
            "공급면적":"--",
            "전용률":"--",
            "욕실수":100,
            "현관타입":100,
            "주거총점":74.5,
            "지역구공급총점":0.0,
            "역세권":0,
            "30분내 이동가능 거점":0,
            "1시간내 이동가능 거점":10,
            "교통총점":2.0,
            "백화점":0,
            "아울렛몰":0,
            "대형마트":80,
            "은행":20,
            "병원":0,
            "종합병원":100,
            "공원":80,
            "혐오시설":0,
            "인프라총점":36.4,
            "초등학군":90.0,
            "중학군":56.4,
            "학군총점":63.12,
            "인구수":27.8,
            "인구증감":-9.78,
            "인구총점":16.526,
            "일자리":11.26,
            "소득수준":67.68,
            "일자리총점":28.186,
            "가치 총점":48.781,
            "매매실거래년":20211112.0,
            "매매실거래가":94300.0,
            "전세실거래년":20210914.0,
            "전세실거래가":40950.0,
            "전세가율":43.43,
            "장기전세가율평균":70.72,
            "전세가율거품지수":27.29,
            "검색코드":22443,
            "세대수":1149.0,
            "준공년월":"2008-04-03",
            "준공년차":15.0,
            "가까운역이름":"경성대·부경대",
            "가까운역거리":1044.96,
            "역세권여부":"비역세권",
            "30분이내주요거점역":0,
            "30분거점역이름":"[]",
            "1시간이내주요거점역":1,
            "1시간거점역이름":"['하단']",
            "3km이내백화점수":0,
            "5km이내아울렛몰수":0,
            "1km이내대형먀트수":1,
            "500m이내은행수":2,
            "500m이내병원수":0,
            "5km이내대형병원수":5,
            "500m이내공원수":1,
            "3km이내혐오시설수":0,
            "초등학교학업성취도":90.0,
            "중학교학업성취도":91.4,
            "용적률":416,
            "건폐율":76,
            "Y":35.132851,
            "X":129.110435,
            "rank":25.0,
            "area_info":"34평(115.01), 38평(128.83), 38평(128.77), 49평(165.18), 56평(185.41), 63평(210.38)",
            "last_sales":"2021-11-12,94300.0,34평(115.01)",
            "rank_history":[
                [
                    "202202",
                    25
                ],
                [
                    "202201",
                    10
                ]
            ],
            "rank_gap":-15
        },
        {
            "index":136,
            "아파트명":"대연롯데캐슬",
            "투자타입":"일반",
            "전용면적(m2)":"84.32",
            "전용면적(평)":"25평",
            "법정동주소":"부산시 남구 대연동 1865",
            "도로명주소":"부산시 남구 수영로325번길 61",
            "세대수":50,
            "입주년차":80,
            "용적률점수":"--",
            "건폐율점수":"--",
            "세대당주차수":60,
            "난방방식":30,
            "공급면적":"--",
            "전용률":"--",
            "욕실수":100,
            "현관타입":100,
            "주거총점":65.5,
            "지역구공급총점":0.0,
            "역세권":80,
            "30분내 이동가능 거점":0,
            "1시간내 이동가능 거점":10,
            "교통총점":42.0,
            "백화점":0,
            "아울렛몰":0,
            "대형마트":0,
            "은행":20,
            "병원":0,
            "종합병원":100,
            "공원":100,
            "혐오시설":0,
            "인프라총점":25.0,
            "초등학군":90.0,
            "중학군":54.84,
            "학군총점":61.872,
            "인구수":27.8,
            "인구증감":-9.78,
            "인구총점":16.526,
            "일자리":11.26,
            "소득수준":67.68,
            "일자리총점":28.186,
            "가치 총점":48.7366,
            "매매실거래년":20210706.0,
            "매매실거래가":114000.0,
            "전세실거래년":20210701.0,
            "전세실거래가":35700.0,
            "전세가율":51.0,
            "장기전세가율평균":70.72,
            "전세가율거품지수":19.72,
            "검색코드":104716,
            "세대수":564.0,
            "준공년월":"2015-01-12",
            "준공년차":8.0,
            "가까운역이름":"경성대·부경대",
            "가까운역거리":338.96,
            "역세권여부":"역세권",
            "30분이내주요거점역":0,
            "30분거점역이름":"[]",
            "1시간이내주요거점역":1,
            "1시간거점역이름":"['하단']",
            "3km이내백화점수":0,
            "5km이내아울렛몰수":0,
            "1km이내대형먀트수":0,
            "500m이내은행수":2,
            "500m이내병원수":0,
            "5km이내대형병원수":9,
            "500m이내공원수":3,
            "3km이내혐오시설수":0,
            "초등학교학업성취도":90.0,
            "중학교학업성취도":88.0,
            "용적률":219,
            "건폐율":16,
            "Y":35.140591,
            "X":129.099797,
            "rank":26.0,
            "area_info":"25평(84.32), 30평(100.61), 30평(100.61), 32평(106.27), 33평(110.17), 45평(152.04)",
            "last_sales":"2021-07-06,114000.0,45평(152.04)",
            "rank_history":[
                [
                    "202202",
                    26
                ],
                [
                    "202201",
                    31
                ]
            ],
            "rank_gap":5
        },
        {
            "index":537,
            "아파트명":"LG메트로시티4-1차",
            "투자타입":"일반",
            "전용면적(m2)":"107.24",
            "전용면적(평)":"32평",
            "법정동주소":"부산시 남구 용호동 176-30",
            "도로명주소":"부산시 남구 분포로 113",
            "세대수":90,
            "입주년차":20,
            "용적률점수":"--",
            "건폐율점수":"--",
            "세대당주차수":60,
            "난방방식":30,
            "공급면적":"--",
            "전용률":"--",
            "욕실수":100,
            "현관타입":100,
            "주거총점":67.5,
            "지역구공급총점":0.0,
            "역세권":0,
            "30분내 이동가능 거점":0,
            "1시간내 이동가능 거점":10,
            "교통총점":2.0,
            "백화점":0,
            "아울렛몰":0,
            "대형마트":80,
            "은행":70,
            "병원":0,
            "종합병원":100,
            "공원":100,
            "혐오시설":0,
            "인프라총점":42.0,
            "초등학군":90.0,
            "중학군":56.4,
            "학군총점":63.12,
            "인구수":27.8,
            "인구증감":-9.78,
            "인구총점":16.526,
            "일자리":11.26,
            "소득수준":67.68,
            "일자리총점":28.186,
            "가치 총점":48.711,
            "매매실거래년":20211124.0,
            "매매실거래가":83000.0,
            "전세실거래년":20211022.0,
            "전세실거래가":40000.0,
            "전세가율":54.95,
            "장기전세가율평균":70.72,
            "전세가율거품지수":15.77,
            "검색코드":9709,
            "세대수":1391.0,
            "준공년월":"2003-08-01",
            "준공년차":20.0,
            "가까운역이름":"경성대·부경대",
            "가까운역거리":1198.94,
            "역세권여부":"비역세권",
            "30분이내주요거점역":0,
            "30분거점역이름":"[]",
            "1시간이내주요거점역":1,
            "1시간거점역이름":"['하단']",
            "3km이내백화점수":0,
            "5km이내아울렛몰수":0,
            "1km이내대형먀트수":1,
            "500m이내은행수":3,
            "500m이내병원수":0,
            "5km이내대형병원수":4,
            "500m이내공원수":2,
            "3km이내혐오시설수":0,
            "초등학교학업성취도":90.0,
            "중학교학업성취도":91.4,
            "용적률":0,
            "건폐율":0,
            "Y":35.129838,
            "X":129.10967,
            "rank":27.0,
            "area_info":"32평(107.24), 32평(107.97), 40평(133.32), 46평(152.17), 54평(179.62), 61평(204.48), 72평(239.88), 93평(308.51)",
            "last_sales":"2021-11-24,83000.0,40평(133.32)",
            "rank_history":[
                [
                    "202202",
                    27
                ],
                [
                    "202201",
                    21
                ]
            ],
            "rank_gap":-6
        },
        {
            "index":756,
            "아파트명":"대승하이아트",
            "투자타입":"일반",
            "전용면적(m2)":"75.37",
            "전용면적(평)":"22평",
            "법정동주소":"부산시 남구 우암동 10",
            "도로명주소":"부산시 남구 유엔로 66",
            "세대수":0,
            "입주년차":20,
            "용적률점수":"--",
            "건폐율점수":"--",
            "세대당주차수":30,
            "난방방식":30,
            "공급면적":"--",
            "전용률":"--",
            "욕실수":50,
            "현관타입":100,
            "주거총점":26.5,
            "지역구공급총점":0.0,
            "역세권":50,
            "30분내 이동가능 거점":0,
            "1시간내 이동가능 거점":10,
            "교통총점":27.0,
            "백화점":100,
            "아울렛몰":0,
            "대형마트":100,
            "은행":0,
            "병원":0,
            "종합병원":100,
            "공원":100,
            "혐오시설":0,
            "인프라총점":68.0,
            "초등학군":89.94,
            "중학군":50.44,
            "학군총점":58.34,
            "인구수":27.8,
            "인구증감":-9.78,
            "인구총점":16.526,
            "일자리":11.26,
            "소득수준":67.68,
            "일자리총점":28.186,
            "가치 총점":48.577,
            "매매실거래년":20211217.0,
            "매매실거래가":20100.0,
            "전세실거래년":20190316.0,
            "전세실거래가":13000.0,
            "전세가율":64.68,
            "장기전세가율평균":70.72,
            "전세가율거품지수":6.04,
            "검색코드":8905,
            "세대수":215.0,
            "준공년월":"1999-08-21",
            "준공년차":24.0,
            "가까운역이름":"못골",
            "가까운역거리":784.85,
            "역세권여부":"준역세권",
            "30분이내주요거점역":0,
            "30분거점역이름":"[]",
            "1시간이내주요거점역":1,
            "1시간거점역이름":"['하단']",
            "3km이내백화점수":1,
            "5km이내아울렛몰수":0,
            "1km이내대형먀트수":2,
            "500m이내은행수":0,
            "500m이내병원수":0,
            "5km이내대형병원수":9,
            "500m이내공원수":3,
            "3km이내혐오시설수":0,
            "초등학교학업성취도":89.94,
            "중학교학업성취도":82.8,
            "용적률":348,
            "건폐율":36,
            "Y":35.127704,
            "X":129.083496,
            "rank":28.0,
            "area_info":"22평(75.37), 25평(83.39), 30평(99.46)",
            "last_sales":"2021-12-17,20100.0,22평(75.37)",
            "rank_history":[
                [
                    "202202",
                    28
                ],
                [
                    "202201",
                    38
                ]
            ],
            "rank_gap":10
        },
        {
            "index":441,
            "아파트명":"성동",
            "투자타입":"재건축",
            "전용면적(m2)":"11.01",
            "전용면적(평)":"3평",
            "법정동주소":"부산시 남구 문현동 788-1",
            "도로명주소":"부산시 남구 남동천로 58",
            "세대수":0,
            "입주년차":"--",
            "용적률점수":0,
            "건폐율점수":0,
            "세대당주차수":"--",
            "난방방식":"--",
            "공급면적":50,
            "전용률":100,
            "욕실수":"--",
            "현관타입":"--",
            "주거총점":7.5,
            "지역구공급총점":0.0,
            "역세권":80,
            "30분내 이동가능 거점":0,
            "1시간내 이동가능 거점":10,
            "교통총점":42.0,
            "백화점":100,
            "아울렛몰":0,
            "대형마트":100,
            "은행":100,
            "병원":0,
            "종합병원":100,
            "공원":100,
            "혐오시설":0,
            "인프라총점":78.0,
            "초등학군":90.0,
            "중학군":48.26,
            "학군총점":56.608,
            "인구수":27.8,
            "인구증감":-9.78,
            "인구총점":16.526,
            "일자리":11.26,
            "소득수준":67.68,
            "일자리총점":28.186,
            "가치 총점":48.5574,
            "매매실거래년":20200618.0,
            "매매실거래가":39500.0,
            "전세실거래년":null,
            "전세실거래가":null,
            "전세가율":null,
            "장기전세가율평균":70.72,
            "전세가율거품지수":null,
            "검색코드":106301,
            "세대수":110.0,
            "준공년월":"1974-08-12",
            "준공년차":49.0,
            "가까운역이름":"문현",
            "가까운역거리":407.49,
            "역세권여부":"역세권",
            "30분이내주요거점역":0,
            "30분거점역이름":"[]",
            "1시간이내주요거점역":1,
            "1시간거점역이름":"['하단']",
            "3km이내백화점수":2,
            "5km이내아울렛몰수":0,
            "1km이내대형먀트수":3,
            "500m이내은행수":10,
            "500m이내병원수":0,
            "5km이내대형병원수":11,
            "500m이내공원수":2,
            "3km이내혐오시설수":0,
            "초등학교학업성취도":90.0,
            "중학교학업성취도":79.9,
            "용적률":0,
            "건폐율":0,
            "Y":35.142173,
            "X":129.065065,
            "rank":29.0,
            "area_info":"3평(11.01), 3평(11.04), 14평(48.73), 14평(48.76), 16평(52.99), 16평(52.96)",
            "last_sales":"2020-06-18,39500.0,16평(52.99)",
            "rank_history":[
                [
                    "202202",
                    29
                ],
                [
                    "202201",
                    42
                ]
            ],
            "rank_gap":13
        },
        {
            "index":518,
            "아파트명":"LG메트로시티1차",
            "투자타입":"일반",
            "전용면적(m2)":"80.31",
            "전용면적(평)":"24평",
            "법정동주소":"부산시 남구 용호동 176-30",
            "도로명주소":"부산시 남구 분포로 111",
            "세대수":100,
            "입주년차":20,
            "용적률점수":"--",
            "건폐율점수":"--",
            "세대당주차수":60,
            "난방방식":30,
            "공급면적":"--",
            "전용률":"--",
            "욕실수":50,
            "현관타입":100,
            "주거총점":66.0,
            "지역구공급총점":0.0,
            "역세권":0,
            "30분내 이동가능 거점":0,
            "1시간내 이동가능 거점":0,
            "교통총점":0.0,
            "백화점":0,
            "아울렛몰":0,
            "대형마트":80,
            "은행":70,
            "병원":0,
            "종합병원":100,
            "공원":100,
            "혐오시설":0,
            "인프라총점":42.0,
            "초등학군":90.01,
            "중학군":56.4,
            "학군총점":63.122,
            "인구수":27.8,
            "인구증감":-9.78,
            "인구총점":16.526,
            "일자리":11.26,
            "소득수준":67.68,
            "일자리총점":28.186,
            "가치 총점":48.0366,
            "매매실거래년":20210924.0,
            "매매실거래가":119000.0,
            "전세실거래년":20210723.0,
            "전세실거래가":29000.0,
            "전세가율":50.17,
            "장기전세가율평균":70.72,
            "전세가율거품지수":20.55,
            "검색코드":8039,
            "세대수":2637.0,
            "준공년월":"2001-06-16",
            "준공년차":22.0,
            "가까운역이름":"경성대·부경대",
            "가까운역거리":1401.92,
            "역세권여부":"비역세권",
            "30분이내주요거점역":0,
            "30분거점역이름":"[]",
            "1시간이내주요거점역":0,
            "1시간거점역이름":"[]",
            "3km이내백화점수":0,
            "5km이내아울렛몰수":0,
            "1km이내대형먀트수":1,
            "500m이내은행수":4,
            "500m이내병원수":0,
            "5km이내대형병원수":4,
            "500m이내공원수":2,
            "3km이내혐오시설수":0,
            "초등학교학업성취도":90.01,
            "중학교학업성취도":91.4,
            "용적률":300,
            "건폐율":18,
            "Y":35.128704,
            "X":129.111443,
            "rank":30.0,
            "area_info":"24평(80.31), 24평(81.12), 32평(107.27), 32평(108.11), 39평(131.85), 43평(144.25), 53평(178.11), 69평(230.65), 72평(239.85), 92평(306.49)",
            "last_sales":"2021-09-24,119000.0,69평(230.65)",
            "rank_history":[
                [
                    "202202",
                    30
                ],
                [
                    "202201",
                    25
                ]
            ],
            "rank_gap":-5
        },
        {
            "index":479,
            "아파트명":"한성벽산기린",
            "투자타입":"재건축",
            "전용면적(m2)":"102.67",
            "전용면적(평)":"31평",
            "법정동주소":"부산시 남구 문현동 351-12",
            "도로명주소":"부산시 남구 지게골로 52-15",
            "세대수":30,
            "입주년차":"--",
            "용적률점수":0,
            "건폐율점수":0,
            "세대당주차수":"--",
            "난방방식":"--",
            "공급면적":90,
            "전용률":80,
            "욕실수":"--",
            "현관타입":"--",
            "주거총점":17.5,
            "지역구공급총점":0.0,
            "역세권":80,
            "30분내 이동가능 거점":0,
            "1시간내 이동가능 거점":10,
            "교통총점":42.0,
            "백화점":100,
            "아울렛몰":0,
            "대형마트":80,
            "은행":20,
            "병원":0,
            "종합병원":100,
            "공원":80,
            "혐오시설":0,
            "인프라총점":66.4,
            "초등학군":89.98,
            "중학군":48.26,
            "학군총점":56.604,
            "인구수":27.8,
            "인구증감":-9.78,
            "인구총점":16.526,
            "일자리":11.26,
            "소득수준":67.68,
            "일자리총점":28.186,
            "가치 총점":47.5762,
            "매매실거래년":20211127.0,
            "매매실거래가":30300.0,
            "전세실거래년":20220126.0,
            "전세실거래가":22000.0,
            "전세가율":72.61,
            "장기전세가율평균":70.72,
            "전세가율거품지수":-1.89,
            "검색코드":4575,
            "세대수":300.0,
            "준공년월":"1990-11-19",
            "준공년차":33.0,
            "가까운역이름":"지게골",
            "가까운역거리":295.8,
            "역세권여부":"역세권",
            "30분이내주요거점역":0,
            "30분거점역이름":"[]",
            "1시간이내주요거점역":1,
            "1시간거점역이름":"['하단']",
            "3km이내백화점수":2,
            "5km이내아울렛몰수":0,
            "1km이내대형먀트수":1,
            "500m이내은행수":2,
            "500m이내병원수":0,
            "5km이내대형병원수":11,
            "500m이내공원수":1,
            "3km이내혐오시설수":0,
            "초등학교학업성취도":89.98,
            "중학교학업성취도":79.9,
            "용적률":0,
            "건폐율":0,
            "Y":35.134916,
            "X":129.071269,
            "rank":31.0,
            "area_info":"31평(102.67), 31평(102.71)",
            "last_sales":"2021-11-27,30300.0,31평(102.67)",
            "rank_history":[
                [
                    "202202",
                    31
                ],
                [
                    "202201",
                    39
                ]
            ],
            "rank_gap":8
        },
        {
            "index":796,
            "아파트명":"일신보라",
            "투자타입":"일반",
            "전용면적(m2)":"79.77",
            "전용면적(평)":"24평",
            "법정동주소":"부산시 남구 우암동 120-100",
            "도로명주소":"부산시 남구 유엔로 15",
            "세대수":50,
            "입주년차":0,
            "용적률점수":"--",
            "건폐율점수":"--",
            "세대당주차수":30,
            "난방방식":30,
            "공급면적":"--",
            "전용률":"--",
            "욕실수":50,
            "현관타입":100,
            "주거총점":40.0,
            "지역구공급총점":0.0,
            "역세권":0,
            "30분내 이동가능 거점":0,
            "1시간내 이동가능 거점":10,
            "교통총점":2.0,
            "백화점":100,
            "아울렛몰":0,
            "대형마트":80,
            "은행":0,
            "병원":0,
            "종합병원":100,
            "공원":100,
            "혐오시설":0,
            "인프라총점":65.0,
            "초등학군":90.0,
            "중학군":50.44,
            "학군총점":58.352,
            "인구수":27.8,
            "인구증감":-9.78,
            "인구총점":16.526,
            "일자리":11.26,
            "소득수준":67.68,
            "일자리총점":28.186,
            "가치 총점":47.3056,
            "매매실거래년":20211102.0,
            "매매실거래가":24500.0,
            "전세실거래년":20211211.0,
            "전세실거래가":14700.0,
            "전세가율":60.0,
            "장기전세가율평균":70.72,
            "전세가율거품지수":10.72,
            "검색코드":4731,
            "세대수":661.0,
            "준공년월":"1998-09-11",
            "준공년차":25.0,
            "가까운역이름":"못골",
            "가까운역거리":1043.01,
            "역세권여부":"비역세권",
            "30분이내주요거점역":0,
            "30분거점역이름":"[]",
            "1시간이내주요거점역":1,
            "1시간거점역이름":"['하단']",
            "3km이내백화점수":1,
            "5km이내아울렛몰수":0,
            "1km이내대형먀트수":1,
            "500m이내은행수":1,
            "500m이내병원수":0,
            "5km이내대형병원수":11,
            "500m이내공원수":2,
            "3km이내혐오시설수":0,
            "초등학교학업성취도":90.0,
            "중학교학업성취도":82.8,
            "용적률":324,
            "건폐율":43,
            "Y":35.126593,
            "X":129.078665,
            "rank":32.0,
            "area_info":"24평(79.77), 24평(79.77), 32평(105.85), 42평(140.99)",
            "last_sales":"2021-11-02,24500.0,24평(79.77)",
            "rank_history":[
                [
                    "202202",
                    32
                ],
                [
                    "202201",
                    22
                ]
            ],
            "rank_gap":-10
        },
        {
            "index":158,
            "아파트명":"대연자이",
            "투자타입":"일반",
            "전용면적(m2)":"59.95",
            "전용면적(평)":"18평",
            "법정동주소":"부산시 남구 대연동 1912",
            "도로명주소":"부산시 남구 유엔로 246",
            "세대수":90,
            "입주년차":100,
            "용적률점수":"--",
            "건폐율점수":"--",
            "세대당주차수":30,
            "난방방식":30,
            "공급면적":"--",
            "전용률":"--",
            "욕실수":50,
            "현관타입":100,
            "주거총점":74.0,
            "지역구공급총점":0.0,
            "역세권":50,
            "30분내 이동가능 거점":0,
            "1시간내 이동가능 거점":10,
            "교통총점":27.0,
            "백화점":0,
            "아울렛몰":0,
            "대형마트":0,
            "은행":0,
            "병원":0,
            "종합병원":100,
            "공원":100,
            "혐오시설":0,
            "인프라총점":23.0,
            "초등학군":89.99,
            "중학군":51.22,
            "학군총점":58.974,
            "인구수":27.8,
            "인구증감":-9.78,
            "인구총점":16.526,
            "일자리":11.26,
            "소득수준":67.68,
            "일자리총점":28.186,
            "가치 총점":47.1422,
            "매매실거래년":20220121.0,
            "매매실거래가":37500.0,
            "전세실거래년":20210930.0,
            "전세실거래가":23500.0,
            "전세가율":62.67,
            "장기전세가율평균":70.72,
            "전세가율거품지수":8.05,
            "검색코드":113686,
            "세대수":965.0,
            "준공년월":"2019-03-28",
            "준공년차":4.0,
            "가까운역이름":"경성대·부경대",
            "가까운역거리":893.67,
            "역세권여부":"준역세권",
            "30분이내주요거점역":0,
            "30분거점역이름":"[]",
            "1시간이내주요거점역":1,
            "1시간거점역이름":"['하단']",
            "3km이내백화점수":0,
            "5km이내아울렛몰수":0,
            "1km이내대형먀트수":0,
            "500m이내은행수":1,
            "500m이내병원수":0,
            "5km이내대형병원수":7,
            "500m이내공원수":2,
            "3km이내혐오시설수":0,
            "초등학교학업성취도":89.99,
            "중학교학업성취도":82.5,
            "용적률":266,
            "건폐율":16,
            "Y":35.129884,
            "X":129.103267,
            "rank":33.0,
            "area_info":"18평(59.95), 22평(73.12), 22평(73.19), 25평(84.69), 25평(85.17), 28평(95.39), 33평(110.61), 33평(112.05)",
            "last_sales":"2022-01-21,37500.0,18평(59.95)",
            "rank_history":[
                [
                    "202202",
                    33
                ],
                [
                    "202201",
                    35
                ]
            ],
            "rank_gap":2
        },
        {
            "index":283,
            "아파트명":"삼익그린타운",
            "투자타입":"일반",
            "전용면적(m2)":"77.6",
            "전용면적(평)":"23평",
            "법정동주소":"부산시 남구 대연동 245-23",
            "도로명주소":"부산시 남구 황령대로319번가길 142",
            "세대수":80,
            "입주년차":20,
            "용적률점수":"--",
            "건폐율점수":"--",
            "세대당주차수":30,
            "난방방식":30,
            "공급면적":"--",
            "전용률":"--",
            "욕실수":50,
            "현관타입":100,
            "주거총점":54.5,
            "지역구공급총점":0.0,
            "역세권":0,
            "30분내 이동가능 거점":0,
            "1시간내 이동가능 거점":0,
            "교통총점":0.0,
            "백화점":100,
            "아울렛몰":0,
            "대형마트":0,
            "은행":0,
            "병원":0,
            "종합병원":100,
            "공원":80,
            "혐오시설":0,
            "인프라총점":52.4,
            "초등학군":90.0,
            "중학군":51.36,
            "학군총점":59.088,
            "인구수":27.8,
            "인구증감":-9.78,
            "인구총점":16.526,
            "일자리":11.26,
            "소득수준":67.68,
            "일자리총점":28.186,
            "가치 총점":47.0714,
            "매매실거래년":20220103.0,
            "매매실거래가":25500.0,
            "전세실거래년":20211127.0,
            "전세실거래가":16000.0,
            "전세가율":69.57,
            "장기전세가율평균":70.72,
            "전세가율거품지수":1.15,
            "검색코드":4532,
            "세대수":725.0,
            "준공년월":"2001-02-20",
            "준공년차":22.0,
            "가까운역이름":"대연",
            "가까운역거리":1965.16,
            "역세권여부":"비역세권",
            "30분이내주요거점역":0,
            "30분거점역이름":"[]",
            "1시간이내주요거점역":0,
            "1시간거점역이름":"[]",
            "3km이내백화점수":2,
            "5km이내아울렛몰수":0,
            "1km이내대형먀트수":0,
            "500m이내은행수":1,
            "500m이내병원수":0,
            "5km이내대형병원수":9,
            "500m이내공원수":1,
            "3km이내혐오시설수":0,
            "초등학교학업성취도":90.0,
            "중학교학업성취도":84.4,
            "용적률":298,
            "건폐율":20,
            "Y":35.152419,
            "X":129.087665,
            "rank":34.0,
            "area_info":"23평(77.6), 23평(77.46), 31평(104.01), 47평(158.28), 59평(198.28)",
            "last_sales":"2022-01-03,25500.0,31평(104.01)",
            "rank_history":[
                [
                    "202202",
                    34
                ],
                [
                    "202201",
                    23
                ]
            ],
            "rank_gap":-11
        },
        {
            "index":490,
            "아파트명":"현대",
            "투자타입":"일반",
            "전용면적(m2)":"78.23",
            "전용면적(평)":"23평",
            "법정동주소":"부산시 남구 문현동 73-1",
            "도로명주소":"부산시 남구 진남로198번길 9-1",
            "세대수":50,
            "입주년차":0,
            "용적률점수":"--",
            "건폐율점수":"--",
            "세대당주차수":0,
            "난방방식":30,
            "공급면적":"--",
            "전용률":"--",
            "욕실수":50,
            "현관타입":100,
            "주거총점":35.5,
            "지역구공급총점":0.0,
            "역세권":0,
            "30분내 이동가능 거점":0,
            "1시간내 이동가능 거점":10,
            "교통총점":2.0,
            "백화점":100,
            "아울렛몰":0,
            "대형마트":80,
            "은행":0,
            "병원":0,
            "종합병원":100,
            "공원":100,
            "혐오시설":0,
            "인프라총점":65.0,
            "초등학군":90.0,
            "중학군":51.36,
            "학군총점":59.088,
            "인구수":27.8,
            "인구증감":-9.78,
            "인구총점":16.526,
            "일자리":11.26,
            "소득수준":67.68,
            "일자리총점":28.186,
            "가치 총점":46.4014,
            "매매실거래년":20220112.0,
            "매매실거래가":34300.0,
            "전세실거래년":20211207.0,
            "전세실거래가":25000.0,
            "전세가율":102.04,
            "장기전세가율평균":70.72,
            "전세가율거품지수":-31.32,
            "검색코드":4592,
            "세대수":693.0,
            "준공년월":"1998-06-29",
            "준공년차":25.0,
            "가까운역이름":"지게골",
            "가까운역거리":1073.19,
            "역세권여부":"비역세권",
            "30분이내주요거점역":0,
            "30분거점역이름":"[]",
            "1시간이내주요거점역":1,
            "1시간거점역이름":"['하단']",
            "3km이내백화점수":2,
            "5km이내아울렛몰수":0,
            "1km이내대형먀트수":1,
            "500m이내은행수":0,
            "500m이내병원수":0,
            "5km이내대형병원수":9,
            "500m이내공원수":2,
            "3km이내혐오시설수":0,
            "초등학교학업성취도":90.0,
            "중학교학업성취도":84.4,
            "용적률":0,
            "건폐율":0,
            "Y":35.144595,
            "X":129.078584,
            "rank":35.0,
            "area_info":"23평(78.23), 31평(104.9), 41평(136.09)",
            "last_sales":"2022-01-12,34300.0,31평(104.9)",
            "rank_history":[
                [
                    "202202",
                    35
                ],
                [
                    "202201",
                    28
                ]
            ],
            "rank_gap":-7
        },
        {
            "index":166,
            "아파트명":"대연청구",
            "투자타입":"일반",
            "전용면적(m2)":"76.04",
            "전용면적(평)":"23평",
            "법정동주소":"부산시 남구 대연동 243-23",
            "도로명주소":"부산시 남구 황령대로319번가길 110",
            "세대수":50,
            "입주년차":20,
            "용적률점수":"--",
            "건폐율점수":"--",
            "세대당주차수":60,
            "난방방식":30,
            "공급면적":"--",
            "전용률":"--",
            "욕실수":100,
            "현관타입":100,
            "주거총점":53.5,
            "지역구공급총점":0.0,
            "역세권":0,
            "30분내 이동가능 거점":0,
            "1시간내 이동가능 거점":0,
            "교통총점":0.0,
            "백화점":100,
            "아울렛몰":0,
            "대형마트":0,
            "은행":0,
            "병원":0,
            "종합병원":100,
            "공원":80,
            "혐오시설":0,
            "인프라총점":52.4,
            "초등학군":90.0,
            "중학군":49.42,
            "학군총점":57.536,
            "인구수":27.8,
            "인구증감":-9.78,
            "인구총점":16.526,
            "일자리":11.26,
            "소득수준":67.68,
            "일자리총점":28.186,
            "가치 총점":46.3558,
            "매매실거래년":20211204.0,
            "매매실거래가":22000.0,
            "전세실거래년":20211127.0,
            "전세실거래가":16000.0,
            "전세가율":72.73,
            "장기전세가율평균":70.72,
            "전세가율거품지수":-2.01,
            "검색코드":4548,
            "세대수":604.0,
            "준공년월":"2001-07-03",
            "준공년차":22.0,
            "가까운역이름":"금련산",
            "가까운역거리":2044.01,
            "역세권여부":"비역세권",
            "30분이내주요거점역":0,
            "30분거점역이름":"[]",
            "1시간이내주요거점역":0,
            "1시간거점역이름":"[]",
            "3km이내백화점수":1,
            "5km이내아울렛몰수":0,
            "1km이내대형먀트수":0,
            "500m이내은행수":1,
            "500m이내병원수":0,
            "5km이내대형병원수":10,
            "500m이내공원수":1,
            "3km이내혐오시설수":0,
            "초등학교학업성취도":90.0,
            "중학교학업성취도":79.9,
            "용적률":293,
            "건폐율":22,
            "Y":35.154253,
            "X":129.089182,
            "rank":36.0,
            "area_info":"23평(76.04), 23평(78.34), 31평(104.65), 32평(107.79), 51평(169.3), 72평(238.92)",
            "last_sales":"2021-12-04,22000.0,23평(78.34)",
            "rank_history":[
                [
                    "202202",
                    36
                ],
                [
                    "202201",
                    27
                ]
            ],
            "rank_gap":-9
        },
        {
            "index":294,
            "아파트명":"아침햇살",
            "투자타입":"일반",
            "전용면적(m2)":"64.74",
            "전용면적(평)":"19평",
            "법정동주소":"부산시 남구 대연동 40-3",
            "도로명주소":"부산시 남구 용소로13번길 61",
            "세대수":0,
            "입주년차":40,
            "용적률점수":"--",
            "건폐율점수":"--",
            "세대당주차수":30,
            "난방방식":30,
            "공급면적":"--",
            "전용률":"--",
            "욕실수":100,
            "현관타입":100,
            "주거총점":35.5,
            "지역구공급총점":0.0,
            "역세권":80,
            "30분내 이동가능 거점":0,
            "1시간내 이동가능 거점":10,
            "교통총점":42.0,
            "백화점":0,
            "아울렛몰":0,
            "대형마트":80,
            "은행":70,
            "병원":0,
            "종합병원":100,
            "공원":100,
            "혐오시설":0,
            "인프라총점":42.0,
            "초등학군":90.0,
            "중학군":54.84,
            "학군총점":61.872,
            "인구수":27.8,
            "인구증감":-9.78,
            "인구총점":16.526,
            "일자리":11.26,
            "소득수준":67.68,
            "일자리총점":28.186,
            "가치 총점":46.3366,
            "매매실거래년":20210601.0,
            "매매실거래가":33700.0,
            "전세실거래년":20190305.0,
            "전세실거래가":6500.0,
            "전세가율":28.02,
            "장기전세가율평균":70.72,
            "전세가율거품지수":42.7,
            "검색코드":22605,
            "세대수":112.0,
            "준공년월":"2005-01-15",
            "준공년차":18.0,
            "가까운역이름":"경성대·부경대",
            "가까운역거리":325.32,
            "역세권여부":"역세권",
            "30분이내주요거점역":0,
            "30분거점역이름":"[]",
            "1시간이내주요거점역":1,
            "1시간거점역이름":"['하단']",
            "3km이내백화점수":0,
            "5km이내아울렛몰수":0,
            "1km이내대형먀트수":1,
            "500m이내은행수":3,
            "500m이내병원수":0,
            "5km이내대형병원수":8,
            "500m이내공원수":2,
            "3km이내혐오시설수":0,
            "초등학교학업성취도":90.0,
            "중학교학업성취도":88.0,
            "용적률":254,
            "건폐율":43,
            "Y":35.137848,
            "X":129.104084,
            "rank":37.0,
            "area_info":"19평(64.74), 20평(66.58), 20평(67.6), 26평(86.86), 26평(89.15), 28평(93.01)",
            "last_sales":"2021-06-01,33700.0,28평(93.01)",
            "rank_history":[
                [
                    "202202",
                    0
                ],
                [
                    "202201",
                    9999
                ]
            ],
            "rank_gap":9999
        },
        {
            "index":120,
            "아파트명":"대연동원",
            "투자타입":"일반",
            "전용면적(m2)":"112.35",
            "전용면적(평)":"33평",
            "법정동주소":"부산시 남구 대연동 323-6",
            "도로명주소":"부산시 남구 수영로267번길 20",
            "세대수":0,
            "입주년차":20,
            "용적률점수":"--",
            "건폐율점수":"--",
            "세대당주차수":30,
            "난방방식":30,
            "공급면적":"--",
            "전용률":"--",
            "욕실수":100,
            "현관타입":100,
            "주거총점":31.5,
            "지역구공급총점":0.0,
            "역세권":80,
            "30분내 이동가능 거점":0,
            "1시간내 이동가능 거점":10,
            "교통총점":42.0,
            "백화점":0,
            "아울렛몰":0,
            "대형마트":80,
            "은행":100,
            "병원":0,
            "종합병원":100,
            "공원":100,
            "혐오시설":0,
            "인프라총점":45.0,
            "초등학군":90.0,
            "중학군":54.84,
            "학군총점":61.872,
            "인구수":27.8,
            "인구증감":-9.78,
            "인구총점":16.526,
            "일자리":11.26,
            "소득수준":67.68,
            "일자리총점":28.186,
            "가치 총점":46.2366,
            "매매실거래년":20211120.0,
            "매매실거래가":55000.0,
            "전세실거래년":20211119.0,
            "전세실거래가":26250.0,
            "전세가율":47.73,
            "장기전세가율평균":70.72,
            "전세가율거품지수":22.99,
            "검색코드":15873,
            "세대수":262.0,
            "준공년월":"2002-04-04",
            "준공년차":21.0,
            "가까운역이름":"대연",
            "가까운역거리":387.04,
            "역세권여부":"역세권",
            "30분이내주요거점역":0,
            "30분거점역이름":"[]",
            "1시간이내주요거점역":1,
            "1시간거점역이름":"['하단']",
            "3km이내백화점수":0,
            "5km이내아울렛몰수":0,
            "1km이내대형먀트수":1,
            "500m이내은행수":5,
            "500m이내병원수":0,
            "5km이내대형병원수":9,
            "500m이내공원수":2,
            "3km이내혐오시설수":0,
            "초등학교학업성취도":90.0,
            "중학교학업성취도":88.0,
            "용적률":289,
            "건폐율":19,
            "Y":35.13695,
            "X":129.095743,
            "rank":38.0,
            "area_info":"33평(112.35), 43평(143.28)",
            "last_sales":"2021-11-20,55000.0,33평(112.35)",
            "rank_history":[
                [
                    "202202",
                    38
                ],
                [
                    "202201",
                    65
                ]
            ],
            "rank_gap":27
        },
        {
            "index":475,
            "아파트명":"한맥현대",
            "투자타입":"일반",
            "전용면적(m2)":"75.67",
            "전용면적(평)":"22평",
            "법정동주소":"부산시 남구 문현동 145-31",
            "도로명주소":"부산시 남구 문현로66번길 7",
            "세대수":0,
            "입주년차":0,
            "용적률점수":"--",
            "건폐율점수":"--",
            "세대당주차수":0,
            "난방방식":30,
            "공급면적":"--",
            "전용률":"--",
            "욕실수":50,
            "현관타입":100,
            "주거총점":18.0,
            "지역구공급총점":0.0,
            "역세권":50,
            "30분내 이동가능 거점":0,
            "1시간내 이동가능 거점":10,
            "교통총점":27.0,
            "백화점":100,
            "아울렛몰":0,
            "대형마트":80,
            "은행":0,
            "병원":0,
            "종합병원":100,
            "공원":100,
            "혐오시설":0,
            "인프라총점":65.0,
            "초등학군":90.0,
            "중학군":51.36,
            "학군총점":59.088,
            "인구수":27.8,
            "인구증감":-9.78,
            "인구총점":16.526,
            "일자리":11.26,
            "소득수준":67.68,
            "일자리총점":28.186,
            "가치 총점":45.7764,
            "매매실거래년":20211028.0,
            "매매실거래가":14500.0,
            "전세실거래년":20201026.0,
            "전세실거래가":12000.0,
            "전세가율":82.76,
            "장기전세가율평균":70.72,
            "전세가율거품지수":-12.04,
            "검색코드":9804,
            "세대수":144.0,
            "준공년월":"1996-07-15",
            "준공년차":27.0,
            "가까운역이름":"지게골",
            "가까운역거리":841.22,
            "역세권여부":"준역세권",
            "30분이내주요거점역":0,
            "30분거점역이름":"[]",
            "1시간이내주요거점역":1,
            "1시간거점역이름":"['하단']",
            "3km이내백화점수":2,
            "5km이내아울렛몰수":0,
            "1km이내대형먀트수":1,
            "500m이내은행수":0,
            "500m이내병원수":0,
            "5km이내대형병원수":9,
            "500m이내공원수":3,
            "3km이내혐오시설수":0,
            "초등학교학업성취도":90.0,
            "중학교학업성취도":84.4,
            "용적률":189,
            "건폐율":11,
            "Y":35.14287,
            "X":129.07682,
            "rank":39.0,
            "area_info":"22평(75.67), 23평(77.44), 31평(104.82), 32평(105.99)",
            "last_sales":"2021-10-28,14500.0,22평(75.67)",
            "rank_history":[
                [
                    "202202",
                    39
                ],
                [
                    "202201",
                    43
                ]
            ],
            "rank_gap":4
        },
        {
            "index":180,
            "아파트명":"대연푸르지오",
            "투자타입":"일반",
            "전용면적(m2)":"43.53",
            "전용면적(평)":"13평",
            "법정동주소":"부산시 남구 대연동 93-3",
            "도로명주소":"부산시 남구 수영로325번길 12",
            "세대수":50,
            "입주년차":40,
            "용적률점수":"--",
            "건폐율점수":"--",
            "세대당주차수":30,
            "난방방식":30,
            "공급면적":"--",
            "전용률":"--",
            "욕실수":50,
            "현관타입":10,
            "주거총점":39.0,
            "지역구공급총점":0.0,
            "역세권":80,
            "30분내 이동가능 거점":0,
            "1시간내 이동가능 거점":10,
            "교통총점":42.0,
            "백화점":0,
            "아울렛몰":0,
            "대형마트":80,
            "은행":20,
            "병원":0,
            "종합병원":100,
            "공원":100,
            "혐오시설":0,
            "인프라총점":37.0,
            "초등학군":90.0,
            "중학군":54.84,
            "학군총점":61.872,
            "인구수":27.8,
            "인구증감":-9.78,
            "인구총점":16.526,
            "일자리":11.26,
            "소득수준":67.68,
            "일자리총점":28.186,
            "가치 총점":45.7116,
            "매매실거래년":20211011.0,
            "매매실거래가":15500.0,
            "전세실거래년":20211216.0,
            "전세실거래가":12000.0,
            "전세가율":77.42,
            "장기전세가율평균":70.72,
            "전세가율거품지수":-6.7,
            "검색코드":9861,
            "세대수":678.0,
            "준공년월":"2005-01-13",
            "준공년차":18.0,
            "가까운역이름":"경성대·부경대",
            "가까운역거리":229.29,
            "역세권여부":"역세권",
            "30분이내주요거점역":0,
            "30분거점역이름":"[]",
            "1시간이내주요거점역":1,
            "1시간거점역이름":"['하단']",
            "3km이내백화점수":0,
            "5km이내아울렛몰수":0,
            "1km이내대형먀트수":1,
            "500m이내은행수":2,
            "500m이내병원수":0,
            "5km이내대형병원수":8,
            "500m이내공원수":3,
            "3km이내혐오시설수":0,
            "초등학교학업성취도":90.0,
            "중학교학업성취도":88.0,
            "용적률":531,
            "건폐율":58,
            "Y":35.139218,
            "X":129.102083,
            "rank":40.0,
            "area_info":"13평(43.53), 13평(43.53), 19평(65.14), 28평(93.18), 32평(107.89), 42평(140.56), 48평(160.77), 55평(182.4), 60평(198.86), 75평(250.48), 83평(276.35), 83평(277.24), 99평(328.46)",
            "last_sales":"2021-10-11,15500.0,13평(43.53)",
            "rank_history":[
                [
                    "202202",
                    40
                ],
                [
                    "202201",
                    47
                ]
            ],
            "rank_gap":7
        },
        {
            "index":92,
            "아파트명":"대연SK뷰힐스(도시형)",
            "투자타입":"일반",
            "전용면적(m2)":"28.14",
            "전용면적(평)":"8평",
            "법정동주소":"부산시 남구 대연동 1909",
            "도로명주소":"부산시 남구 수영로 261",
            "세대수":0,
            "입주년차":100,
            "용적률점수":"--",
            "건폐율점수":"--",
            "세대당주차수":0,
            "난방방식":30,
            "공급면적":"--",
            "전용률":"--",
            "욕실수":50,
            "현관타입":10,
            "주거총점":29.0,
            "지역구공급총점":0.0,
            "역세권":80,
            "30분내 이동가능 거점":0,
            "1시간내 이동가능 거점":10,
            "교통총점":42.0,
            "백화점":0,
            "아울렛몰":0,
            "대형마트":80,
            "은행":100,
            "병원":0,
            "종합병원":100,
            "공원":100,
            "혐오시설":0,
            "인프라총점":45.0,
            "초등학군":90.0,
            "중학군":54.84,
            "학군총점":61.872,
            "인구수":27.8,
            "인구증감":-9.78,
            "인구총점":16.526,
            "일자리":11.26,
            "소득수준":67.68,
            "일자리총점":28.186,
            "가치 총점":45.6116,
            "매매실거래년":20191027.0,
            "매매실거래가":11406.0,
            "전세실거래년":null,
            "전세실거래가":null,
            "전세가율":null,
            "장기전세가율평균":70.72,
            "전세가율거품지수":null,
            "검색코드":110739,
            "세대수":180.0,
            "준공년월":"2019-08-29",
            "준공년차":4.0,
            "가까운역이름":"대연",
            "가까운역거리":320.58,
            "역세권여부":"역세권",
            "30분이내주요거점역":0,
            "30분거점역이름":"[]",
            "1시간이내주요거점역":1,
            "1시간거점역이름":"['하단']",
            "3km이내백화점수":0,
            "5km이내아울렛몰수":0,
            "1km이내대형먀트수":1,
            "500m이내은행수":5,
            "500m이내병원수":0,
            "5km이내대형병원수":9,
            "500m이내공원수":2,
            "3km이내혐오시설수":0,
            "초등학교학업성취도":90.0,
            "중학교학업성취도":88.0,
            "용적률":681,
            "건폐율":50,
            "Y":35.136183,
            "X":129.095398,
            "rank":41.0,
            "area_info":"8평(28.14), 8평(28.19), 9평(32.12), 14평(46.4)",
            "last_sales":"2019-10-27,11406.0,9평(32.12)",
            "rank_history":[
                [
                    "202202",
                    41
                ],
                [
                    "202201",
                    69
                ]
            ],
            "rank_gap":28
        },
        {
            "index":327,
            "아파트명":"중앙(1,2동)",
            "투자타입":"재건축",
            "전용면적(m2)":"44.96",
            "전용면적(평)":"13평",
            "법정동주소":"부산시 남구 대연동 1781-80",
            "도로명주소":"부산시 남구 수영로49번나길 51",
            "세대수":0,
            "입주년차":"--",
            "용적률점수":0,
            "건폐율점수":0,
            "세대당주차수":"--",
            "난방방식":"--",
            "공급면적":50,
            "전용률":100,
            "욕실수":"--",
            "현관타입":"--",
            "주거총점":7.5,
            "지역구공급총점":0.0,
            "역세권":80,
            "30분내 이동가능 거점":0,
            "1시간내 이동가능 거점":10,
            "교통총점":42.0,
            "백화점":100,
            "아울렛몰":0,
            "대형마트":80,
            "은행":0,
            "병원":0,
            "종합병원":100,
            "공원":100,
            "혐오시설":0,
            "인프라총점":65.0,
            "초등학군":89.99,
            "중학군":51.36,
            "학군총점":59.086,
            "인구수":27.8,
            "인구증감":-9.78,
            "인구총점":16.526,
            "일자리":11.26,
            "소득수준":67.68,
            "일자리총점":28.186,
            "가치 총점":45.4008,
            "매매실거래년":20220102.0,
            "매매실거래가":15250.0,
            "전세실거래년":20211113.0,
            "전세실거래가":7500.0,
            "전세가율":49.18,
            "장기전세가율평균":70.72,
            "전세가율거품지수":21.54,
            "검색코드":112186,
            "세대수":100.0,
            "준공년월":"1971",
            "준공년차":52.0,
            "가까운역이름":"지게골",
            "가까운역거리":329.98,
            "역세권여부":"역세권",
            "30분이내주요거점역":0,
            "30분거점역이름":"[]",
            "1시간이내주요거점역":1,
            "1시간거점역이름":"['하단']",
            "3km이내백화점수":2,
            "5km이내아울렛몰수":0,
            "1km이내대형먀트수":1,
            "500m이내은행수":1,
            "500m이내병원수":0,
            "5km이내대형병원수":9,
            "500m이내공원수":3,
            "3km이내혐오시설수":0,
            "초등학교학업성취도":89.99,
            "중학교학업성취도":84.4,
            "용적률":0,
            "건폐율":0,
            "Y":35.137997,
            "X":129.0765,
            "rank":42.0,
            "area_info":"13평(44.96)",
            "last_sales":"2022-01-02,15250.0,13평(44.96)",
            "rank_history":[
                [
                    "202202",
                    42
                ],
                [
                    "202201",
                    61
                ]
            ],
            "rank_gap":19
        },
        {
            "index":774,
            "아파트명":"상경전원맨션",
            "투자타입":"일반",
            "전용면적(m2)":"74.03",
            "전용면적(평)":"22평",
            "법정동주소":"부산시 남구 우암동 216",
            "도로명주소":"부산시 남구 장고개로 62",
            "세대수":0,
            "입주년차":0,
            "용적률점수":"--",
            "건폐율점수":"--",
            "세대당주차수":0,
            "난방방식":30,
            "공급면적":"--",
            "전용률":"--",
            "욕실수":50,
            "현관타입":100,
            "주거총점":18.0,
            "지역구공급총점":0.0,
            "역세권":50,
            "30분내 이동가능 거점":0,
            "1시간내 이동가능 거점":10,
            "교통총점":27.0,
            "백화점":100,
            "아울렛몰":0,
            "대형마트":80,
            "은행":0,
            "병원":0,
            "종합병원":100,
            "공원":100,
            "혐오시설":-50,
            "인프라총점":64.0,
            "초등학군":89.98,
            "중학군":50.44,
            "학군총점":58.348,
            "인구수":27.8,
            "인구증감":-9.78,
            "인구총점":16.526,
            "일자리":11.26,
            "소득수준":67.68,
            "일자리총점":28.186,
            "가치 총점":45.2544,
            "매매실거래년":20211103.0,
            "매매실거래가":25000.0,
            "전세실거래년":20220110.0,
            "전세실거래가":13500.0,
            "전세가율":90.0,
            "장기전세가율평균":70.72,
            "전세가율거품지수":-19.28,
            "검색코드":9825,
            "세대수":141.0,
            "준공년월":"1993-12-31",
            "준공년차":30.0,
            "가까운역이름":"지게골",
            "가까운역거리":622.48,
            "역세권여부":"준역세권",
            "30분이내주요거점역":0,
            "30분거점역이름":"[]",
            "1시간이내주요거점역":1,
            "1시간거점역이름":"['하단']",
            "3km이내백화점수":1,
            "5km이내아울렛몰수":0,
            "1km이내대형먀트수":1,
            "500m이내은행수":0,
            "500m이내병원수":0,
            "5km이내대형병원수":11,
            "500m이내공원수":2,
            "3km이내혐오시설수":1,
            "초등학교학업성취도":89.98,
            "중학교학업성취도":82.8,
            "용적률":0,
            "건폐율":0,
            "Y":35.130708,
            "X":129.071016,
            "rank":43.0,
            "area_info":"22평(74.03), 22평(75.83), 24평(81.21), 29평(96.62), 38평(126.38), 39평(129.56)",
            "last_sales":"2021-11-03,25000.0,38평(126.38)",
            "rank_history":[
                [
                    "202202",
                    43
                ],
                [
                    "202201",
                    49
                ]
            ],
            "rank_gap":6
        },
        {
            "index":226,
            "아파트명":"리마크빌대연(민간임대)",
            "투자타입":"일반",
            "전용면적(m2)":"31.75",
            "전용면적(평)":"9평",
            "법정동주소":"부산시 남구 대연동 54-5",
            "도로명주소":"부산시 남구 수영로 324",
            "세대수":0,
            "입주년차":80,
            "용적률점수":"--",
            "건폐율점수":"--",
            "세대당주차수":0,
            "난방방식":30,
            "공급면적":"--",
            "전용률":"--",
            "욕실수":50,
            "현관타입":10,
            "주거총점":25.0,
            "지역구공급총점":0.0,
            "역세권":100,
            "30분내 이동가능 거점":0,
            "1시간내 이동가능 거점":10,
            "교통총점":52.0,
            "백화점":0,
            "아울렛몰":0,
            "대형마트":80,
            "은행":70,
            "병원":0,
            "종합병원":100,
            "공원":100,
            "혐오시설":0,
            "인프라총점":42.0,
            "초등학군":90.0,
            "중학군":54.84,
            "학군총점":61.872,
            "인구수":27.8,
            "인구증감":-9.78,
            "인구총점":16.526,
            "일자리":11.26,
            "소득수준":67.68,
            "일자리총점":28.186,
            "가치 총점":45.2116,
            "매매실거래년":"18000101",
            "매매실거래가":null,
            "전세실거래년":null,
            "전세실거래가":null,
            "전세가율":null,
            "장기전세가율평균":70.72,
            "전세가율거품지수":null,
            "검색코드":114321,
            "세대수":260.0,
            "준공년월":"2016-12-30",
            "준공년차":7.0,
            "가까운역이름":"경성대·부경대",
            "가까운역거리":96.01,
            "역세권여부":"초역세권",
            "30분이내주요거점역":0,
            "30분거점역이름":"[]",
            "1시간이내주요거점역":1,
            "1시간거점역이름":"['하단']",
            "3km이내백화점수":0,
            "5km이내아울렛몰수":0,
            "1km이내대형먀트수":1,
            "500m이내은행수":3,
            "500m이내병원수":0,
            "5km이내대형병원수":8,
            "500m이내공원수":2,
            "3km이내혐오시설수":0,
            "초등학교학업성취도":90.0,
            "중학교학업성취도":88.0,
            "용적률":711,
            "건폐율":59,
            "Y":35.137755,
            "X":129.101558,
            "rank":44.0,
            "area_info":"9평(31.75), 9평(31.75), 9평(31.52), 9평(31.75), 9평(32.88), 10평(34.24), 11평(37.83), 11평(38.09), 11평(38.09), 11평(38.09), 11평(39.54), 12평(41.01), 20평(68.17), 23평(76.7), 23평(76.79)",
            "last_sales":"1800-01-01,nan,9평(31.75)",
            "rank_history":[
                [
                    "202202",
                    44
                ],
                [
                    "202201",
                    63
                ]
            ],
            "rank_gap":19
        },
        {
            "index":257,
            "아파트명":"마마빌라",
            "투자타입":"재건축",
            "전용면적(m2)":"58.59",
            "전용면적(평)":"17평",
            "법정동주소":"부산시 남구 대연동 1781-66",
            "도로명주소":"부산시 남구 진남로127번길 76",
            "세대수":0,
            "입주년차":"--",
            "용적률점수":0,
            "건폐율점수":0,
            "세대당주차수":"--",
            "난방방식":"--",
            "공급면적":50,
            "전용률":80,
            "욕실수":"--",
            "현관타입":"--",
            "주거총점":6.5,
            "지역구공급총점":0.0,
            "역세권":80,
            "30분내 이동가능 거점":0,
            "1시간내 이동가능 거점":10,
            "교통총점":42.0,
            "백화점":100,
            "아울렛몰":0,
            "대형마트":80,
            "은행":0,
            "병원":0,
            "종합병원":100,
            "공원":100,
            "혐오시설":0,
            "인프라총점":65.0,
            "초등학군":89.99,
            "중학군":51.36,
            "학군총점":59.086,
            "인구수":27.8,
            "인구증감":-9.78,
            "인구총점":16.526,
            "일자리":11.26,
            "소득수준":67.68,
            "일자리총점":28.186,
            "가치 총점":45.1508,
            "매매실거래년":20220102.0,
            "매매실거래가":26700.0,
            "전세실거래년":20210102.0,
            "전세실거래가":8000.0,
            "전세가율":69.57,
            "장기전세가율평균":70.72,
            "전세가율거품지수":1.15,
            "검색코드":4528,
            "세대수":190.0,
            "준공년월":"1988-11-28",
            "준공년차":35.0,
            "가까운역이름":"지게골",
            "가까운역거리":335.48,
            "역세권여부":"역세권",
            "30분이내주요거점역":0,
            "30분거점역이름":"[]",
            "1시간이내주요거점역":1,
            "1시간거점역이름":"['하단']",
            "3km이내백화점수":2,
            "5km이내아울렛몰수":0,
            "1km이내대형먀트수":1,
            "500m이내은행수":0,
            "500m이내병원수":0,
            "5km이내대형병원수":9,
            "500m이내공원수":3,
            "3km이내혐오시설수":0,
            "초등학교학업성취도":89.99,
            "중학교학업성취도":84.4,
            "용적률":0,
            "건폐율":0,
            "Y":35.137722,
            "X":129.077001,
            "rank":45.0,
            "area_info":"17평(58.59), 17평(58.85), 20평(66.56), 20평(66.2), 21평(69.91), 21평(70.18), 21평(71.88), 22평(75.21), 24평(80.51), 24평(82.51), 25평(82.78), 25평(85.81), 26평(87.08), 28평(94.98), 28평(95.24), 29평(96.41), 29평(96.86)",
            "last_sales":"2022-01-02,26700.0,24평(82.51)",
            "rank_history":[
                [
                    "202202",
                    45
                ],
                [
                    "202201",
                    62
                ]
            ],
            "rank_gap":17
        },
        {
            "index":378,
            "아파트명":"동양",
            "투자타입":"재건축",
            "전용면적(m2)":"65.79",
            "전용면적(평)":"19평",
            "법정동주소":"부산시 남구 문현동 303-14",
            "도로명주소":"부산시 남구 지게골로 128-13",
            "세대수":0,
            "입주년차":"--",
            "용적률점수":0,
            "건폐율점수":0,
            "세대당주차수":"--",
            "난방방식":"--",
            "공급면적":50,
            "전용률":100,
            "욕실수":"--",
            "현관타입":"--",
            "주거총점":7.5,
            "지역구공급총점":0.0,
            "역세권":80,
            "30분내 이동가능 거점":0,
            "1시간내 이동가능 거점":10,
            "교통총점":42.0,
            "백화점":100,
            "아울렛몰":0,
            "대형마트":80,
            "은행":0,
            "병원":0,
            "종합병원":100,
            "공원":80,
            "혐오시설":0,
            "인프라총점":64.4,
            "초등학군":89.98,
            "중학군":50.44,
            "학군총점":58.348,
            "인구수":27.8,
            "인구증감":-9.78,
            "인구총점":16.526,
            "일자리":11.26,
            "소득수준":67.68,
            "일자리총점":28.186,
            "가치 총점":44.9994,
            "매매실거래년":20210401.0,
            "매매실거래가":11900.0,
            "전세실거래년":20210806.0,
            "전세실거래가":12000.0,
            "전세가율":100.84,
            "장기전세가율평균":70.72,
            "전세가율거품지수":-30.12,
            "검색코드":4573,
            "세대수":100.0,
            "준공년월":"1980-04-22",
            "준공년차":43.0,
            "가까운역이름":"지게골",
            "가까운역거리":181.19,
            "역세권여부":"역세권",
            "30분이내주요거점역":0,
            "30분거점역이름":"[]",
            "1시간이내주요거점역":1,
            "1시간거점역이름":"['하단']",
            "3km이내백화점수":1,
            "5km이내아울렛몰수":0,
            "1km이내대형먀트수":1,
            "500m이내은행수":1,
            "500m이내병원수":0,
            "5km이내대형병원수":10,
            "500m이내공원수":1,
            "3km이내혐오시설수":0,
            "초등학교학업성취도":89.98,
            "중학교학업성취도":82.8,
            "용적률":0,
            "건폐율":0,
            "Y":35.13394,
            "X":129.074603,
            "rank":46.0,
            "area_info":"19평(65.79), 20평(68.23), 21평(72.54), 21평(72.66)",
            "last_sales":"2021-04-01,11900.0,19평(65.79)",
            "rank_history":[
                [
                    "202202",
                    46
                ],
                [
                    "202201",
                    57
                ]
            ],
            "rank_gap":11
        },
        {
            "index":354,
            "아파트명":"대림",
            "투자타입":"재건축",
            "전용면적(m2)":"54.27",
            "전용면적(평)":"16평",
            "법정동주소":"부산시 남구 문현동 264-1",
            "도로명주소":"부산시 남구 수영로 87",
            "세대수":0,
            "입주년차":"--",
            "용적률점수":0,
            "건폐율점수":0,
            "세대당주차수":"--",
            "난방방식":"--",
            "공급면적":50,
            "전용률":80,
            "욕실수":"--",
            "현관타입":"--",
            "주거총점":6.5,
            "지역구공급총점":0.0,
            "역세권":80,
            "30분내 이동가능 거점":0,
            "1시간내 이동가능 거점":10,
            "교통총점":42.0,
            "백화점":100,
            "아울렛몰":0,
            "대형마트":80,
            "은행":0,
            "병원":0,
            "종합병원":100,
            "공원":100,
            "혐오시설":0,
            "인프라총점":65.0,
            "초등학군":89.98,
            "중학군":50.44,
            "학군총점":58.348,
            "인구수":27.8,
            "인구증감":-9.78,
            "인구총점":16.526,
            "일자리":11.26,
            "소득수준":67.68,
            "일자리총점":28.186,
            "가치 총점":44.9294,
            "매매실거래년":20201019.0,
            "매매실거래가":22300.0,
            "전세실거래년":20190815.0,
            "전세실거래가":8500.0,
            "전세가율":89.47,
            "장기전세가율평균":70.72,
            "전세가율거품지수":-18.75,
            "검색코드":25724,
            "세대수":110.0,
            "준공년월":"1983-01-17",
            "준공년차":40.0,
            "가까운역이름":"지게골",
            "가까운역거리":245.77,
            "역세권여부":"역세권",
            "30분이내주요거점역":0,
            "30분거점역이름":"[]",
            "1시간이내주요거점역":1,
            "1시간거점역이름":"['하단']",
            "3km이내백화점수":1,
            "5km이내아울렛몰수":0,
            "1km이내대형먀트수":1,
            "500m이내은행수":0,
            "500m이내병원수":0,
            "5km이내대형병원수":9,
            "500m이내공원수":2,
            "3km이내혐오시설수":0,
            "초등학교학업성취도":89.98,
            "중학교학업성취도":82.8,
            "용적률":0,
            "건폐율":0,
            "Y":35.134856,
            "X":129.076985,
            "rank":47.0,
            "area_info":"16평(54.27), 21평(71.68), 22평(74.52), 22평(75.01), 23평(76.47), 23평(76.61), 24평(82.1), 26평(88.85), 27평(91.02), 27평(91.56)",
            "last_sales":"2020-10-19,22300.0,26평(88.85)",
            "rank_history":[
                [
                    "202202",
                    47
                ],
                [
                    "202201",
                    67
                ]
            ],
            "rank_gap":20
        },
        {
            "index":684,
            "아파트명":"쌍용예가",
            "투자타입":"일반",
            "전용면적(m2)":"81.66",
            "전용면적(평)":"24평",
            "법정동주소":"부산시 남구 용호동 976",
            "도로명주소":"부산시 남구 용호로216번가길 10",
            "세대수":80,
            "입주년차":60,
            "용적률점수":"--",
            "건폐율점수":"--",
            "세대당주차수":30,
            "난방방식":30,
            "공급면적":"--",
            "전용률":"--",
            "욕실수":100,
            "현관타입":100,
            "주거총점":67.5,
            "지역구공급총점":0.0,
            "역세권":0,
            "30분내 이동가능 거점":0,
            "1시간내 이동가능 거점":0,
            "교통총점":0.0,
            "백화점":0,
            "아울렛몰":0,
            "대형마트":80,
            "은행":0,
            "병원":0,
            "종합병원":100,
            "공원":80,
            "혐오시설":-50,
            "인프라총점":33.4,
            "초등학군":89.99,
            "중학군":52.0,
            "학군총점":59.598,
            "인구수":27.8,
            "인구증감":-9.78,
            "인구총점":16.526,
            "일자리":11.26,
            "소득수준":67.68,
            "일자리총점":28.186,
            "가치 총점":44.7744,
            "매매실거래년":20211230.0,
            "매매실거래가":37300.0,
            "전세실거래년":20211119.0,
            "전세실거래가":23100.0,
            "전세가율":61.93,
            "장기전세가율평균":70.72,
            "전세가율거품지수":8.79,
            "검색코드":104246,
            "세대수":773.0,
            "준공년월":"2013-06-05",
            "준공년차":10.0,
            "가까운역이름":"경성대·부경대",
            "가까운역거리":3001.61,
            "역세권여부":"비역세권",
            "30분이내주요거점역":0,
            "30분거점역이름":"[]",
            "1시간이내주요거점역":0,
            "1시간거점역이름":"[]",
            "3km이내백화점수":0,
            "5km이내아울렛몰수":0,
            "1km이내대형먀트수":1,
            "500m이내은행수":0,
            "500m이내병원수":0,
            "5km이내대형병원수":2,
            "500m이내공원수":1,
            "3km이내혐오시설수":1,
            "초등학교학업성취도":89.99,
            "중학교학업성취도":85.0,
            "용적률":296,
            "건폐율":21,
            "Y":35.111666,
            "X":129.109676,
            "rank":48.0,
            "area_info":"24평(81.66), 24평(81.06), 24평(81.51), 30평(101.31), 30평(101.38), 34평(114.51), 34평(114.21), 34평(114.38)",
            "last_sales":"2021-12-30,37300.0,24평(81.66)",
            "rank_history":[
                [
                    "202202",
                    48
                ],
                [
                    "202201",
                    33
                ]
            ],
            "rank_gap":-15
        },
        {
            "index":474,
            "아파트명":"우성",
            "투자타입":"재건축",
            "전용면적(m2)":"67.8",
            "전용면적(평)":"20평",
            "법정동주소":"부산시 남구 문현동 331-4",
            "도로명주소":"부산시 남구 동제당로 61",
            "세대수":0,
            "입주년차":"--",
            "용적률점수":0,
            "건폐율점수":0,
            "세대당주차수":"--",
            "난방방식":"--",
            "공급면적":50,
            "전용률":80,
            "욕실수":"--",
            "현관타입":"--",
            "주거총점":6.5,
            "지역구공급총점":0.0,
            "역세권":80,
            "30분내 이동가능 거점":0,
            "1시간내 이동가능 거점":10,
            "교통총점":42.0,
            "백화점":100,
            "아울렛몰":0,
            "대형마트":80,
            "은행":0,
            "병원":0,
            "종합병원":100,
            "공원":80,
            "혐오시설":0,
            "인프라총점":64.4,
            "초등학군":89.94,
            "중학군":50.44,
            "학군총점":58.34,
            "인구수":27.8,
            "인구증감":-9.78,
            "인구총점":16.526,
            "일자리":11.26,
            "소득수준":67.68,
            "일자리총점":28.186,
            "가치 총점":44.747,
            "매매실거래년":20210816.0,
            "매매실거래가":17500.0,
            "전세실거래년":20210907.0,
            "전세실거래가":10000.0,
            "전세가율":57.14,
            "장기전세가율평균":70.72,
            "전세가율거품지수":13.58,
            "검색코드":4581,
            "세대수":106.0,
            "준공년월":"1979-12-28",
            "준공년차":44.0,
            "가까운역이름":"지게골",
            "가까운역거리":438.03,
            "역세권여부":"역세권",
            "30분이내주요거점역":0,
            "30분거점역이름":"[]",
            "1시간이내주요거점역":1,
            "1시간거점역이름":"['하단']",
            "3km이내백화점수":1,
            "5km이내아울렛몰수":0,
            "1km이내대형먀트수":1,
            "500m이내은행수":0,
            "500m이내병원수":0,
            "5km이내대형병원수":10,
            "500m이내공원수":1,
            "3km이내혐오시설수":0,
            "초등학교학업성취도":89.94,
            "중학교학업성취도":82.8,
            "용적률":0,
            "건폐율":0,
            "Y":35.132668,
            "X":129.077691,
            "rank":49.0,
            "area_info":"20평(67.8)",
            "last_sales":"2021-08-16,17500.0,20평(67.8)",
            "rank_history":[
                [
                    "202202",
                    49
                ],
                [
                    "202201",
                    76
                ]
            ],
            "rank_gap":27
        },
        {
            "index":447,
            "아파트명":"세영맨션",
            "투자타입":"재건축",
            "전용면적(m2)":"48.28",
            "전용면적(평)":"14평",
            "법정동주소":"부산시 남구 문현동 351-7",
            "도로명주소":"부산시 남구 장고개로 108",
            "세대수":0,
            "입주년차":"--",
            "용적률점수":0,
            "건폐율점수":0,
            "세대당주차수":"--",
            "난방방식":"--",
            "공급면적":50,
            "전용률":80,
            "욕실수":"--",
            "현관타입":"--",
            "주거총점":6.5,
            "지역구공급총점":0.0,
            "역세권":80,
            "30분내 이동가능 거점":0,
            "1시간내 이동가능 거점":10,
            "교통총점":42.0,
            "백화점":100,
            "아울렛몰":0,
            "대형마트":80,
            "은행":20,
            "병원":0,
            "종합병원":100,
            "공원":80,
            "혐오시설":-50,
            "인프라총점":65.4,
            "초등학군":89.98,
            "중학군":48.26,
            "학군총점":56.604,
            "인구수":27.8,
            "인구증감":-9.78,
            "인구총점":16.526,
            "일자리":11.26,
            "소득수준":67.68,
            "일자리총점":28.186,
            "가치 총점":44.5262,
            "매매실거래년":20211112.0,
            "매매실거래가":25000.0,
            "전세실거래년":20210804.0,
            "전세실거래가":7000.0,
            "전세가율":70.0,
            "장기전세가율평균":70.72,
            "전세가율거품지수":0.72,
            "검색코드":4578,
            "세대수":150.0,
            "준공년월":"1985-01-23",
            "준공년차":38.0,
            "가까운역이름":"지게골",
            "가까운역거리":414.27,
            "역세권여부":"역세권",
            "30분이내주요거점역":0,
            "30분거점역이름":"[]",
            "1시간이내주요거점역":1,
            "1시간거점역이름":"['하단']",
            "3km이내백화점수":2,
            "5km이내아울렛몰수":0,
            "1km이내대형먀트수":1,
            "500m이내은행수":2,
            "500m이내병원수":0,
            "5km이내대형병원수":11,
            "500m이내공원수":1,
            "3km이내혐오시설수":1,
            "초등학교학업성취도":89.98,
            "중학교학업성취도":79.9,
            "용적률":0,
            "건폐율":0,
            "Y":35.135298,
            "X":129.06988,
            "rank":50.0,
            "area_info":"14평(48.28), 16평(55.08), 17평(59.28), 18평(60.63), 18평(62.55), 19평(63.99), 19평(64.85), 20평(66.38), 20평(67.06), 21평(70.11), 22평(73.4), 22평(74.98), 22평(75.78), 22평(75.7), 23평(77.04), 24평(80.64), 24평(81.0), 24평(82.08), 24평(82.44), 26평(89.19), 27평(89.73), 27평(90.63)",
            "last_sales":"2021-11-12,25000.0,24평(82.44)",
            "rank_history":[
                [
                    "202202",
                    50
                ],
                [
                    "202201",
                    60
                ]
            ],
            "rank_gap":10
        },
        {
            "index":551,
            "아파트명":"LG메트로시티5차",
            "투자타입":"일반",
            "전용면적(m2)":"81.98",
            "전용면적(평)":"24평",
            "법정동주소":"부산시 남구 용호동 176-30",
            "도로명주소":"부산시 남구 분포로 113",
            "세대수":80,
            "입주년차":40,
            "용적률점수":"--",
            "건폐율점수":"--",
            "세대당주차수":0,
            "난방방식":30,
            "공급면적":"--",
            "전용률":"--",
            "욕실수":50,
            "현관타입":100,
            "주거총점":54.0,
            "지역구공급총점":0.0,
            "역세권":0,
            "30분내 이동가능 거점":0,
            "1시간내 이동가능 거점":10,
            "교통총점":2.0,
            "백화점":0,
            "아울렛몰":0,
            "대형마트":80,
            "은행":70,
            "병원":0,
            "종합병원":100,
            "공원":100,
            "혐오시설":0,
            "인프라총점":42.0,
            "초등학군":90.0,
            "중학군":51.22,
            "학군총점":58.976,
            "인구수":27.8,
            "인구증감":-9.78,
            "인구총점":16.526,
            "일자리":11.26,
            "소득수준":67.68,
            "일자리총점":28.186,
            "가치 총점":44.0928,
            "매매실거래년":20210907.0,
            "매매실거래가":75000.0,
            "전세실거래년":20211221.0,
            "전세실거래가":27000.0,
            "전세가율":49.45,
            "장기전세가율평균":70.72,
            "전세가율거품지수":21.27,
            "검색코드":9711,
            "세대수":804.0,
            "준공년월":"2004-10-01",
            "준공년차":19.0,
            "가까운역이름":"경성대·부경대",
            "가까운역거리":1139.39,
            "역세권여부":"비역세권",
            "30분이내주요거점역":0,
            "30분거점역이름":"[]",
            "1시간이내주요거점역":1,
            "1시간거점역이름":"['하단']",
            "3km이내백화점수":0,
            "5km이내아울렛몰수":0,
            "1km이내대형먀트수":1,
            "500m이내은행수":3,
            "500m이내병원수":0,
            "5km이내대형병원수":6,
            "500m이내공원수":2,
            "3km이내혐오시설수":0,
            "초등학교학업성취도":90.0,
            "중학교학업성취도":82.5,
            "용적률":300,
            "건폐율":18,
            "Y":35.129109,
            "X":129.107532,
            "rank":51.0,
            "area_info":"24평(81.98), 32평(108.01), 46평(152.24)",
            "last_sales":"2021-09-07,75000.0,32평(108.01)",
            "rank_history":[
                [
                    "202202",
                    51
                ],
                [
                    "202201",
                    29
                ]
            ],
            "rank_gap":-22
        },
        {
            "index":493,
            "아파트명":"신대연하늘채",
            "투자타입":"일반",
            "전용면적(m2)":"111.33",
            "전용면적(평)":"33평",
            "법정동주소":"부산시 남구 용당동 599-1",
            "도로명주소":"부산시 남구 홍곡로320번길 132",
            "세대수":80,
            "입주년차":40,
            "용적률점수":"--",
            "건폐율점수":"--",
            "세대당주차수":30,
            "난방방식":30,
            "공급면적":"--",
            "전용률":"--",
            "욕실수":100,
            "현관타입":100,
            "주거총점":63.5,
            "지역구공급총점":0.0,
            "역세권":0,
            "30분내 이동가능 거점":0,
            "1시간내 이동가능 거점":0,
            "교통총점":0.0,
            "백화점":0,
            "아울렛몰":0,
            "대형마트":80,
            "은행":0,
            "병원":0,
            "종합병원":100,
            "공원":100,
            "혐오시설":0,
            "인프라총점":35.0,
            "초등학군":89.97,
            "중학군":51.1,
            "학군총점":58.874,
            "인구수":27.8,
            "인구증감":-9.78,
            "인구총점":16.526,
            "일자리":11.26,
            "소득수준":67.68,
            "일자리총점":28.186,
            "가치 총점":44.0372,
            "매매실거래년":20211127.0,
            "매매실거래가":40500.0,
            "전세실거래년":20211228.0,
            "전세실거래가":32000.0,
            "전세가율":79.01,
            "장기전세가율평균":70.72,
            "전세가율거품지수":-8.29,
            "검색코드":22395,
            "세대수":712.0,
            "준공년월":"2007-03-28",
            "준공년차":16.0,
            "가까운역이름":"대연",
            "가까운역거리":1328.67,
            "역세권여부":"비역세권",
            "30분이내주요거점역":0,
            "30분거점역이름":"[]",
            "1시간이내주요거점역":0,
            "1시간거점역이름":"[]",
            "3km이내백화점수":0,
            "5km이내아울렛몰수":0,
            "1km이내대형먀트수":1,
            "500m이내은행수":1,
            "500m이내병원수":0,
            "5km이내대형병원수":7,
            "500m이내공원수":4,
            "3km이내혐오시설수":0,
            "초등학교학업성취도":89.97,
            "중학교학업성취도":82.9,
            "용적률":199,
            "건폐율":19,
            "Y":35.123209,
            "X":129.093201,
            "rank":52.0,
            "area_info":"33평(111.33), 33평(111.48), 46평(154.39), 56평(186.72)",
            "last_sales":"2021-11-27,40500.0,33평(111.33)",
            "rank_history":[
                [
                    "202202",
                    52
                ],
                [
                    "202201",
                    51
                ]
            ],
            "rank_gap":-1
        },
        {
            "index":481,
            "아파트명":"한양",
            "투자타입":"재건축",
            "전용면적(m2)":"87.64",
            "전용면적(평)":"26평",
            "법정동주소":"부산시 남구 문현동 41",
            "도로명주소":"부산시 남구 고동골로78번길 23",
            "세대수":0,
            "입주년차":"--",
            "용적률점수":0,
            "건폐율점수":0,
            "세대당주차수":"--",
            "난방방식":"--",
            "공급면적":70,
            "전용률":60,
            "욕실수":"--",
            "현관타입":"--",
            "주거총점":6.5,
            "지역구공급총점":0.0,
            "역세권":50,
            "30분내 이동가능 거점":0,
            "1시간내 이동가능 거점":10,
            "교통총점":27.0,
            "백화점":100,
            "아울렛몰":0,
            "대형마트":100,
            "은행":0,
            "병원":0,
            "종합병원":100,
            "공원":100,
            "혐오시설":0,
            "인프라총점":68.0,
            "초등학군":90.0,
            "중학군":52.34,
            "학군총점":59.872,
            "인구수":27.8,
            "인구증감":-9.78,
            "인구총점":16.526,
            "일자리":11.26,
            "소득수준":67.68,
            "일자리총점":28.186,
            "가치 총점":44.0366,
            "매매실거래년":20210611.0,
            "매매실거래가":29000.0,
            "전세실거래년":20211029.0,
            "전세실거래가":16000.0,
            "전세가율":64.0,
            "장기전세가율평균":70.72,
            "전세가율거품지수":6.72,
            "검색코드":4583,
            "세대수":225.0,
            "준공년월":"1978-11-20",
            "준공년차":45.0,
            "가까운역이름":"국제금융센터·부산은행",
            "가까운역거리":575.83,
            "역세권여부":"준역세권",
            "30분이내주요거점역":0,
            "30분거점역이름":"[]",
            "1시간이내주요거점역":1,
            "1시간거점역이름":"['하단']",
            "3km이내백화점수":2,
            "5km이내아울렛몰수":0,
            "1km이내대형먀트수":3,
            "500m이내은행수":0,
            "500m이내병원수":0,
            "5km이내대형병원수":10,
            "500m이내공원수":4,
            "3km이내혐오시설수":0,
            "초등학교학업성취도":90.0,
            "중학교학업성취도":85.5,
            "용적률":0,
            "건폐율":0,
            "Y":35.144313,
            "X":129.072764,
            "rank":53.0,
            "area_info":"26평(87.64), 30평(101.35), 31평(103.8), 35평(117.03)",
            "last_sales":"2021-06-11,29000.0,30평(101.35)",
            "rank_history":[
                [
                    "202202",
                    53
                ],
                [
                    "202201",
                    56
                ]
            ],
            "rank_gap":3
        },
        {
            "index":336,
            "아파트명":"광원",
            "투자타입":"재건축",
            "전용면적(m2)":"59.91",
            "전용면적(평)":"18평",
            "법정동주소":"부산시 남구 문현동 18",
            "도로명주소":"부산시 남구 고동골로97번길 67",
            "세대수":0,
            "입주년차":"--",
            "용적률점수":0,
            "건폐율점수":0,
            "세대당주차수":"--",
            "난방방식":"--",
            "공급면적":50,
            "전용률":80,
            "욕실수":"--",
            "현관타입":"--",
            "주거총점":6.5,
            "지역구공급총점":0.0,
            "역세권":50,
            "30분내 이동가능 거점":0,
            "1시간내 이동가능 거점":10,
            "교통총점":27.0,
            "백화점":100,
            "아울렛몰":0,
            "대형마트":100,
            "은행":0,
            "병원":0,
            "종합병원":100,
            "공원":100,
            "혐오시설":0,
            "인프라총점":68.0,
            "초등학군":90.0,
            "중학군":52.34,
            "학군총점":59.872,
            "인구수":27.8,
            "인구증감":-9.78,
            "인구총점":16.526,
            "일자리":11.26,
            "소득수준":67.68,
            "일자리총점":28.186,
            "가치 총점":44.0366,
            "매매실거래년":20211203.0,
            "매매실거래가":18500.0,
            "전세실거래년":null,
            "전세실거래가":null,
            "전세가율":null,
            "장기전세가율평균":70.72,
            "전세가율거품지수":null,
            "검색코드":4553,
            "세대수":200.0,
            "준공년월":"1991-03-12",
            "준공년차":32.0,
            "가까운역이름":"국제금융센터·부산은행",
            "가까운역거리":695.61,
            "역세권여부":"준역세권",
            "30분이내주요거점역":0,
            "30분거점역이름":"[]",
            "1시간이내주요거점역":1,
            "1시간거점역이름":"['하단']",
            "3km이내백화점수":2,
            "5km이내아울렛몰수":0,
            "1km이내대형먀트수":2,
            "500m이내은행수":0,
            "500m이내병원수":0,
            "5km이내대형병원수":10,
            "500m이내공원수":3,
            "3km이내혐오시설수":0,
            "초등학교학업성취도":90.0,
            "중학교학업성취도":85.5,
            "용적률":0,
            "건폐율":0,
            "Y":35.146895,
            "X":129.074301,
            "rank":53.0,
            "area_info":"18평(59.91), 19평(66.09), 23평(78.63), 28평(94.54), 30평(101.32)",
            "last_sales":"2021-12-03,18500.0,30평(101.32)",
            "rank_history":[
                [
                    "202202",
                    53
                ],
                [
                    "202201",
                    55
                ]
            ],
            "rank_gap":2
        },
        {
            "index":382,
            "아파트명":"문현(303-7)",
            "투자타입":"재건축",
            "전용면적(m2)":"60.82",
            "전용면적(평)":"18평",
            "법정동주소":"부산시 남구 문현동 303-7",
            "도로명주소":"부산시 남구 지게골로 156",
            "세대수":0,
            "입주년차":"--",
            "용적률점수":0,
            "건폐율점수":0,
            "세대당주차수":"--",
            "난방방식":"--",
            "공급면적":50,
            "전용률":80,
            "욕실수":"--",
            "현관타입":"--",
            "주거총점":6.5,
            "지역구공급총점":0.0,
            "역세권":80,
            "30분내 이동가능 거점":0,
            "1시간내 이동가능 거점":10,
            "교통총점":42.0,
            "백화점":100,
            "아울렛몰":0,
            "대형마트":80,
            "은행":0,
            "병원":0,
            "종합병원":100,
            "공원":0,
            "혐오시설":0,
            "인프라총점":62.0,
            "초등학군":89.98,
            "중학군":50.44,
            "학군총점":58.348,
            "인구수":27.8,
            "인구증감":-9.78,
            "인구총점":16.526,
            "일자리":11.26,
            "소득수준":67.68,
            "일자리총점":28.186,
            "가치 총점":44.0294,
            "매매실거래년":20210824.0,
            "매매실거래가":9100.0,
            "전세실거래년":20201214.0,
            "전세실거래가":8500.0,
            "전세가율":93.41,
            "장기전세가율평균":70.72,
            "전세가율거품지수":-22.69,
            "검색코드":9664,
            "세대수":100.0,
            "준공년월":"1977-11-26",
            "준공년차":46.0,
            "가까운역이름":"지게골",
            "가까운역거리":243.57,
            "역세권여부":"역세권",
            "30분이내주요거점역":0,
            "30분거점역이름":"[]",
            "1시간이내주요거점역":1,
            "1시간거점역이름":"['하단']",
            "3km이내백화점수":1,
            "5km이내아울렛몰수":0,
            "1km이내대형먀트수":1,
            "500m이내은행수":0,
            "500m이내병원수":0,
            "5km이내대형병원수":10,
            "500m이내공원수":0,
            "3km이내혐오시설수":0,
            "초등학교학업성취도":89.98,
            "중학교학업성취도":82.8,
            "용적률":0,
            "건폐율":0,
            "Y":35.13349,
            "X":129.07529,
            "rank":54.0,
            "area_info":"18평(60.82), 18평(60.67)",
            "last_sales":"2021-08-24,9100.0,18평(60.82)",
            "rank_history":[
                [
                    "202202",
                    54
                ],
                [
                    "202201",
                    73
                ]
            ],
            "rank_gap":19
        },
        {
            "index":530,
            "아파트명":"LG메트로시티3차",
            "투자타입":"일반",
            "전용면적(m2)":"90.79",
            "전용면적(평)":"27평",
            "법정동주소":"부산시 남구 용호동 176-30",
            "도로명주소":"부산시 남구 분포로 111",
            "세대수":90,
            "입주년차":20,
            "용적률점수":"--",
            "건폐율점수":"--",
            "세대당주차수":60,
            "난방방식":30,
            "공급면적":"--",
            "전용률":"--",
            "욕실수":50,
            "현관타입":100,
            "주거총점":62.5,
            "지역구공급총점":0.0,
            "역세권":0,
            "30분내 이동가능 거점":0,
            "1시간내 이동가능 거점":10,
            "교통총점":2.0,
            "백화점":0,
            "아울렛몰":0,
            "대형마트":0,
            "은행":70,
            "병원":0,
            "종합병원":100,
            "공원":100,
            "혐오시설":0,
            "인프라총점":30.0,
            "초등학군":90.01,
            "중학군":56.4,
            "학군총점":63.122,
            "인구수":27.8,
            "인구증감":-9.78,
            "인구총점":16.526,
            "일자리":11.26,
            "소득수준":67.68,
            "일자리총점":28.186,
            "가치 총점":43.8616,
            "매매실거래년":20211102.0,
            "매매실거래가":65000.0,
            "전세실거래년":20210717.0,
            "전세실거래가":24100.0,
            "전세가율":37.08,
            "장기전세가율평균":70.72,
            "전세가율거품지수":33.64,
            "검색코드":9708,
            "세대수":922.0,
            "준공년월":"2002-11-14",
            "준공년차":21.0,
            "가까운역이름":"경성대·부경대",
            "가까운역거리":1440.27,
            "역세권여부":"비역세권",
            "30분이내주요거점역":0,
            "30분거점역이름":"[]",
            "1시간이내주요거점역":1,
            "1시간거점역이름":"['하단']",
            "3km이내백화점수":0,
            "5km이내아울렛몰수":0,
            "1km이내대형먀트수":0,
            "500m이내은행수":4,
            "500m이내병원수":0,
            "5km이내대형병원수":4,
            "500m이내공원수":2,
            "3km이내혐오시설수":0,
            "초등학교학업성취도":90.01,
            "중학교학업성취도":91.4,
            "용적률":300,
            "건폐율":18,
            "Y":35.127941,
            "X":129.111071,
            "rank":55.0,
            "area_info":"27평(90.79), 32평(108.06), 39평(131.86), 45평(150.81), 53평(178.06), 61평(202.5), 92평(306.83)",
            "last_sales":"2021-11-02,65000.0,27평(90.79)",
            "rank_history":[
                [
                    "202202",
                    55
                ],
                [
                    "202201",
                    36
                ]
            ],
            "rank_gap":-19
        },
        {
            "index":172,
            "아파트명":"대연파크푸르지오",
            "투자타입":"일반",
            "전용면적(m2)":"59.39",
            "전용면적(평)":"17평",
            "법정동주소":"부산시 남구 대연동 1893",
            "도로명주소":"부산시 남구 홍곡로 360",
            "세대수":90,
            "입주년차":80,
            "용적률점수":"--",
            "건폐율점수":"--",
            "세대당주차수":30,
            "난방방식":30,
            "공급면적":"--",
            "전용률":"--",
            "욕실수":50,
            "현관타입":10,
            "주거총점":61.0,
            "지역구공급총점":0.0,
            "역세권":0,
            "30분내 이동가능 거점":0,
            "1시간내 이동가능 거점":10,
            "교통총점":2.0,
            "백화점":0,
            "아울렛몰":0,
            "대형마트":100,
            "은행":0,
            "병원":0,
            "종합병원":100,
            "공원":100,
            "혐오시설":0,
            "인프라총점":38.0,
            "초등학군":89.97,
            "중학군":47.5,
            "학군총점":55.994,
            "인구수":27.8,
            "인구증감":-9.78,
            "인구총점":16.526,
            "일자리":11.26,
            "소득수준":67.68,
            "일자리총점":28.186,
            "가치 총점":43.7482,
            "매매실거래년":20211124.0,
            "매매실거래가":75500.0,
            "전세실거래년":20211230.0,
            "전세실거래가":14490.0,
            "전세가율":120.51,
            "장기전세가율평균":70.72,
            "전세가율거품지수":-49.79,
            "검색코드":110440,
            "세대수":1422.0,
            "준공년월":"2018-06-28",
            "준공년차":5.0,
            "가까운역이름":"대연",
            "가까운역거리":1090.77,
            "역세권여부":"비역세권",
            "30분이내주요거점역":0,
            "30분거점역이름":"[]",
            "1시간이내주요거점역":1,
            "1시간거점역이름":"['하단']",
            "3km이내백화점수":0,
            "5km이내아울렛몰수":0,
            "1km이내대형먀트수":2,
            "500m이내은행수":1,
            "500m이내병원수":0,
            "5km이내대형병원수":7,
            "500m이내공원수":6,
            "3km이내혐오시설수":0,
            "초등학교학업성취도":89.97,
            "중학교학업성취도":78.7,
            "용적률":234,
            "건폐율":15,
            "Y":35.125429,
            "X":129.090301,
            "rank":56.0,
            "area_info":"17평(59.39), 25평(84.25), 25평(84.0), 29평(98.73), 33평(109.16), 33평(111.09), 33평(111.94), 39평(129.63)",
            "last_sales":"2021-11-24,75500.0,39평(129.63)",
            "rank_history":[
                [
                    "202202",
                    56
                ],
                [
                    "202201",
                    30
                ]
            ],
            "rank_gap":-26
        },
        {
            "index":300,
            "아파트명":"에이스캐슬(도시형)",
            "투자타입":"일반",
            "전용면적(m2)":"17.4",
            "전용면적(평)":"5평",
            "법정동주소":"부산시 남구 대연동 39-29",
            "도로명주소":"부산시 남구 수영로346번길 8",
            "세대수":0,
            "입주년차":80,
            "용적률점수":"--",
            "건폐율점수":"--",
            "세대당주차수":0,
            "난방방식":30,
            "공급면적":"--",
            "전용률":"--",
            "욕실수":50,
            "현관타입":10,
            "주거총점":25.0,
            "지역구공급총점":0.0,
            "역세권":80,
            "30분내 이동가능 거점":0,
            "1시간내 이동가능 거점":10,
            "교통총점":42.0,
            "백화점":0,
            "아울렛몰":0,
            "대형마트":80,
            "은행":70,
            "병원":0,
            "종합병원":100,
            "공원":100,
            "혐오시설":0,
            "인프라총점":42.0,
            "초등학군":90.0,
            "중학군":54.84,
            "학군총점":61.872,
            "인구수":27.8,
            "인구증감":-9.78,
            "인구총점":16.526,
            "일자리":11.26,
            "소득수준":67.68,
            "일자리총점":28.186,
            "가치 총점":43.7116,
            "매매실거래년":"18000101",
            "매매실거래가":null,
            "전세실거래년":20170901.0,
            "전세실거래가":5000.0,
            "전세가율":null,
            "장기전세가율평균":70.72,
            "전세가율거품지수":null,
            "검색코드":142526,
            "세대수":127.0,
            "준공년월":"2014-05-21",
            "준공년차":9.0,
            "가까운역이름":"경성대·부경대",
            "가까운역거리":277.77,
            "역세권여부":"역세권",
            "30분이내주요거점역":0,
            "30분거점역이름":"[]",
            "1시간이내주요거점역":1,
            "1시간거점역이름":"['하단']",
            "3km이내백화점수":0,
            "5km이내아울렛몰수":0,
            "1km이내대형먀트수":1,
            "500m이내은행수":3,
            "500m이내병원수":0,
            "5km이내대형병원수":8,
            "500m이내공원수":2,
            "3km이내혐오시설수":0,
            "초등학교학업성취도":90.0,
            "중학교학업성취도":88.0,
            "용적률":573,
            "건폐율":78,
            "Y":35.138463,
            "X":129.103386,
            "rank":57.0,
            "area_info":"5평(17.4), 5평(18.57), 6평(22.91), 7평(23.25), 7평(23.24), 9평(30.08)",
            "last_sales":"1800-01-01,nan,5평(17.4)",
            "rank_history":[
                [
                    "202202",
                    57
                ],
                [
                    "202201",
                    64
                ]
            ],
            "rank_gap":7
        },
        {
            "index":274,
            "아파트명":"벽산e-솔렌스힐(도시형)",
            "투자타입":"일반",
            "전용면적(m2)":"28.94",
            "전용면적(평)":"8평",
            "법정동주소":"부산시 남구 대연동 384-26",
            "도로명주소":"부산시 남구 수영로 283",
            "세대수":0,
            "입주년차":80,
            "용적률점수":"--",
            "건폐율점수":"--",
            "세대당주차수":0,
            "난방방식":30,
            "공급면적":"--",
            "전용률":"--",
            "욕실수":50,
            "현관타입":10,
            "주거총점":25.0,
            "지역구공급총점":0.0,
            "역세권":80,
            "30분내 이동가능 거점":0,
            "1시간내 이동가능 거점":10,
            "교통총점":42.0,
            "백화점":0,
            "아울렛몰":0,
            "대형마트":80,
            "은행":70,
            "병원":0,
            "종합병원":100,
            "공원":100,
            "혐오시설":0,
            "인프라총점":42.0,
            "초등학군":90.0,
            "중학군":54.84,
            "학군총점":61.872,
            "인구수":27.8,
            "인구증감":-9.78,
            "인구총점":16.526,
            "일자리":11.26,
            "소득수준":67.68,
            "일자리총점":28.186,
            "가치 총점":43.7116,
            "매매실거래년":20210910.0,
            "매매실거래가":9000.0,
            "전세실거래년":null,
            "전세실거래가":null,
            "전세가율":null,
            "장기전세가율평균":70.72,
            "전세가율거품지수":null,
            "검색코드":107126,
            "세대수":297.0,
            "준공년월":"2015-03-30",
            "준공년차":8.0,
            "가까운역이름":"경성대·부경대",
            "가까운역거리":303.52,
            "역세권여부":"역세권",
            "30분이내주요거점역":0,
            "30분거점역이름":"[]",
            "1시간이내주요거점역":1,
            "1시간거점역이름":"['하단']",
            "3km이내백화점수":0,
            "5km이내아울렛몰수":0,
            "1km이내대형먀트수":1,
            "500m이내은행수":4,
            "500m이내병원수":0,
            "5km이내대형병원수":9,
            "500m이내공원수":2,
            "3km이내혐오시설수":0,
            "초등학교학업성취도":90.0,
            "중학교학업성취도":88.0,
            "용적률":484,
            "건폐율":39,
            "Y":35.136593,
            "X":129.097417,
            "rank":57.0,
            "area_info":"8평(28.94), 8평(28.91), 8평(28.91), 8평(29.62), 8평(29.74), 8평(29.66)",
            "last_sales":"2021-09-10,9000.0,8평(29.74)",
            "rank_history":[
                [
                    "202202",
                    57
                ],
                [
                    "202201",
                    81
                ]
            ],
            "rank_gap":24
        },
        {
            "index":545,
            "아파트명":"LG메트로시티4-2차",
            "투자타입":"일반",
            "전용면적(m2)":"84.61",
            "전용면적(평)":"25평",
            "법정동주소":"부산시 남구 용호동 176-30",
            "도로명주소":"부산시 남구 분포로 113",
            "세대수":90,
            "입주년차":20,
            "용적률점수":"--",
            "건폐율점수":"--",
            "세대당주차수":0,
            "난방방식":30,
            "공급면적":"--",
            "전용률":"--",
            "욕실수":50,
            "현관타입":100,
            "주거총점":53.5,
            "지역구공급총점":0.0,
            "역세권":0,
            "30분내 이동가능 거점":0,
            "1시간내 이동가능 거점":10,
            "교통총점":2.0,
            "백화점":0,
            "아울렛몰":0,
            "대형마트":80,
            "은행":20,
            "병원":0,
            "종합병원":100,
            "공원":80,
            "혐오시설":0,
            "인프라총점":36.4,
            "초등학군":90.0,
            "중학군":56.4,
            "학군총점":63.12,
            "인구수":27.8,
            "인구증감":-9.78,
            "인구총점":16.526,
            "일자리":11.26,
            "소득수준":67.68,
            "일자리총점":28.186,
            "가치 총점":43.531,
            "매매실거래년":20211227.0,
            "매매실거래가":95500.0,
            "전세실거래년":20211116.0,
            "전세실거래가":25000.0,
            "전세가율":42.52,
            "장기전세가율평균":70.72,
            "전세가율거품지수":28.2,
            "검색코드":9710,
            "세대수":1258.0,
            "준공년월":"2003-08-01",
            "준공년차":20.0,
            "가까운역이름":"경성대·부경대",
            "가까운역거리":1048.56,
            "역세권여부":"비역세권",
            "30분이내주요거점역":0,
            "30분거점역이름":"[]",
            "1시간이내주요거점역":1,
            "1시간거점역이름":"['하단']",
            "3km이내백화점수":0,
            "5km이내아울렛몰수":0,
            "1km이내대형먀트수":1,
            "500m이내은행수":2,
            "500m이내병원수":0,
            "5km이내대형병원수":5,
            "500m이내공원수":1,
            "3km이내혐오시설수":0,
            "초등학교학업성취도":90.0,
            "중학교학업성취도":91.4,
            "용적률":0,
            "건폐율":0,
            "Y":35.131402,
            "X":129.109209,
            "rank":58.0,
            "area_info":"25평(84.61), 27평(92.09), 32평(107.24), 32평(107.97), 46평(152.17), 54평(179.62)",
            "last_sales":"2021-12-27,95500.0,54평(179.62)",
            "rank_history":[
                [
                    "202202",
                    58
                ],
                [
                    "202201",
                    32
                ]
            ],
            "rank_gap":-26
        },
        {
            "index":780,
            "아파트명":"우암자유1차",
            "투자타입":"재건축",
            "전용면적(m2)":"85.15",
            "전용면적(평)":"25평",
            "법정동주소":"부산시 남구 우암동 25",
            "도로명주소":"부산시 남구 우암로154번길 57",
            "세대수":0,
            "입주년차":"--",
            "용적률점수":0,
            "건폐율점수":0,
            "세대당주차수":"--",
            "난방방식":"--",
            "공급면적":70,
            "전용률":60,
            "욕실수":"--",
            "현관타입":"--",
            "주거총점":6.5,
            "지역구공급총점":0.0,
            "역세권":50,
            "30분내 이동가능 거점":0,
            "1시간내 이동가능 거점":10,
            "교통총점":27.0,
            "백화점":100,
            "아울렛몰":0,
            "대형마트":100,
            "은행":0,
            "병원":0,
            "종합병원":100,
            "공원":80,
            "혐오시설":0,
            "인프라총점":67.4,
            "초등학군":89.94,
            "중학군":50.44,
            "학군총점":58.34,
            "인구수":27.8,
            "인구증감":-9.78,
            "인구총점":16.526,
            "일자리":11.26,
            "소득수준":67.68,
            "일자리총점":28.186,
            "가치 총점":43.397,
            "매매실거래년":20211125.0,
            "매매실거래가":18400.0,
            "전세실거래년":20180516.0,
            "전세실거래가":13000.0,
            "전세가율":70.65,
            "장기전세가율평균":70.72,
            "전세가율거품지수":0.07,
            "검색코드":4734,
            "세대수":299.0,
            "준공년월":"1991-12-10",
            "준공년차":32.0,
            "가까운역이름":"못골",
            "가까운역거리":980.15,
            "역세권여부":"준역세권",
            "30분이내주요거점역":0,
            "30분거점역이름":"[]",
            "1시간이내주요거점역":1,
            "1시간거점역이름":"['하단']",
            "3km이내백화점수":1,
            "5km이내아울렛몰수":0,
            "1km이내대형먀트수":2,
            "500m이내은행수":0,
            "500m이내병원수":0,
            "5km이내대형병원수":10,
            "500m이내공원수":1,
            "3km이내혐오시설수":0,
            "초등학교학업성취도":89.94,
            "중학교학업성취도":82.8,
            "용적률":0,
            "건폐율":0,
            "Y":35.126347,
            "X":129.081031,
            "rank":59.0,
            "area_info":"25평(85.15), 31평(103.32)",
            "last_sales":"2021-11-25,18400.0,25평(85.15)",
            "rank_history":[
                [
                    "202202",
                    59
                ],
                [
                    "202201",
                    66
                ]
            ],
            "rank_gap":7
        },
        {
            "index":692,
            "아파트명":"오륙도SK뷰",
            "투자타입":"일반",
            "전용면적(m2)":"114.98",
            "전용면적(평)":"34평",
            "법정동주소":"부산시 남구 용호동 944",
            "도로명주소":"부산시 남구 오륙도로 85",
            "세대수":100,
            "입주년차":40,
            "용적률점수":"--",
            "건폐율점수":"--",
            "세대당주차수":80,
            "난방방식":30,
            "공급면적":"--",
            "전용률":"--",
            "욕실수":100,
            "현관타입":100,
            "주거총점":78.0,
            "지역구공급총점":0.0,
            "역세권":0,
            "30분내 이동가능 거점":0,
            "1시간내 이동가능 거점":0,
            "교통총점":0.0,
            "백화점":0,
            "아울렛몰":0,
            "대형마트":0,
            "은행":0,
            "병원":0,
            "종합병원":80,
            "공원":80,
            "혐오시설":-50,
            "인프라총점":17.4,
            "초등학군":89.98,
            "중학군":52.0,
            "학군총점":59.596,
            "인구수":27.8,
            "인구증감":-9.78,
            "인구총점":16.526,
            "일자리":11.26,
            "소득수준":67.68,
            "일자리총점":28.186,
            "가치 총점":42.5988,
            "매매실거래년":20211014.0,
            "매매실거래가":228000.0,
            "전세실거래년":20211015.0,
            "전세실거래가":38000.0,
            "전세가율":59.84,
            "장기전세가율평균":70.72,
            "전세가율거품지수":10.88,
            "검색코드":22444,
            "세대수":3000.0,
            "준공년월":"2008-10-31",
            "준공년차":15.0,
            "가까운역이름":"경성대·부경대",
            "가까운역거리":4208.79,
            "역세권여부":"비역세권",
            "30분이내주요거점역":0,
            "30분거점역이름":"[]",
            "1시간이내주요거점역":0,
            "1시간거점역이름":"[]",
            "3km이내백화점수":0,
            "5km이내아울렛몰수":0,
            "1km이내대형먀트수":0,
            "500m이내은행수":0,
            "500m이내병원수":0,
            "5km이내대형병원수":1,
            "500m이내공원수":1,
            "3km이내혐오시설수":1,
            "초등학교학업성취도":89.98,
            "중학교학업성취도":85.0,
            "용적률":298,
            "건폐율":27,
            "Y":35.103023,
            "X":129.119343,
            "rank":60.0,
            "area_info":"34평(114.98), 35평(118.61), 39평(131.41), 47평(156.19), 49평(164.91), 49평(165.02), 59평(197.4), 67평(223.62), 69평(231.27), 75평(251.14), 83평(275.92), 89평(294.31), 89평(294.31), 93평(309.36)",
            "last_sales":"2021-10-14,228000.0,93평(309.36)",
            "rank_history":[
                [
                    "202202",
                    60
                ],
                [
                    "202201",
                    52
                ]
            ],
            "rank_gap":-8
        },
        {
            "index":528,
            "아파트명":"LG메트로시티2차",
            "투자타입":"일반",
            "전용면적(m2)":"108.11",
            "전용면적(평)":"32평",
            "법정동주소":"부산시 남구 용호동 176-30",
            "도로명주소":"부산시 남구 분포로 111",
            "세대수":30,
            "입주년차":20,
            "용적률점수":"--",
            "건폐율점수":"--",
            "세대당주차수":60,
            "난방방식":30,
            "공급면적":"--",
            "전용률":"--",
            "욕실수":100,
            "현관타입":100,
            "주거총점":46.5,
            "지역구공급총점":0.0,
            "역세권":0,
            "30분내 이동가능 거점":0,
            "1시간내 이동가능 거점":0,
            "교통총점":0.0,
            "백화점":0,
            "아울렛몰":0,
            "대형마트":80,
            "은행":70,
            "병원":0,
            "종합병원":100,
            "공원":0,
            "혐오시설":0,
            "인프라총점":39.0,
            "초등학군":90.01,
            "중학군":56.4,
            "학군총점":63.122,
            "인구수":27.8,
            "인구증감":-9.78,
            "인구총점":16.526,
            "일자리":11.26,
            "소득수준":67.68,
            "일자리총점":28.186,
            "가치 총점":42.2616,
            "매매실거래년":20211227.0,
            "매매실거래가":131000.0,
            "전세실거래년":20211225.0,
            "전세실거래가":33600.0,
            "전세가율":43.13,
            "장기전세가율평균":70.72,
            "전세가율거품지수":27.59,
            "검색코드":9706,
            "세대수":362.0,
            "준공년월":"2002-01-31",
            "준공년차":21.0,
            "가까운역이름":"남천",
            "가까운역거리":1291.7,
            "역세권여부":"비역세권",
            "30분이내주요거점역":0,
            "30분거점역이름":"[]",
            "1시간이내주요거점역":0,
            "1시간거점역이름":"[]",
            "3km이내백화점수":0,
            "5km이내아울렛몰수":0,
            "1km이내대형먀트수":1,
            "500m이내은행수":3,
            "500m이내병원수":0,
            "5km이내대형병원수":3,
            "500m이내공원수":0,
            "3km이내혐오시설수":0,
            "초등학교학업성취도":90.01,
            "중학교학업성취도":91.4,
            "용적률":300,
            "건폐율":18,
            "Y":35.131653,
            "X":129.114259,
            "rank":61.0,
            "area_info":"32평(108.11), 43평(144.25)",
            "last_sales":"2021-12-27,131000.0,43평(144.25)",
            "rank_history":[
                [
                    "202202",
                    61
                ],
                [
                    "202201",
                    48
                ]
            ],
            "rank_gap":-13
        },
        {
            "index":782,
            "아파트명":"우암자유2차",
            "투자타입":"일반",
            "전용면적(m2)":"89.26",
            "전용면적(평)":"27평",
            "법정동주소":"부산시 남구 우암동 25-1",
            "도로명주소":"부산시 남구 유엔로 22",
            "세대수":30,
            "입주년차":0,
            "용적률점수":"--",
            "건폐율점수":"--",
            "세대당주차수":0,
            "난방방식":30,
            "공급면적":"--",
            "전용률":"--",
            "욕실수":50,
            "현관타입":10,
            "주거총점":19.5,
            "지역구공급총점":0.0,
            "역세권":0,
            "30분내 이동가능 거점":0,
            "1시간내 이동가능 거점":10,
            "교통총점":2.0,
            "백화점":100,
            "아울렛몰":0,
            "대형마트":80,
            "은행":0,
            "병원":0,
            "종합병원":100,
            "공원":80,
            "혐오시설":0,
            "인프라총점":64.4,
            "초등학군":90.0,
            "중학군":50.44,
            "학군총점":58.352,
            "인구수":27.8,
            "인구증감":-9.78,
            "인구총점":16.526,
            "일자리":11.26,
            "소득수준":67.68,
            "일자리총점":28.186,
            "가치 총점":42.0006,
            "매매실거래년":20220110.0,
            "매매실거래가":27600.0,
            "전세실거래년":20201019.0,
            "전세실거래가":12000.0,
            "전세가율":70.59,
            "장기전세가율평균":70.72,
            "전세가율거품지수":0.13,
            "검색코드":4737,
            "세대수":335.0,
            "준공년월":"1993-06-14",
            "준공년차":30.0,
            "가까운역이름":"못골",
            "가까운역거리":1043.08,
            "역세권여부":"비역세권",
            "30분이내주요거점역":0,
            "30분거점역이름":"[]",
            "1시간이내주요거점역":1,
            "1시간거점역이름":"['하단']",
            "3km이내백화점수":1,
            "5km이내아울렛몰수":0,
            "1km이내대형먀트수":1,
            "500m이내은행수":0,
            "500m이내병원수":0,
            "5km이내대형병원수":10,
            "500m이내공원수":1,
            "3km이내혐오시설수":0,
            "초등학교학업성취도":90.0,
            "중학교학업성취도":82.8,
            "용적률":0,
            "건폐율":0,
            "Y":35.125836,
            "X":129.080717,
            "rank":62.0,
            "area_info":"27평(89.26), 32평(109.09), 48평(161.98)",
            "last_sales":"2022-01-10,27600.0,32평(109.09)",
            "rank_history":[
                [
                    "202202",
                    62
                ],
                [
                    "202201",
                    44
                ]
            ],
            "rank_gap":-18
        },
        {
            "index":754,
            "아파트명":"뉴서울",
            "투자타입":"일반",
            "전용면적(m2)":"82.63",
            "전용면적(평)":"24평",
            "법정동주소":"부산시 남구 우암동 53-1",
            "도로명주소":"부산시 남구 유엔로 10",
            "세대수":50,
            "입주년차":0,
            "용적률점수":"--",
            "건폐율점수":"--",
            "세대당주차수":0,
            "난방방식":30,
            "공급면적":"--",
            "전용률":"--",
            "욕실수":50,
            "현관타입":10,
            "주거총점":26.5,
            "지역구공급총점":0.0,
            "역세권":0,
            "30분내 이동가능 거점":0,
            "1시간내 이동가능 거점":10,
            "교통총점":2.0,
            "백화점":100,
            "아울렛몰":0,
            "대형마트":80,
            "은행":0,
            "병원":0,
            "종합병원":100,
            "공원":80,
            "혐오시설":0,
            "인프라총점":64.4,
            "초등학군":90.0,
            "중학군":43.14,
            "학군총점":52.512,
            "인구수":27.8,
            "인구증감":-9.78,
            "인구총점":16.526,
            "일자리":11.26,
            "소득수준":67.68,
            "일자리총점":28.186,
            "가치 총점":41.9986,
            "매매실거래년":20211120.0,
            "매매실거래가":29300.0,
            "전세실거래년":20210428.0,
            "전세실거래가":10000.0,
            "전세가율":49.5,
            "장기전세가율평균":70.72,
            "전세가율거품지수":21.22,
            "검색코드":4724,
            "세대수":429.0,
            "준공년월":"1996-04-01",
            "준공년차":27.0,
            "가까운역이름":"못골",
            "가까운역거리":1212.77,
            "역세권여부":"비역세권",
            "30분이내주요거점역":0,
            "30분거점역이름":"[]",
            "1시간이내주요거점역":1,
            "1시간거점역이름":"['하단']",
            "3km이내백화점수":1,
            "5km이내아울렛몰수":0,
            "1km이내대형먀트수":1,
            "500m이내은행수":0,
            "500m이내병원수":0,
            "5km이내대형병원수":9,
            "500m이내공원수":1,
            "3km이내혐오시설수":0,
            "초등학교학업성취도":90.0,
            "중학교학업성취도":71.9,
            "용적률":267,
            "건폐율":17,
            "Y":35.124502,
            "X":129.079734,
            "rank":63.0,
            "area_info":"24평(82.63), 31평(103.82)",
            "last_sales":"2021-11-20,29300.0,31평(103.82)",
            "rank_history":[
                [
                    "202202",
                    63
                ],
                [
                    "202201",
                    41
                ]
            ],
            "rank_gap":-22
        },
        {
            "index":419,
            "아파트명":"문현해운맨션",
            "투자타입":"재건축",
            "전용면적(m2)":"46.8",
            "전용면적(평)":"14평",
            "법정동주소":"부산시 남구 문현동 986-5",
            "도로명주소":"부산시 남구 장고개로85번길 14-37",
            "세대수":0,
            "입주년차":"--",
            "용적률점수":0,
            "건폐율점수":0,
            "세대당주차수":"--",
            "난방방식":"--",
            "공급면적":50,
            "전용률":80,
            "욕실수":"--",
            "현관타입":"--",
            "주거총점":6.5,
            "지역구공급총점":0.0,
            "역세권":50,
            "30분내 이동가능 거점":0,
            "1시간내 이동가능 거점":10,
            "교통총점":27.0,
            "백화점":100,
            "아울렛몰":0,
            "대형마트":80,
            "은행":0,
            "병원":0,
            "종합병원":100,
            "공원":80,
            "혐오시설":-50,
            "인프라총점":63.4,
            "초등학군":89.98,
            "중학군":48.26,
            "학군총점":56.604,
            "인구수":27.8,
            "인구증감":-9.78,
            "인구총점":16.526,
            "일자리":11.26,
            "소득수준":67.68,
            "일자리총점":28.186,
            "가치 총점":41.6762,
            "매매실거래년":20211001.0,
            "매매실거래가":10000.0,
            "전세실거래년":20211004.0,
            "전세실거래가":6000.0,
            "전세가율":61.22,
            "장기전세가율평균":70.72,
            "전세가율거품지수":9.5,
            "검색코드":4585,
            "세대수":140.0,
            "준공년월":"1987-01-26",
            "준공년차":36.0,
            "가까운역이름":"지게골",
            "가까운역거리":661.3,
            "역세권여부":"준역세권",
            "30분이내주요거점역":0,
            "30분거점역이름":"[]",
            "1시간이내주요거점역":1,
            "1시간거점역이름":"['하단']",
            "3km이내백화점수":2,
            "5km이내아울렛몰수":0,
            "1km이내대형먀트수":1,
            "500m이내은행수":0,
            "500m이내병원수":0,
            "5km이내대형병원수":12,
            "500m이내공원수":1,
            "3km이내혐오시설수":1,
            "초등학교학업성취도":89.98,
            "중학교학업성취도":79.9,
            "용적률":0,
            "건폐율":0,
            "Y":35.132028,
            "X":129.068576,
            "rank":64.0,
            "area_info":"14평(46.8), 15평(49.92), 14평(49.5), 15평(52.56), 17평(58.56), 17평(59.4), 18평(60.18), 18평(62.58), 19평(64.32), 19평(64.02), 19평(64.62), 20평(66.69), 20평(68.31), 21평(70.53), 23평(78.57)",
            "last_sales":"2021-10-01,10000.0,20평(66.69)",
            "rank_history":[
                [
                    "202202",
                    64
                ],
                [
                    "202201",
                    72
                ]
            ],
            "rank_gap":8
        },
        {
            "index":288,
            "아파트명":"신원에버그린",
            "투자타입":"일반",
            "전용면적(m2)":"79.5",
            "전용면적(평)":"24평",
            "법정동주소":"부산시 남구 대연동 245-137",
            "도로명주소":"부산시 남구 황령대로319번가길 158-30",
            "세대수":30,
            "입주년차":20,
            "용적률점수":"--",
            "건폐율점수":"--",
            "세대당주차수":0,
            "난방방식":30,
            "공급면적":"--",
            "전용률":"--",
            "욕실수":50,
            "현관타입":100,
            "주거총점":32.5,
            "지역구공급총점":0.0,
            "역세권":0,
            "30분내 이동가능 거점":0,
            "1시간내 이동가능 거점":0,
            "교통총점":0.0,
            "백화점":100,
            "아울렛몰":0,
            "대형마트":0,
            "은행":0,
            "병원":0,
            "종합병원":100,
            "공원":80,
            "혐오시설":0,
            "인프라총점":52.4,
            "초등학군":90.0,
            "중학군":51.36,
            "학군총점":59.088,
            "인구수":27.8,
            "인구증감":-9.78,
            "인구총점":16.526,
            "일자리":11.26,
            "소득수준":67.68,
            "일자리총점":28.186,
            "가치 총점":41.5714,
            "매매실거래년":20220107.0,
            "매매실거래가":28000.0,
            "전세실거래년":20220107.0,
            "전세실거래가":15000.0,
            "전세가율":84.27,
            "장기전세가율평균":70.72,
            "전세가율거품지수":-13.55,
            "검색코드":4535,
            "세대수":352.0,
            "준공년월":"2000-11-29",
            "준공년차":23.0,
            "가까운역이름":"못골",
            "가까운역거리":1872.25,
            "역세권여부":"비역세권",
            "30분이내주요거점역":0,
            "30분거점역이름":"[]",
            "1시간이내주요거점역":0,
            "1시간거점역이름":"[]",
            "3km이내백화점수":2,
            "5km이내아울렛몰수":0,
            "1km이내대형먀트수":0,
            "500m이내은행수":1,
            "500m이내병원수":0,
            "5km이내대형병원수":9,
            "500m이내공원수":1,
            "3km이내혐오시설수":0,
            "초등학교학업성취도":90.0,
            "중학교학업성취도":84.4,
            "용적률":318,
            "건폐율":23,
            "Y":35.151484,
            "X":129.086368,
            "rank":65.0,
            "area_info":"24평(79.5), 31평(104.57), 31평(105.72), 48평(159.03), 59평(196.62), 63평(211.18)",
            "last_sales":"2022-01-07,28000.0,48평(159.03)",
            "rank_history":[
                [
                    "202202",
                    65
                ],
                [
                    "202201",
                    46
                ]
            ],
            "rank_gap":-19
        },
        {
            "index":126,
            "아파트명":"대연동일스위트",
            "투자타입":"일반",
            "전용면적(m2)":"41.96",
            "전용면적(평)":"12평",
            "법정동주소":"부산시 남구 대연동 74-2",
            "도로명주소":"부산시 남구 수영로 294",
            "세대수":30,
            "입주년차":40,
            "용적률점수":"--",
            "건폐율점수":"--",
            "세대당주차수":0,
            "난방방식":30,
            "공급면적":"--",
            "전용률":"--",
            "욕실수":50,
            "현관타입":50,
            "주거총점":31.5,
            "지역구공급총점":0.0,
            "역세권":80,
            "30분내 이동가능 거점":0,
            "1시간내 이동가능 거점":10,
            "교통총점":42.0,
            "백화점":0,
            "아울렛몰":0,
            "대형마트":0,
            "은행":70,
            "병원":0,
            "종합병원":100,
            "공원":80,
            "혐오시설":0,
            "인프라총점":29.4,
            "초등학군":90.0,
            "중학군":54.84,
            "학군총점":61.872,
            "인구수":27.8,
            "인구증감":-9.78,
            "인구총점":16.526,
            "일자리":11.26,
            "소득수준":67.68,
            "일자리총점":28.186,
            "가치 총점":41.5566,
            "매매실거래년":20180426.0,
            "매매실거래가":37700.0,
            "전세실거래년":20131106.0,
            "전세실거래가":7000.0,
            "전세가율":67.96,
            "장기전세가율평균":70.72,
            "전세가율거품지수":2.76,
            "검색코드":101068,
            "세대수":379.0,
            "준공년월":"2004-12-22",
            "준공년차":19.0,
            "가까운역이름":"경성대·부경대",
            "가까운역거리":217.64,
            "역세권여부":"역세권",
            "30분이내주요거점역":0,
            "30분거점역이름":"[]",
            "1시간이내주요거점역":1,
            "1시간거점역이름":"['하단']",
            "3km이내백화점수":0,
            "5km이내아울렛몰수":0,
            "1km이내대형먀트수":0,
            "500m이내은행수":4,
            "500m이내병원수":0,
            "5km이내대형병원수":8,
            "500m이내공원수":1,
            "3km이내혐오시설수":0,
            "초등학교학업성취도":90.0,
            "중학교학업성취도":88.0,
            "용적률":0,
            "건폐율":79,
            "Y":35.13632,
            "X":129.098709,
            "rank":66.0,
            "area_info":"12평(41.96), 13평(43.63), 13평(45.57), 13평(45.9), 13평(46.28), 21평(70.7), 26평(86.81), 26평(87.95), 26평(89.12), 40평(132.76)",
            "last_sales":"2018-04-26,37700.0,40평(132.76)",
            "rank_history":[
                [
                    "202202",
                    66
                ],
                [
                    "202201",
                    77
                ]
            ],
            "rank_gap":11
        },
        {
            "index":241,
            "아파트명":"마로니에타운",
            "투자타입":"일반",
            "전용면적(m2)":"31.91",
            "전용면적(평)":"9평",
            "법정동주소":"부산시 남구 대연동 86-3",
            "도로명주소":"부산시 남구 수영로325번길 11",
            "세대수":0,
            "입주년차":20,
            "용적률점수":"--",
            "건폐율점수":"--",
            "세대당주차수":0,
            "난방방식":30,
            "공급면적":"--",
            "전용률":"--",
            "욕실수":50,
            "현관타입":100,
            "주거총점":22.0,
            "지역구공급총점":0.0,
            "역세권":80,
            "30분내 이동가능 거점":0,
            "1시간내 이동가능 거점":10,
            "교통총점":42.0,
            "백화점":0,
            "아울렛몰":0,
            "대형마트":80,
            "은행":20,
            "병원":0,
            "종합병원":100,
            "공원":100,
            "혐오시설":0,
            "인프라총점":37.0,
            "초등학군":90.0,
            "중학군":54.84,
            "학군총점":61.872,
            "인구수":27.8,
            "인구증감":-9.78,
            "인구총점":16.526,
            "일자리":11.26,
            "소득수준":67.68,
            "일자리총점":28.186,
            "가치 총점":41.4616,
            "매매실거래년":20220108.0,
            "매매실거래가":6500.0,
            "전세실거래년":null,
            "전세실거래가":null,
            "전세가율":null,
            "장기전세가율평균":70.72,
            "전세가율거품지수":null,
            "검색코드":24829,
            "세대수":156.0,
            "준공년월":"2003-08-20",
            "준공년차":20.0,
            "가까운역이름":"경성대·부경대",
            "가까운역거리":109.99,
            "역세권여부":"역세권",
            "30분이내주요거점역":0,
            "30분거점역이름":"[]",
            "1시간이내주요거점역":1,
            "1시간거점역이름":"['하단']",
            "3km이내백화점수":0,
            "5km이내아울렛몰수":0,
            "1km이내대형먀트수":1,
            "500m이내은행수":2,
            "500m이내병원수":0,
            "5km이내대형병원수":8,
            "500m이내공원수":2,
            "3km이내혐오시설수":0,
            "초등학교학업성취도":90.0,
            "중학교학업성취도":88.0,
            "용적률":925,
            "건폐율":79,
            "Y":35.138516,
            "X":129.100977,
            "rank":67.0,
            "area_info":"9평(31.91), 10평(33.85), 10평(34.81), 10평(36.26), 11평(38.4), 11평(39.14), 15평(50.44), 15평(51.2), 16평(53.87), 17평(59.19), 18평(62.46), 19평(65.31), 20평(67.81), 21평(70.17), 21평(71.24), 22평(72.93)",
            "last_sales":"2022-01-08,6500.0,9평(31.91)",
            "rank_history":[
                [
                    "202202",
                    67
                ],
                [
                    "202201",
                    79
                ]
            ],
            "rank_gap":12
        },
        {
            "index":764,
            "아파트명":"동일",
            "투자타입":"재건축",
            "전용면적(m2)":"56.62",
            "전용면적(평)":"17평",
            "법정동주소":"부산시 남구 우암동 67",
            "도로명주소":"부산시 남구 유엔로 1-1",
            "세대수":30,
            "입주년차":"--",
            "용적률점수":0,
            "건폐율점수":0,
            "세대당주차수":"--",
            "난방방식":"--",
            "공급면적":50,
            "전용률":80,
            "욕실수":"--",
            "현관타입":"--",
            "주거총점":15.5,
            "지역구공급총점":0.0,
            "역세권":0,
            "30분내 이동가능 거점":0,
            "1시간내 이동가능 거점":10,
            "교통총점":2.0,
            "백화점":100,
            "아울렛몰":0,
            "대형마트":80,
            "은행":0,
            "병원":0,
            "종합병원":100,
            "공원":100,
            "혐오시설":0,
            "인프라총점":65.0,
            "초등학군":90.0,
            "중학군":50.44,
            "학군총점":58.352,
            "인구수":27.8,
            "인구증감":-9.78,
            "인구총점":16.526,
            "일자리":11.26,
            "소득수준":67.68,
            "일자리총점":28.186,
            "가치 총점":41.1806,
            "매매실거래년":20210823.0,
            "매매실거래가":29500.0,
            "전세실거래년":20220118.0,
            "전세실거래가":9000.0,
            "전세가율":48.65,
            "장기전세가율평균":70.72,
            "전세가율거품지수":22.07,
            "검색코드":4725,
            "세대수":312.0,
            "준공년월":"1988-07-28",
            "준공년차":35.0,
            "가까운역이름":"지게골",
            "가까운역거리":1164.35,
            "역세권여부":"비역세권",
            "30분이내주요거점역":0,
            "30분거점역이름":"[]",
            "1시간이내주요거점역":1,
            "1시간거점역이름":"['하단']",
            "3km이내백화점수":1,
            "5km이내아울렛몰수":0,
            "1km이내대형먀트수":1,
            "500m이내은행수":1,
            "500m이내병원수":0,
            "5km이내대형병원수":10,
            "500m이내공원수":2,
            "3km이내혐오시설수":0,
            "초등학교학업성취도":90.0,
            "중학교학업성취도":82.8,
            "용적률":0,
            "건폐율":0,
            "Y":35.125509,
            "X":129.078003,
            "rank":68.0,
            "area_info":"17평(56.62), 18평(59.62), 19평(65.28), 20평(68.34), 21평(71.4), 23평(78.96), 24평(81.66), 25평(84.68), 26평(87.58), 29평(99.16)",
            "last_sales":"2021-08-23,29500.0,29평(99.16)",
            "rank_history":[
                [
                    "202202",
                    68
                ],
                [
                    "202201",
                    50
                ]
            ],
            "rank_gap":-18
        },
        {
            "index":726,
            "아파트명":"일신님",
            "투자타입":"일반",
            "전용면적(m2)":"84.36",
            "전용면적(평)":"25평",
            "법정동주소":"부산시 남구 용호동 179-9",
            "도로명주소":"부산시 남구 용호로 38-17",
            "세대수":80,
            "입주년차":40,
            "용적률점수":"--",
            "건폐율점수":"--",
            "세대당주차수":30,
            "난방방식":30,
            "공급면적":"--",
            "전용률":"--",
            "욕실수":100,
            "현관타입":100,
            "주거총점":63.5,
            "지역구공급총점":0.0,
            "역세권":0,
            "30분내 이동가능 거점":0,
            "1시간내 이동가능 거점":10,
            "교통총점":2.0,
            "백화점":0,
            "아울렛몰":0,
            "대형마트":0,
            "은행":0,
            "병원":0,
            "종합병원":100,
            "공원":100,
            "혐오시설":0,
            "인프라총점":23.0,
            "초등학군":89.98,
            "중학군":52.64,
            "학군총점":60.108,
            "인구수":27.8,
            "인구증감":-9.78,
            "인구총점":16.526,
            "일자리":11.26,
            "소득수준":67.68,
            "일자리총점":28.186,
            "가치 총점":41.1074,
            "매매실거래년":20211213.0,
            "매매실거래가":52500.0,
            "전세실거래년":20220115.0,
            "전세실거래가":23000.0,
            "전세가율":57.79,
            "장기전세가율평균":70.72,
            "전세가율거품지수":12.93,
            "검색코드":13513,
            "세대수":710.0,
            "준공년월":"2006-01-18",
            "준공년차":17.0,
            "가까운역이름":"경성대·부경대",
            "가까운역거리":1354.09,
            "역세권여부":"비역세권",
            "30분이내주요거점역":0,
            "30분거점역이름":"[]",
            "1시간이내주요거점역":1,
            "1시간거점역이름":"['하단']",
            "3km이내백화점수":0,
            "5km이내아울렛몰수":0,
            "1km이내대형먀트수":0,
            "500m이내은행수":1,
            "500m이내병원수":0,
            "5km이내대형병원수":6,
            "500m이내공원수":2,
            "3km이내혐오시설수":0,
            "초등학교학업성취도":89.98,
            "중학교학업성취도":85.6,
            "용적률":246,
            "건폐율":16,
            "Y":35.126405,
            "X":129.106378,
            "rank":69.0,
            "area_info":"25평(84.36), 32평(105.79), 32평(106.06), 33평(110.92), 44평(146.11)",
            "last_sales":"2021-12-13,52500.0,33평(110.92)",
            "rank_history":[
                [
                    "202202",
                    69
                ],
                [
                    "202201",
                    40
                ]
            ],
            "rank_gap":-29
        },
        {
            "index":216,
            "아파트명":"대연힐스테이트푸르지오(주)",
            "투자타입":"일반",
            "전용면적(m2)":"129.92",
            "전용면적(평)":"39평",
            "법정동주소":"부산시 남구 대연동 1858",
            "도로명주소":"부산시 남구 수영로 345",
            "세대수":0,
            "입주년차":60,
            "용적률점수":"--",
            "건폐율점수":"--",
            "세대당주차수":60,
            "난방방식":30,
            "공급면적":"--",
            "전용률":"--",
            "욕실수":100,
            "현관타입":100,
            "주거총점":44.0,
            "지역구공급총점":0.0,
            "역세권":50,
            "30분내 이동가능 거점":0,
            "1시간내 이동가능 거점":10,
            "교통총점":27.0,
            "백화점":0,
            "아울렛몰":0,
            "대형마트":0,
            "은행":0,
            "병원":0,
            "종합병원":100,
            "공원":100,
            "혐오시설":0,
            "인프라총점":23.0,
            "초등학군":90.0,
            "중학군":54.84,
            "학군총점":61.872,
            "인구수":27.8,
            "인구증감":-9.78,
            "인구총점":16.526,
            "일자리":11.26,
            "소득수준":67.68,
            "일자리총점":28.186,
            "가치 총점":40.5116,
            "매매실거래년":20211106.0,
            "매매실거래가":121000.0,
            "전세실거래년":20200723.0,
            "전세실거래가":47000.0,
            "전세가율":37.6,
            "장기전세가율평균":70.72,
            "전세가율거품지수":33.12,
            "검색코드":105438,
            "세대수":204.0,
            "준공년월":"2013-05-31",
            "준공년차":10.0,
            "가까운역이름":"경성대·부경대",
            "가까운역거리":515.4,
            "역세권여부":"준역세권",
            "30분이내주요거점역":0,
            "30분거점역이름":"[]",
            "1시간이내주요거점역":1,
            "1시간거점역이름":"['하단']",
            "3km이내백화점수":0,
            "5km이내아울렛몰수":0,
            "1km이내대형먀트수":0,
            "500m이내은행수":0,
            "500m이내병원수":0,
            "5km이내대형병원수":9,
            "500m이내공원수":2,
            "3km이내혐오시설수":0,
            "초등학교학업성취도":90.0,
            "중학교학업성취도":88.0,
            "용적률":260,
            "건폐율":15,
            "Y":35.142213,
            "X":129.101077,
            "rank":70.0,
            "area_info":"39평(129.92), 39평(129.74), 44평(147.66)",
            "last_sales":"2021-11-06,121000.0,44평(147.66)",
            "rank_history":[
                [
                    "202202",
                    70
                ],
                [
                    "202201",
                    71
                ]
            ],
            "rank_gap":1
        },
        {
            "index":219,
            "아파트명":"대우그린1차",
            "투자타입":"일반",
            "전용면적(m2)":"83.75",
            "전용면적(평)":"25평",
            "법정동주소":"부산시 남구 대연동 245",
            "도로명주소":"부산시 남구 황령대로319번가길 190-6",
            "세대수":50,
            "입주년차":0,
            "용적률점수":"--",
            "건폐율점수":"--",
            "세대당주차수":0,
            "난방방식":30,
            "공급면적":"--",
            "전용률":"--",
            "욕실수":50,
            "현관타입":10,
            "주거총점":26.5,
            "지역구공급총점":0.0,
            "역세권":0,
            "30분내 이동가능 거점":0,
            "1시간내 이동가능 거점":0,
            "교통총점":0.0,
            "백화점":100,
            "아울렛몰":0,
            "대형마트":0,
            "은행":0,
            "병원":0,
            "종합병원":100,
            "공원":80,
            "혐오시설":0,
            "인프라총점":52.4,
            "초등학군":90.0,
            "중학군":51.36,
            "학군총점":59.088,
            "인구수":27.8,
            "인구증감":-9.78,
            "인구총점":16.526,
            "일자리":11.26,
            "소득수준":67.68,
            "일자리총점":28.186,
            "가치 총점":40.0714,
            "매매실거래년":20211122.0,
            "매매실거래가":16500.0,
            "전세실거래년":20211206.0,
            "전세실거래가":16000.0,
            "전세가율":96.97,
            "장기전세가율평균":70.72,
            "전세가율거품지수":-26.25,
            "검색코드":4526,
            "세대수":691.0,
            "준공년월":"1997-09-25",
            "준공년차":26.0,
            "가까운역이름":"대연",
            "가까운역거리":1795.25,
            "역세권여부":"비역세권",
            "30분이내주요거점역":0,
            "30분거점역이름":"[]",
            "1시간이내주요거점역":0,
            "1시간거점역이름":"[]",
            "3km이내백화점수":2,
            "5km이내아울렛몰수":0,
            "1km이내대형먀트수":0,
            "500m이내은행수":1,
            "500m이내병원수":0,
            "5km이내대형병원수":10,
            "500m이내공원수":1,
            "3km이내혐오시설수":0,
            "초등학교학업성취도":90.0,
            "중학교학업성취도":84.4,
            "용적률":286,
            "건폐율":24,
            "Y":35.150885,
            "X":129.087831,
            "rank":71.0,
            "area_info":"25평(83.75), 30평(101.28), 45평(151.3)",
            "last_sales":"2021-11-22,16500.0,25평(83.75)",
            "rank_history":[
                [
                    "202202",
                    71
                ],
                [
                    "202201",
                    58
                ]
            ],
            "rank_gap":-13
        },
        {
            "index":668,
            "아파트명":"롯데캐슬아인스",
            "투자타입":"일반",
            "전용면적(m2)":"83.4",
            "전용면적(평)":"25평",
            "법정동주소":"부산시 남구 용호동 776-12",
            "도로명주소":"부산시 남구 용호로231번길 62",
            "세대수":50,
            "입주년차":40,
            "용적률점수":"--",
            "건폐율점수":"--",
            "세대당주차수":0,
            "난방방식":30,
            "공급면적":"--",
            "전용률":"--",
            "욕실수":100,
            "현관타입":100,
            "주거총점":48.5,
            "지역구공급총점":0.0,
            "역세권":0,
            "30분내 이동가능 거점":0,
            "1시간내 이동가능 거점":0,
            "교통총점":0.0,
            "백화점":0,
            "아울렛몰":0,
            "대형마트":80,
            "은행":0,
            "병원":0,
            "종합병원":100,
            "공원":80,
            "혐오시설":-50,
            "인프라총점":33.4,
            "초등학군":89.99,
            "중학군":52.0,
            "학군총점":59.598,
            "인구수":27.8,
            "인구증감":-9.78,
            "인구총점":16.526,
            "일자리":11.26,
            "소득수준":67.68,
            "일자리총점":28.186,
            "가치 총점":40.0244,
            "매매실거래년":20220108.0,
            "매매실거래가":27800.0,
            "전세실거래년":20211204.0,
            "전세실거래가":18300.0,
            "전세가율":65.83,
            "장기전세가율평균":70.72,
            "전세가율거품지수":4.89,
            "검색코드":14519,
            "세대수":430.0,
            "준공년월":"2007-01-15",
            "준공년차":16.0,
            "가까운역이름":"경성대·부경대",
            "가까운역거리":3203.5,
            "역세권여부":"비역세권",
            "30분이내주요거점역":0,
            "30분거점역이름":"[]",
            "1시간이내주요거점역":0,
            "1시간거점역이름":"[]",
            "3km이내백화점수":0,
            "5km이내아울렛몰수":0,
            "1km이내대형먀트수":1,
            "500m이내은행수":0,
            "500m이내병원수":0,
            "5km이내대형병원수":2,
            "500m이내공원수":1,
            "3km이내혐오시설수":1,
            "초등학교학업성취도":89.99,
            "중학교학업성취도":85.0,
            "용적률":258,
            "건폐율":16,
            "Y":35.111048,
            "X":129.114187,
            "rank":72.0,
            "area_info":"25평(83.4), 34평(113.85)",
            "last_sales":"2022-01-08,27800.0,25평(83.4)",
            "rank_history":[
                [
                    "202202",
                    72
                ],
                [
                    "202201",
                    68
                ]
            ],
            "rank_gap":-4
        },
        {
            "index":785,
            "아파트명":"우암자유3차",
            "투자타입":"일반",
            "전용면적(m2)":"43.39",
            "전용면적(평)":"13평",
            "법정동주소":"부산시 남구 우암동 49-2",
            "도로명주소":"부산시 남구 우암로 142",
            "세대수":0,
            "입주년차":0,
            "용적률점수":"--",
            "건폐율점수":"--",
            "세대당주차수":0,
            "난방방식":30,
            "공급면적":"--",
            "전용률":"--",
            "욕실수":50,
            "현관타입":100,
            "주거총점":18.0,
            "지역구공급총점":0.0,
            "역세권":0,
            "30분내 이동가능 거점":0,
            "1시간내 이동가능 거점":10,
            "교통총점":2.0,
            "백화점":100,
            "아울렛몰":0,
            "대형마트":80,
            "은행":0,
            "병원":0,
            "종합병원":100,
            "공원":0,
            "혐오시설":0,
            "인프라총점":62.0,
            "초등학군":89.98,
            "중학군":43.14,
            "학군총점":52.508,
            "인구수":27.8,
            "인구증감":-9.78,
            "인구총점":16.526,
            "일자리":11.26,
            "소득수준":67.68,
            "일자리총점":28.186,
            "가치 총점":39.1524,
            "매매실거래년":20211130.0,
            "매매실거래가":28500.0,
            "전세실거래년":null,
            "전세실거래가":null,
            "전세가율":null,
            "장기전세가율평균":70.72,
            "전세가율거품지수":null,
            "검색코드":4496,
            "세대수":288.0,
            "준공년월":"1994-03-26",
            "준공년차":29.0,
            "가까운역이름":"못골",
            "가까운역거리":1320.65,
            "역세권여부":"비역세권",
            "30분이내주요거점역":0,
            "30분거점역이름":"[]",
            "1시간이내주요거점역":1,
            "1시간거점역이름":"['하단']",
            "3km이내백화점수":1,
            "5km이내아울렛몰수":0,
            "1km이내대형먀트수":1,
            "500m이내은행수":0,
            "500m이내병원수":0,
            "5km이내대형병원수":9,
            "500m이내공원수":0,
            "3km이내혐오시설수":0,
            "초등학교학업성취도":89.98,
            "중학교학업성취도":71.9,
            "용적률":384,
            "건폐율":21,
            "Y":35.123203,
            "X":129.080858,
            "rank":73.0,
            "area_info":"13평(43.39), 21평(71.26), 21평(71.8), 27평(90.49), 29평(98.98), 45평(149.48)",
            "last_sales":"2021-11-30,28500.0,45평(149.48)",
            "rank_history":[
                [
                    "202202",
                    73
                ],
                [
                    "202201",
                    53
                ]
            ],
            "rank_gap":-20
        },
        {
            "index":507,
            "아파트명":"현대아이파크",
            "투자타입":"일반",
            "전용면적(m2)":"80.55",
            "전용면적(평)":"24평",
            "법정동주소":"부산시 남구 용당동 99-10",
            "도로명주소":"부산시 남구 동명로 26",
            "세대수":80,
            "입주년차":20,
            "용적률점수":"--",
            "건폐율점수":"--",
            "세대당주차수":30,
            "난방방식":30,
            "공급면적":"--",
            "전용률":"--",
            "욕실수":100,
            "현관타입":100,
            "주거총점":59.5,
            "지역구공급총점":0.0,
            "역세권":0,
            "30분내 이동가능 거점":0,
            "1시간내 이동가능 거점":0,
            "교통총점":0.0,
            "백화점":0,
            "아울렛몰":0,
            "대형마트":0,
            "은행":0,
            "병원":0,
            "종합병원":100,
            "공원":0,
            "혐오시설":0,
            "인프라총점":20.0,
            "초등학군":90.06,
            "중학군":51.1,
            "학군총점":58.892,
            "인구수":27.8,
            "인구증감":-9.78,
            "인구총점":16.526,
            "일자리":11.26,
            "소득수준":67.68,
            "일자리총점":28.186,
            "가치 총점":38.5426,
            "매매실거래년":20211122.0,
            "매매실거래가":43400.0,
            "전세실거래년":20220104.0,
            "전세실거래가":16800.0,
            "전세가율":64.62,
            "장기전세가율평균":70.72,
            "전세가율거품지수":6.1,
            "검색코드":11665,
            "세대수":748.0,
            "준공년월":"2002-12-28",
            "준공년차":21.0,
            "가까운역이름":"대연",
            "가까운역거리":1901.7,
            "역세권여부":"비역세권",
            "30분이내주요거점역":0,
            "30분거점역이름":"[]",
            "1시간이내주요거점역":0,
            "1시간거점역이름":"[]",
            "3km이내백화점수":0,
            "5km이내아울렛몰수":0,
            "1km이내대형먀트수":0,
            "500m이내은행수":0,
            "500m이내병원수":0,
            "5km이내대형병원수":7,
            "500m이내공원수":0,
            "3km이내혐오시설수":0,
            "초등학교학업성취도":90.06,
            "중학교학업성취도":82.9,
            "용적률":273,
            "건폐율":14,
            "Y":35.118948,
            "X":129.098903,
            "rank":74.0,
            "area_info":"24평(80.55), 29평(98.91), 32평(108.42), 37평(123.93), 43평(142.39)",
            "last_sales":"2021-11-22,43400.0,43평(142.39)",
            "rank_history":[
                [
                    "202202",
                    74
                ],
                [
                    "202201",
                    80
                ]
            ],
            "rank_gap":6
        },
        {
            "index":40,
            "아파트명":"유창그린2차",
            "투자타입":"일반",
            "전용면적(m2)":"69.69",
            "전용면적(평)":"21평",
            "법정동주소":"부산시 남구 감만동 189-78",
            "도로명주소":"부산시 남구 양지골로 134",
            "세대수":30,
            "입주년차":60,
            "용적률점수":"--",
            "건폐율점수":"--",
            "세대당주차수":0,
            "난방방식":30,
            "공급면적":"--",
            "전용률":"--",
            "욕실수":50,
            "현관타입":100,
            "주거총점":40.5,
            "지역구공급총점":0.0,
            "역세권":0,
            "30분내 이동가능 거점":0,
            "1시간내 이동가능 거점":0,
            "교통총점":0.0,
            "백화점":0,
            "아울렛몰":0,
            "대형마트":80,
            "은행":70,
            "병원":0,
            "종합병원":100,
            "공원":100,
            "혐오시설":0,
            "인프라총점":42.0,
            "초등학군":89.97,
            "중학군":43.14,
            "학군총점":52.506,
            "인구수":27.8,
            "인구증감":-9.78,
            "인구총점":16.526,
            "일자리":11.26,
            "소득수준":67.68,
            "일자리총점":28.186,
            "가치 총점":38.4768,
            "매매실거래년":20210906.0,
            "매매실거래가":19700.0,
            "전세실거래년":20191211.0,
            "전세실거래가":10000.0,
            "전세가율":59.52,
            "장기전세가율평균":70.72,
            "전세가율거품지수":11.2,
            "검색코드":14076,
            "세대수":365.0,
            "준공년월":"2012-02-13",
            "준공년차":11.0,
            "가까운역이름":"못골",
            "가까운역거리":2148.0,
            "역세권여부":"비역세권",
            "30분이내주요거점역":0,
            "30분거점역이름":"[]",
            "1시간이내주요거점역":0,
            "1시간거점역이름":"[]",
            "3km이내백화점수":0,
            "5km이내아울렛몰수":0,
            "1km이내대형먀트수":1,
            "500m이내은행수":4,
            "500m이내병원수":0,
            "5km이내대형병원수":8,
            "500m이내공원수":2,
            "3km이내혐오시설수":0,
            "초등학교학업성취도":89.97,
            "중학교학업성취도":71.9,
            "용적률":170,
            "건폐율":14,
            "Y":35.115514,
            "X":129.086856,
            "rank":75.0,
            "area_info":"21평(69.69), 22평(75.49), 26평(88.6), 31평(102.73), 32평(107.95), 38평(128.65)",
            "last_sales":"2021-09-06,19700.0,38평(128.65)",
            "rank_history":[
                [
                    "202202",
                    75
                ],
                [
                    "202201",
                    59
                ]
            ],
            "rank_gap":-16
        },
        {
            "index":0,
            "아파트명":"감만동일스위트",
            "투자타입":"일반",
            "전용면적(m2)":"84.26",
            "전용면적(평)":"25평",
            "법정동주소":"부산시 남구 감만동 73-212",
            "도로명주소":"부산시 남구 우암로104번길 29",
            "세대수":50,
            "입주년차":40,
            "용적률점수":"--",
            "건폐율점수":"--",
            "세대당주차수":0,
            "난방방식":30,
            "공급면적":"--",
            "전용률":"--",
            "욕실수":100,
            "현관타입":100,
            "주거총점":48.5,
            "지역구공급총점":0.0,
            "역세권":0,
            "30분내 이동가능 거점":0,
            "1시간내 이동가능 거점":0,
            "교통총점":0.0,
            "백화점":0,
            "아울렛몰":0,
            "대형마트":80,
            "은행":0,
            "병원":0,
            "종합병원":100,
            "공원":80,
            "혐오시설":0,
            "인프라총점":34.4,
            "초등학군":89.98,
            "중학군":43.14,
            "학군총점":52.508,
            "인구수":27.8,
            "인구증감":-9.78,
            "인구총점":16.526,
            "일자리":11.26,
            "소득수준":67.68,
            "일자리총점":28.186,
            "가치 총점":38.1974,
            "매매실거래년":20211225.0,
            "매매실거래가":21500.0,
            "전세실거래년":20220109.0,
            "전세실거래가":19000.0,
            "전세가율":88.37,
            "장기전세가율평균":70.72,
            "전세가율거품지수":-17.65,
            "검색코드":12935,
            "세대수":548.0,
            "준공년월":"2005-10-18",
            "준공년차":18.0,
            "가까운역이름":"못골",
            "가까운역거리":1690.63,
            "역세권여부":"비역세권",
            "30분이내주요거점역":0,
            "30분거점역이름":"[]",
            "1시간이내주요거점역":0,
            "1시간거점역이름":"[]",
            "3km이내백화점수":0,
            "5km이내아울렛몰수":0,
            "1km이내대형먀트수":1,
            "500m이내은행수":0,
            "500m이내병원수":0,
            "5km이내대형병원수":9,
            "500m이내공원수":1,
            "3km이내혐오시설수":0,
            "초등학교학업성취도":89.98,
            "중학교학업성취도":71.9,
            "용적률":264,
            "건폐율":27,
            "Y":35.119591,
            "X":129.082598,
            "rank":76.0,
            "area_info":"25평(84.26), 25평(84.8), 29평(96.84), 31평(103.07), 35평(116.45)",
            "last_sales":"2021-12-25,21500.0,25평(84.26)",
            "rank_history":[
                [
                    "202202",
                    76
                ],
                [
                    "202201",
                    54
                ]
            ],
            "rank_gap":-22
        },
        {
            "index":61,
            "아파트명":"대승타워",
            "투자타입":"일반",
            "전용면적(m2)":"29.58",
            "전용면적(평)":"8평",
            "법정동주소":"부산시 남구 대연동 72-23",
            "도로명주소":"부산시 남구 수영로 304",
            "세대수":0,
            "입주년차":0,
            "용적률점수":"--",
            "건폐율점수":"--",
            "세대당주차수":0,
            "난방방식":30,
            "공급면적":"--",
            "전용률":"--",
            "욕실수":50,
            "현관타입":100,
            "주거총점":18.0,
            "지역구공급총점":0.0,
            "역세권":80,
            "30분내 이동가능 거점":0,
            "1시간내 이동가능 거점":10,
            "교통총점":42.0,
            "백화점":0,
            "아울렛몰":0,
            "대형마트":0,
            "은행":70,
            "병원":0,
            "종합병원":100,
            "공원":80,
            "혐오시설":0,
            "인프라총점":29.4,
            "초등학군":90.0,
            "중학군":54.84,
            "학군총점":61.872,
            "인구수":27.8,
            "인구증감":-9.78,
            "인구총점":16.526,
            "일자리":11.26,
            "소득수준":67.68,
            "일자리총점":28.186,
            "가치 총점":38.1816,
            "매매실거래년":20201019.0,
            "매매실거래가":10000.0,
            "전세실거래년":20121019.0,
            "전세실거래가":4500.0,
            "전세가율":69.77,
            "장기전세가율평균":70.72,
            "전세가율거품지수":0.95,
            "검색코드":18040,
            "세대수":118.0,
            "준공년월":"1998-04-01",
            "준공년차":25.0,
            "가까운역이름":"경성대·부경대",
            "가까운역거리":126.98,
            "역세권여부":"역세권",
            "30분이내주요거점역":0,
            "30분거점역이름":"[]",
            "1시간이내주요거점역":1,
            "1시간거점역이름":"['하단']",
            "3km이내백화점수":0,
            "5km이내아울렛몰수":0,
            "1km이내대형먀트수":0,
            "500m이내은행수":4,
            "500m이내병원수":0,
            "5km이내대형병원수":8,
            "500m이내공원수":1,
            "3km이내혐오시설수":0,
            "초등학교학업성취도":90.0,
            "중학교학업성취도":88.0,
            "용적률":957,
            "건폐율":64,
            "Y":35.136844,
            "X":129.099473,
            "rank":77.0,
            "area_info":"8평(29.58), 9평(31.3), 11평(36.78), 11평(37.59), 12평(40.89), 13평(43.25), 13평(43.4), 14평(47.64), 15평(51.02), 15평(52.17), 17평(56.44), 17평(57.72), 17평(58.08), 17평(58.45), 21평(69.93), 21평(70.16)",
            "last_sales":"2020-10-19,10000.0,17평(58.08)",
            "rank_history":[
                [
                    "202202",
                    77
                ],
                [
                    "202201",
                    89
                ]
            ],
            "rank_gap":12
        },
        {
            "index":554,
            "아파트명":"경동",
            "투자타입":"재건축",
            "전용면적(m2)":"72.91",
            "전용면적(평)":"22평",
            "법정동주소":"부산시 남구 용호동 519-5",
            "도로명주소":"부산시 남구 동명로 202",
            "세대수":50,
            "입주년차":"--",
            "용적률점수":0,
            "건폐율점수":80,
            "세대당주차수":"--",
            "난방방식":"--",
            "공급면적":50,
            "전용률":60,
            "욕실수":"--",
            "현관타입":"--",
            "주거총점":36.5,
            "지역구공급총점":0.0,
            "역세권":0,
            "30분내 이동가능 거점":0,
            "1시간내 이동가능 거점":0,
            "교통총점":0.0,
            "백화점":0,
            "아울렛몰":0,
            "대형마트":80,
            "은행":0,
            "병원":0,
            "종합병원":100,
            "공원":80,
            "혐오시설":0,
            "인프라총점":34.4,
            "초등학군":90.0,
            "중학군":53.9,
            "학군총점":61.12,
            "인구수":27.8,
            "인구증감":-9.78,
            "인구총점":16.526,
            "일자리":11.26,
            "소득수준":67.68,
            "일자리총점":28.186,
            "가치 총점":37.781,
            "매매실거래년":20210714.0,
            "매매실거래가":22500.0,
            "전세실거래년":20180410.0,
            "전세실거래가":5400.0,
            "전세가율":41.54,
            "장기전세가율평균":70.72,
            "전세가율거품지수":29.18,
            "검색코드":4607,
            "세대수":499.0,
            "준공년월":"1992-12-05",
            "준공년차":31.0,
            "가까운역이름":"경성대·부경대",
            "가까운역거리":2721.12,
            "역세권여부":"비역세권",
            "30분이내주요거점역":0,
            "30분거점역이름":"[]",
            "1시간이내주요거점역":0,
            "1시간거점역이름":"[]",
            "3km이내백화점수":0,
            "5km이내아울렛몰수":0,
            "1km이내대형먀트수":1,
            "500m이내은행수":1,
            "500m이내병원수":0,
            "5km이내대형병원수":3,
            "500m이내공원수":1,
            "3km이내혐오시설수":0,
            "초등학교학업성취도":90.0,
            "중학교학업성취도":85.9,
            "용적률":301,
            "건폐율":24,
            "Y":35.117249,
            "X":129.117135,
            "rank":78.0,
            "area_info":"22평(72.91), 22평(75.17), 26평(88.04), 29평(96.62), 30평(101.86), 30평(101.62), 30평(102.04), 32평(105.87), 35평(118.54), 39평(131.88), 40평(134.39), 40평(135.18)",
            "last_sales":"2021-07-14,22500.0,40평(134.39)",
            "rank_history":[
                [
                    "202202",
                    78
                ],
                [
                    "202201",
                    84
                ]
            ],
            "rank_gap":6
        },
        {
            "index":96,
            "아파트명":"대연경동메르빌",
            "투자타입":"일반",
            "전용면적(m2)":"84.99",
            "전용면적(평)":"25평",
            "법정동주소":"부산시 남구 대연동 252-1",
            "도로명주소":"부산시 남구 황령대로319번길 26",
            "세대수":50,
            "입주년차":40,
            "용적률점수":"--",
            "건폐율점수":"--",
            "세대당주차수":30,
            "난방방식":30,
            "공급면적":"--",
            "전용률":"--",
            "욕실수":100,
            "현관타입":100,
            "주거총점":53.0,
            "지역구공급총점":0.0,
            "역세권":0,
            "30분내 이동가능 거점":0,
            "1시간내 이동가능 거점":0,
            "교통총점":0.0,
            "백화점":0,
            "아울렛몰":0,
            "대형마트":0,
            "은행":0,
            "병원":0,
            "종합병원":100,
            "공원":80,
            "혐오시설":0,
            "인프라총점":22.4,
            "초등학군":90.0,
            "중학군":51.36,
            "학군총점":59.088,
            "인구수":27.8,
            "인구증감":-9.78,
            "인구총점":16.526,
            "일자리":11.26,
            "소득수준":67.68,
            "일자리총점":28.186,
            "가치 총점":37.6964,
            "매매실거래년":20220108.0,
            "매매실거래가":29000.0,
            "전세실거래년":20200523.0,
            "전세실거래가":19000.0,
            "전세가율":65.52,
            "장기전세가율평균":70.72,
            "전세가율거품지수":5.2,
            "검색코드":14171,
            "세대수":451.0,
            "준공년월":"2005-08-16",
            "준공년차":18.0,
            "가까운역이름":"경성대·부경대",
            "가까운역거리":1601.32,
            "역세권여부":"비역세권",
            "30분이내주요거점역":0,
            "30분거점역이름":"[]",
            "1시간이내주요거점역":0,
            "1시간거점역이름":"[]",
            "3km이내백화점수":0,
            "5km이내아울렛몰수":0,
            "1km이내대형먀트수":0,
            "500m이내은행수":1,
            "500m이내병원수":0,
            "5km이내대형병원수":9,
            "500m이내공원수":1,
            "3km이내혐오시설수":0,
            "초등학교학업성취도":90.0,
            "중학교학업성취도":84.4,
            "용적률":286,
            "건폐율":27,
            "Y":35.150375,
            "X":129.092389,
            "rank":79.0,
            "area_info":"25평(84.99), 25평(84.63), 33평(110.02), 34평(113.81)",
            "last_sales":"2022-01-08,29000.0,25평(84.99)",
            "rank_history":[
                [
                    "202202",
                    79
                ],
                [
                    "202201",
                    70
                ]
            ],
            "rank_gap":-9
        },
        {
            "index":108,
            "아파트명":"대연극동",
            "투자타입":"일반",
            "전용면적(m2)":"82.54",
            "전용면적(평)":"24평",
            "법정동주소":"부산시 남구 대연동 282-1",
            "도로명주소":"부산시 남구 진남로36번길 50",
            "세대수":50,
            "입주년차":20,
            "용적률점수":"--",
            "건폐율점수":"--",
            "세대당주차수":30,
            "난방방식":30,
            "공급면적":"--",
            "전용률":"--",
            "욕실수":50,
            "현관타입":10,
            "주거총점":35.0,
            "지역구공급총점":0.0,
            "역세권":50,
            "30분내 이동가능 거점":0,
            "1시간내 이동가능 거점":10,
            "교통총점":27.0,
            "백화점":0,
            "아울렛몰":0,
            "대형마트":0,
            "은행":0,
            "병원":0,
            "종합병원":100,
            "공원":100,
            "혐오시설":0,
            "인프라총점":23.0,
            "초등학군":90.0,
            "중학군":51.36,
            "학군총점":59.088,
            "인구수":27.8,
            "인구증감":-9.78,
            "인구총점":16.526,
            "일자리":11.26,
            "소득수준":67.68,
            "일자리총점":28.186,
            "가치 총점":37.4264,
            "매매실거래년":20200916.0,
            "매매실거래가":37000.0,
            "전세실거래년":null,
            "전세실거래가":null,
            "전세가율":null,
            "장기전세가율평균":70.72,
            "전세가율거품지수":null,
            "검색코드":10488,
            "세대수":413.0,
            "준공년월":"2002-08-02",
            "준공년차":21.0,
            "가까운역이름":"대연",
            "가까운역거리":605.34,
            "역세권여부":"준역세권",
            "30분이내주요거점역":0,
            "30분거점역이름":"[]",
            "1시간이내주요거점역":1,
            "1시간거점역이름":"['하단']",
            "3km이내백화점수":0,
            "5km이내아울렛몰수":0,
            "1km이내대형먀트수":0,
            "500m이내은행수":0,
            "500m이내병원수":0,
            "5km이내대형병원수":9,
            "500m이내공원수":2,
            "3km이내혐오시설수":0,
            "초등학교학업성취도":90.0,
            "중학교학업성취도":84.4,
            "용적률":326,
            "건폐율":25,
            "Y":35.140564,
            "X":129.09183,
            "rank":80.0,
            "area_info":"24평(82.54), 25평(85.23), 32평(108.55), 33평(109.55), 44평(146.01), 44평(146.52)",
            "last_sales":"2020-09-16,37000.0,44평(146.52)",
            "rank_history":[
                [
                    "202202",
                    80
                ],
                [
                    "202201",
                    90
                ]
            ],
            "rank_gap":10
        },
        {
            "index":13,
            "아파트명":"국제",
            "투자타입":"일반",
            "전용면적(m2)":"79.82",
            "전용면적(평)":"24평",
            "법정동주소":"부산시 남구 감만동 20-1",
            "도로명주소":"부산시 남구 석포로 34",
            "세대수":50,
            "입주년차":0,
            "용적률점수":"--",
            "건폐율점수":"--",
            "세대당주차수":0,
            "난방방식":30,
            "공급면적":"--",
            "전용률":"--",
            "욕실수":50,
            "현관타입":100,
            "주거총점":35.5,
            "지역구공급총점":0.0,
            "역세권":0,
            "30분내 이동가능 거점":0,
            "1시간내 이동가능 거점":10,
            "교통총점":2.0,
            "백화점":0,
            "아울렛몰":0,
            "대형마트":100,
            "은행":0,
            "병원":0,
            "종합병원":100,
            "공원":100,
            "혐오시설":0,
            "인프라총점":38.0,
            "초등학군":89.98,
            "중학군":47.5,
            "학군총점":55.996,
            "인구수":27.8,
            "인구증감":-9.78,
            "인구총점":16.526,
            "일자리":11.26,
            "소득수준":67.68,
            "일자리총점":28.186,
            "가치 총점":37.3738,
            "매매실거래년":20211230.0,
            "매매실거래가":17500.0,
            "전세실거래년":20211228.0,
            "전세실거래가":18500.0,
            "전세가율":105.71,
            "장기전세가율평균":70.72,
            "전세가율거품지수":-34.99,
            "검색코드":4477,
            "세대수":452.0,
            "준공년월":"1996-10-30",
            "준공년차":27.0,
            "가까운역이름":"못골",
            "가까운역거리":1379.33,
            "역세권여부":"비역세권",
            "30분이내주요거점역":0,
            "30분거점역이름":"[]",
            "1시간이내주요거점역":1,
            "1시간거점역이름":"['하단']",
            "3km이내백화점수":0,
            "5km이내아울렛몰수":0,
            "1km이내대형먀트수":2,
            "500m이내은행수":0,
            "500m이내병원수":0,
            "5km이내대형병원수":7,
            "500m이내공원수":3,
            "3km이내혐오시설수":0,
            "초등학교학업성취도":89.98,
            "중학교학업성취도":78.7,
            "용적률":395,
            "건폐율":32,
            "Y":35.122335,
            "X":129.085114,
            "rank":81.0,
            "area_info":"24평(79.82), 31평(103.65)",
            "last_sales":"2021-12-30,17500.0,24평(79.82)",
            "rank_history":[
                [
                    "202202",
                    81
                ],
                [
                    "202201",
                    78
                ]
            ],
            "rank_gap":-3
        },
        {
            "index":114,
            "아파트명":"대연대우",
            "투자타입":"일반",
            "전용면적(m2)":"76.25",
            "전용면적(평)":"23평",
            "법정동주소":"부산시 남구 대연동 1170-2",
            "도로명주소":"부산시 남구 홍곡로 343",
            "세대수":50,
            "입주년차":0,
            "용적률점수":"--",
            "건폐율점수":"--",
            "세대당주차수":0,
            "난방방식":30,
            "공급면적":"--",
            "전용률":"--",
            "욕실수":50,
            "현관타입":100,
            "주거총점":35.5,
            "지역구공급총점":0.0,
            "역세권":0,
            "30분내 이동가능 거점":0,
            "1시간내 이동가능 거점":10,
            "교통총점":2.0,
            "백화점":0,
            "아울렛몰":0,
            "대형마트":100,
            "은행":0,
            "병원":0,
            "종합병원":100,
            "공원":100,
            "혐오시설":0,
            "인프라총점":38.0,
            "초등학군":89.97,
            "중학군":47.5,
            "학군총점":55.994,
            "인구수":27.8,
            "인구증감":-9.78,
            "인구총점":16.526,
            "일자리":11.26,
            "소득수준":67.68,
            "일자리총점":28.186,
            "가치 총점":37.3732,
            "매매실거래년":20211204.0,
            "매매실거래가":29500.0,
            "전세실거래년":20211013.0,
            "전세실거래가":14000.0,
            "전세가율":73.68,
            "장기전세가율평균":70.72,
            "전세가율거품지수":-2.96,
            "검색코드":4521,
            "세대수":457.0,
            "준공년월":"1996-02-27",
            "준공년차":27.0,
            "가까운역이름":"못골",
            "가까운역거리":1368.47,
            "역세권여부":"비역세권",
            "30분이내주요거점역":0,
            "30분거점역이름":"[]",
            "1시간이내주요거점역":1,
            "1시간거점역이름":"['하단']",
            "3km이내백화점수":0,
            "5km이내아울렛몰수":0,
            "1km이내대형먀트수":2,
            "500m이내은행수":0,
            "500m이내병원수":0,
            "5km이내대형병원수":7,
            "500m이내공원수":4,
            "3km이내혐오시설수":0,
            "초등학교학업성취도":89.97,
            "중학교학업성취도":78.7,
            "용적률":391,
            "건폐율":36,
            "Y":35.122952,
            "X":129.088765,
            "rank":82.0,
            "area_info":"23평(76.25), 23평(77.23), 31평(103.07), 41평(138.65), 42평(139.85)",
            "last_sales":"2021-12-04,29500.0,42평(139.85)",
            "rank_history":[
                [
                    "202202",
                    82
                ],
                [
                    "202201",
                    75
                ]
            ],
            "rank_gap":-7
        },
        {
            "index":759,
            "아파트명":"대진",
            "투자타입":"재건축",
            "전용면적(m2)":"52.02",
            "전용면적(평)":"15평",
            "법정동주소":"부산시 남구 우암동 46",
            "도로명주소":"부산시 남구 우암로154번길 18",
            "세대수":0,
            "입주년차":"--",
            "용적률점수":0,
            "건폐율점수":0,
            "세대당주차수":"--",
            "난방방식":"--",
            "공급면적":50,
            "전용률":80,
            "욕실수":"--",
            "현관타입":"--",
            "주거총점":6.5,
            "지역구공급총점":0.0,
            "역세권":0,
            "30분내 이동가능 거점":0,
            "1시간내 이동가능 거점":10,
            "교통총점":2.0,
            "백화점":100,
            "아울렛몰":0,
            "대형마트":80,
            "은행":0,
            "병원":0,
            "종합병원":100,
            "공원":80,
            "혐오시설":0,
            "인프라총점":64.4,
            "초등학군":89.98,
            "중학군":43.14,
            "학군총점":52.508,
            "인구수":27.8,
            "인구증감":-9.78,
            "인구총점":16.526,
            "일자리":11.26,
            "소득수준":67.68,
            "일자리총점":28.186,
            "가치 총점":36.9974,
            "매매실거래년":20210703.0,
            "매매실거래가":14800.0,
            "전세실거래년":20211015.0,
            "전세실거래가":12000.0,
            "전세가율":81.08,
            "장기전세가율평균":70.72,
            "전세가율거품지수":-10.36,
            "검색코드":11006,
            "세대수":108.0,
            "준공년월":"1986-06-30",
            "준공년차":37.0,
            "가까운역이름":"못골",
            "가까운역거리":1186.75,
            "역세권여부":"비역세권",
            "30분이내주요거점역":0,
            "30분거점역이름":"[]",
            "1시간이내주요거점역":1,
            "1시간거점역이름":"['하단']",
            "3km이내백화점수":1,
            "5km이내아울렛몰수":0,
            "1km이내대형먀트수":1,
            "500m이내은행수":0,
            "500m이내병원수":0,
            "5km이내대형병원수":10,
            "500m이내공원수":1,
            "3km이내혐오시설수":0,
            "초등학교학업성취도":89.98,
            "중학교학업성취도":71.9,
            "용적률":0,
            "건폐율":0,
            "Y":35.124418,
            "X":129.080995,
            "rank":83.0,
            "area_info":"15평(52.02), 16평(55.62), 17평(59.4), 18평(62.1), 19평(64.8)",
            "last_sales":"2021-07-03,14800.0,15평(52.02)",
            "rank_history":[
                [
                    "202202",
                    83
                ],
                [
                    "202201",
                    74
                ]
            ],
            "rank_gap":-9
        },
        {
            "index":670,
            "아파트명":"미주",
            "투자타입":"일반",
            "전용면적(m2)":"75.74",
            "전용면적(평)":"22평",
            "법정동주소":"부산시 남구 용호동 480-2",
            "도로명주소":"부산시 남구 동명로92번길 91",
            "세대수":0,
            "입주년차":20,
            "용적률점수":"--",
            "건폐율점수":"--",
            "세대당주차수":0,
            "난방방식":30,
            "공급면적":"--",
            "전용률":"--",
            "욕실수":50,
            "현관타입":100,
            "주거총점":22.0,
            "지역구공급총점":0.0,
            "역세권":0,
            "30분내 이동가능 거점":0,
            "1시간내 이동가능 거점":0,
            "교통총점":0.0,
            "백화점":0,
            "아울렛몰":0,
            "대형마트":80,
            "은행":70,
            "병원":0,
            "종합병원":100,
            "공원":100,
            "혐오시설":0,
            "인프라총점":42.0,
            "초등학군":90.0,
            "중학군":53.9,
            "학군총점":61.12,
            "인구수":27.8,
            "인구증감":-9.78,
            "인구총점":16.526,
            "일자리":11.26,
            "소득수준":67.68,
            "일자리총점":28.186,
            "가치 총점":36.436,
            "매매실거래년":20211119.0,
            "매매실거래가":17000.0,
            "전세실거래년":20181127.0,
            "전세실거래가":12000.0,
            "전세가율":70.59,
            "장기전세가율평균":70.72,
            "전세가율거품지수":0.13,
            "검색코드":13017,
            "세대수":157.0,
            "준공년월":"1999-03-29",
            "준공년차":24.0,
            "가까운역이름":"경성대·부경대",
            "가까운역거리":2463.95,
            "역세권여부":"비역세권",
            "30분이내주요거점역":0,
            "30분거점역이름":"[]",
            "1시간이내주요거점역":0,
            "1시간거점역이름":"[]",
            "3km이내백화점수":0,
            "5km이내아울렛몰수":0,
            "1km이내대형먀트수":1,
            "500m이내은행수":3,
            "500m이내병원수":0,
            "5km이내대형병원수":3,
            "500m이내공원수":2,
            "3km이내혐오시설수":0,
            "초등학교학업성취도":90.0,
            "중학교학업성취도":85.9,
            "용적률":0,
            "건폐율":0,
            "Y":35.116453,
            "X":129.108611,
            "rank":84.0,
            "area_info":"22평(75.74), 23평(77.61), 25평(85.31), 31평(105.7), 32평(108.24), 36평(119.89)",
            "last_sales":"2021-11-19,17000.0,22평(75.74)",
            "rank_history":[
                [
                    "202202",
                    84
                ],
                [
                    "202201",
                    82
                ]
            ],
            "rank_gap":-2
        },
        {
            "index":713,
            "아파트명":"용호동일타운",
            "투자타입":"재건축",
            "전용면적(m2)":"82.97",
            "전용면적(평)":"25평",
            "법정동주소":"부산시 남구 용호동 522-2",
            "도로명주소":"부산시 남구 동명로170번길 93",
            "세대수":50,
            "입주년차":"--",
            "용적률점수":0,
            "건폐율점수":0,
            "세대당주차수":"--",
            "난방방식":"--",
            "공급면적":70,
            "전용률":80,
            "욕실수":"--",
            "현관타입":"--",
            "주거총점":22.5,
            "지역구공급총점":0.0,
            "역세권":0,
            "30분내 이동가능 거점":0,
            "1시간내 이동가능 거점":0,
            "교통총점":0.0,
            "백화점":0,
            "아울렛몰":0,
            "대형마트":80,
            "은행":70,
            "병원":0,
            "종합병원":100,
            "공원":80,
            "혐오시설":0,
            "인프라총점":41.4,
            "초등학군":90.0,
            "중학군":53.9,
            "학군총점":61.12,
            "인구수":27.8,
            "인구증감":-9.78,
            "인구총점":16.526,
            "일자리":11.26,
            "소득수준":67.68,
            "일자리총점":28.186,
            "가치 총점":36.381,
            "매매실거래년":20210918.0,
            "매매실거래가":30400.0,
            "전세실거래년":20210222.0,
            "전세실거래가":12000.0,
            "전세가율":64.17,
            "장기전세가율평균":70.72,
            "전세가율거품지수":6.55,
            "검색코드":4633,
            "세대수":444.0,
            "준공년월":"1991-10-17",
            "준공년차":32.0,
            "가까운역이름":"경성대·부경대",
            "가까운역거리":2834.13,
            "역세권여부":"비역세권",
            "30분이내주요거점역":0,
            "30분거점역이름":"[]",
            "1시간이내주요거점역":0,
            "1시간거점역이름":"[]",
            "3km이내백화점수":0,
            "5km이내아울렛몰수":0,
            "1km이내대형먀트수":1,
            "500m이내은행수":3,
            "500m이내병원수":0,
            "5km이내대형병원수":2,
            "500m이내공원수":1,
            "3km이내혐오시설수":0,
            "초등학교학업성취도":90.0,
            "중학교학업성취도":85.9,
            "용적률":0,
            "건폐율":0,
            "Y":35.115298,
            "X":129.115605,
            "rank":85.0,
            "area_info":"25평(82.97), 27평(92.43), 28평(92.88), 31평(102.53), 33평(112.02), 40평(134.63), 44평(146.48)",
            "last_sales":"2021-09-18,30400.0,40평(134.63)",
            "rank_history":[
                [
                    "202202",
                    85
                ],
                [
                    "202201",
                    85
                ]
            ],
            "rank_gap":0
        },
        {
            "index":739,
            "아파트명":"현대비치",
            "투자타입":"일반",
            "전용면적(m2)":"69.97",
            "전용면적(평)":"21평",
            "법정동주소":"부산시 남구 용호동 181-1",
            "도로명주소":"부산시 남구 용호로42번길 14",
            "세대수":50,
            "입주년차":0,
            "용적률점수":"--",
            "건폐율점수":"--",
            "세대당주차수":0,
            "난방방식":30,
            "공급면적":"--",
            "전용률":"--",
            "욕실수":50,
            "현관타입":100,
            "주거총점":35.5,
            "지역구공급총점":0.0,
            "역세권":0,
            "30분내 이동가능 거점":0,
            "1시간내 이동가능 거점":10,
            "교통총점":2.0,
            "백화점":0,
            "아울렛몰":0,
            "대형마트":0,
            "은행":70,
            "병원":0,
            "종합병원":100,
            "공원":80,
            "혐오시설":0,
            "인프라총점":29.4,
            "초등학군":89.98,
            "중학군":52.64,
            "학군총점":60.108,
            "인구수":27.8,
            "인구증감":-9.78,
            "인구총점":16.526,
            "일자리":11.26,
            "소득수준":67.68,
            "일자리총점":28.186,
            "가치 총점":36.0274,
            "매매실거래년":20211130.0,
            "매매실거래가":34000.0,
            "전세실거래년":20210923.0,
            "전세실거래가":17000.0,
            "전세가율":53.12,
            "장기전세가율평균":70.72,
            "전세가율거품지수":17.6,
            "검색코드":4649,
            "세대수":648.0,
            "준공년월":"1997-11-12",
            "준공년차":26.0,
            "가까운역이름":"경성대·부경대",
            "가까운역거리":1484.32,
            "역세권여부":"비역세권",
            "30분이내주요거점역":0,
            "30분거점역이름":"[]",
            "1시간이내주요거점역":1,
            "1시간거점역이름":"['하단']",
            "3km이내백화점수":0,
            "5km이내아울렛몰수":0,
            "1km이내대형먀트수":0,
            "500m이내은행수":3,
            "500m이내병원수":0,
            "5km이내대형병원수":4,
            "500m이내공원수":1,
            "3km이내혐오시설수":0,
            "초등학교학업성취도":89.98,
            "중학교학업성취도":85.6,
            "용적률":375,
            "건폐율":38,
            "Y":35.126149,
            "X":129.108907,
            "rank":86.0,
            "area_info":"21평(69.97), 24평(80.12), 27평(92.34), 32평(105.79)",
            "last_sales":"2021-11-30,34000.0,24평(80.12)",
            "rank_history":[
                [
                    "202202",
                    86
                ],
                [
                    "202201",
                    86
                ]
            ],
            "rank_gap":0
        },
        {
            "index":738,
            "아파트명":"한진훼미리타운",
            "투자타입":"일반",
            "전용면적(m2)":"69.09",
            "전용면적(평)":"20평",
            "법정동주소":"부산시 남구 용호동 537-13",
            "도로명주소":"부산시 남구 용호로232번길 61",
            "세대수":50,
            "입주년차":0,
            "용적률점수":"--",
            "건폐율점수":"--",
            "세대당주차수":0,
            "난방방식":30,
            "공급면적":"--",
            "전용률":"--",
            "욕실수":50,
            "현관타입":10,
            "주거총점":26.5,
            "지역구공급총점":0.0,
            "역세권":0,
            "30분내 이동가능 거점":0,
            "1시간내 이동가능 거점":0,
            "교통총점":0.0,
            "백화점":0,
            "아울렛몰":0,
            "대형마트":80,
            "은행":20,
            "병원":0,
            "종합병원":100,
            "공원":80,
            "혐오시설":0,
            "인프라총점":36.4,
            "초등학군":89.99,
            "중학군":53.9,
            "학군총점":61.118,
            "인구수":27.8,
            "인구증감":-9.78,
            "인구총점":16.526,
            "일자리":11.26,
            "소득수준":67.68,
            "일자리총점":28.186,
            "가치 총점":35.8804,
            "매매실거래년":20211218.0,
            "매매실거래가":12800.0,
            "전세실거래년":20200824.0,
            "전세실거래가":8000.0,
            "전세가율":62.5,
            "장기전세가율평균":70.72,
            "전세가율거품지수":8.22,
            "검색코드":4647,
            "세대수":449.0,
            "준공년월":"1996-03-19",
            "준공년차":27.0,
            "가까운역이름":"경성대·부경대",
            "가까운역거리":2844.28,
            "역세권여부":"비역세권",
            "30분이내주요거점역":0,
            "30분거점역이름":"[]",
            "1시간이내주요거점역":0,
            "1시간거점역이름":"[]",
            "3km이내백화점수":0,
            "5km이내아울렛몰수":0,
            "1km이내대형먀트수":1,
            "500m이내은행수":2,
            "500m이내병원수":0,
            "5km이내대형병원수":2,
            "500m이내공원수":1,
            "3km이내혐오시설수":0,
            "초등학교학업성취도":89.99,
            "중학교학업성취도":85.9,
            "용적률":324,
            "건폐율":27,
            "Y":35.112823,
            "X":129.108288,
            "rank":87.0,
            "area_info":"20평(69.09)",
            "last_sales":"2021-12-18,12800.0,20평(69.09)",
            "rank_history":[
                [
                    "202202",
                    87
                ],
                [
                    "202201",
                    87
                ]
            ],
            "rank_gap":0
        },
        {
            "index":706,
            "아파트명":"오륙도뜨란채",
            "투자타입":"일반",
            "전용면적(m2)":"71.41",
            "전용면적(평)":"21평",
            "법정동주소":"부산시 남구 용호동 563-1",
            "도로명주소":"부산시 남구 용호로269번길 29",
            "세대수":50,
            "입주년차":20,
            "용적률점수":"--",
            "건폐율점수":"--",
            "세대당주차수":0,
            "난방방식":30,
            "공급면적":"--",
            "전용률":"--",
            "욕실수":50,
            "현관타입":10,
            "주거총점":30.5,
            "지역구공급총점":0.0,
            "역세권":0,
            "30분내 이동가능 거점":0,
            "1시간내 이동가능 거점":0,
            "교통총점":0.0,
            "백화점":0,
            "아울렛몰":0,
            "대형마트":80,
            "은행":0,
            "병원":0,
            "종합병원":100,
            "공원":80,
            "혐오시설":-50,
            "인프라총점":33.4,
            "초등학군":89.99,
            "중학군":52.0,
            "학군총점":59.598,
            "인구수":27.8,
            "인구증감":-9.78,
            "인구총점":16.526,
            "일자리":11.26,
            "소득수준":67.68,
            "일자리총점":28.186,
            "가치 총점":35.5244,
            "매매실거래년":20220108.0,
            "매매실거래가":24000.0,
            "전세실거래년":20210819.0,
            "전세실거래가":14300.0,
            "전세가율":79.44,
            "장기전세가율평균":70.72,
            "전세가율거품지수":-8.72,
            "검색코드":15882,
            "세대수":480.0,
            "준공년월":"2000-04-24",
            "준공년차":23.0,
            "가까운역이름":"경성대·부경대",
            "가까운역거리":3313.26,
            "역세권여부":"비역세권",
            "30분이내주요거점역":0,
            "30분거점역이름":"[]",
            "1시간이내주요거점역":0,
            "1시간거점역이름":"[]",
            "3km이내백화점수":0,
            "5km이내아울렛몰수":0,
            "1km이내대형먀트수":1,
            "500m이내은행수":0,
            "500m이내병원수":0,
            "5km이내대형병원수":2,
            "500m이내공원수":1,
            "3km이내혐오시설수":1,
            "초등학교학업성취도":89.99,
            "중학교학업성취도":85.0,
            "용적률":310,
            "건폐율":27,
            "Y":35.109896,
            "X":129.11393,
            "rank":88.0,
            "area_info":"21평(71.41), 23평(77.39), 23평(77.35), 23평(77.1), 29평(95.88), 32평(107.08), 32평(107.22)",
            "last_sales":"2022-01-08,24000.0,29평(95.88)",
            "rank_history":[
                [
                    "202202",
                    88
                ],
                [
                    "202201",
                    88
                ]
            ],
            "rank_gap":0
        },
        {
            "index":5,
            "아파트명":"감만현대1차",
            "투자타입":"일반",
            "전용면적(m2)":"78.02",
            "전용면적(평)":"23평",
            "법정동주소":"부산시 남구 감만동 225-2",
            "도로명주소":"부산시 남구 우암로2번길 5",
            "세대수":80,
            "입주년차":0,
            "용적률점수":"--",
            "건폐율점수":"--",
            "세대당주차수":0,
            "난방방식":30,
            "공급면적":"--",
            "전용률":"--",
            "욕실수":50,
            "현관타입":100,
            "주거총점":46.0,
            "지역구공급총점":0.0,
            "역세권":0,
            "30분내 이동가능 거점":0,
            "1시간내 이동가능 거점":0,
            "교통총점":0.0,
            "백화점":0,
            "아울렛몰":0,
            "대형마트":0,
            "은행":0,
            "병원":0,
            "종합병원":100,
            "공원":100,
            "혐오시설":0,
            "인프라총점":23.0,
            "초등학군":89.97,
            "중학군":43.14,
            "학군총점":52.506,
            "인구수":27.8,
            "인구증감":-9.78,
            "인구총점":16.526,
            "일자리":11.26,
            "소득수준":67.68,
            "일자리총점":28.186,
            "가치 총점":34.1518,
            "매매실거래년":20220122.0,
            "매매실거래가":16300.0,
            "전세실거래년":20220122.0,
            "전세실거래가":15500.0,
            "전세가율":95.09,
            "장기전세가율평균":70.72,
            "전세가율거품지수":-24.37,
            "검색코드":4502,
            "세대수":885.0,
            "준공년월":"1996-05-01",
            "준공년차":27.0,
            "가까운역이름":"못골",
            "가까운역거리":2569.9,
            "역세권여부":"비역세권",
            "30분이내주요거점역":0,
            "30분거점역이름":"[]",
            "1시간이내주요거점역":0,
            "1시간거점역이름":"[]",
            "3km이내백화점수":0,
            "5km이내아울렛몰수":0,
            "1km이내대형먀트수":0,
            "500m이내은행수":0,
            "500m이내병원수":0,
            "5km이내대형병원수":9,
            "500m이내공원수":2,
            "3km이내혐오시설수":0,
            "초등학교학업성취도":89.97,
            "중학교학업성취도":71.9,
            "용적률":359,
            "건폐율":35,
            "Y":35.111635,
            "X":129.083162,
            "rank":89.0,
            "area_info":"23평(78.02), 27평(90.93), 31평(104.49)",
            "last_sales":"2022-01-22,16300.0,23평(78.02)",
            "rank_history":[
                [
                    "202202",
                    89
                ],
                [
                    "202201",
                    83
                ]
            ],
            "rank_gap":-6
        },
        {
            "index":566,
            "아파트명":"대광타워맨션",
            "투자타입":"일반",
            "전용면적(m2)":"86.27",
            "전용면적(평)":"26평",
            "법정동주소":"부산시 남구 용호동 467",
            "도로명주소":"부산시 남구 이기대공원로26번길 45-3",
            "세대수":50,
            "입주년차":0,
            "용적률점수":"--",
            "건폐율점수":"--",
            "세대당주차수":0,
            "난방방식":30,
            "공급면적":"--",
            "전용률":"--",
            "욕실수":50,
            "현관타입":100,
            "주거총점":35.5,
            "지역구공급총점":0.0,
            "역세권":0,
            "30분내 이동가능 거점":0,
            "1시간내 이동가능 거점":0,
            "교통총점":0.0,
            "백화점":0,
            "아울렛몰":0,
            "대형마트":0,
            "은행":0,
            "병원":0,
            "종합병원":100,
            "공원":100,
            "혐오시설":0,
            "인프라총점":23.0,
            "초등학군":90.0,
            "중학군":53.9,
            "학군총점":61.12,
            "인구수":27.8,
            "인구증감":-9.78,
            "인구총점":16.526,
            "일자리":11.26,
            "소득수준":67.68,
            "일자리총점":28.186,
            "가치 총점":34.111,
            "매매실거래년":20211130.0,
            "매매실거래가":14500.0,
            "전세실거래년":20211204.0,
            "전세실거래가":13000.0,
            "전세가율":89.66,
            "장기전세가율평균":70.72,
            "전세가율거품지수":-18.94,
            "검색코드":4612,
            "세대수":479.0,
            "준공년월":"1995-04-13",
            "준공년차":28.0,
            "가까운역이름":"경성대·부경대",
            "가까운역거리":2204.34,
            "역세권여부":"비역세권",
            "30분이내주요거점역":0,
            "30분거점역이름":"[]",
            "1시간이내주요거점역":0,
            "1시간거점역이름":"[]",
            "3km이내백화점수":0,
            "5km이내아울렛몰수":0,
            "1km이내대형먀트수":0,
            "500m이내은행수":0,
            "500m이내병원수":0,
            "5km이내대형병원수":3,
            "500m이내공원수":3,
            "3km이내혐오시설수":0,
            "초등학교학업성취도":90.0,
            "중학교학업성취도":85.9,
            "용적률":317,
            "건폐율":25,
            "Y":35.122174,
            "X":129.115743,
            "rank":90.0,
            "area_info":"26평(86.27), 27평(90.43), 32평(106.1), 40평(134.41), 47평(156.25)",
            "last_sales":"2021-11-30,14500.0,26평(86.27)",
            "rank_history":[
                [
                    "202202",
                    90
                ],
                [
                    "202201",
                    91
                ]
            ],
            "rank_gap":1
        },
        {
            "index":731,
            "아파트명":"일신프리빌리지",
            "투자타입":"일반",
            "전용면적(m2)":"77.59",
            "전용면적(평)":"23평",
            "법정동주소":"부산시 남구 용호동 179-4",
            "도로명주소":"부산시 남구 용호로 34",
            "세대수":50,
            "입주년차":0,
            "용적률점수":"--",
            "건폐율점수":"--",
            "세대당주차수":0,
            "난방방식":30,
            "공급면적":"--",
            "전용률":"--",
            "욕실수":50,
            "현관타입":10,
            "주거총점":26.5,
            "지역구공급총점":0.0,
            "역세권":0,
            "30분내 이동가능 거점":0,
            "1시간내 이동가능 거점":10,
            "교통총점":2.0,
            "백화점":0,
            "아울렛몰":0,
            "대형마트":0,
            "은행":70,
            "병원":0,
            "종합병원":100,
            "공원":100,
            "혐오시설":0,
            "인프라총점":30.0,
            "초등학군":90.0,
            "중학군":52.64,
            "학군총점":60.112,
            "인구수":27.8,
            "인구증감":-9.78,
            "인구총점":16.526,
            "일자리":11.26,
            "소득수준":67.68,
            "일자리총점":28.186,
            "가치 총점":33.9586,
            "매매실거래년":20211102.0,
            "매매실거래가":42000.0,
            "전세실거래년":20220122.0,
            "전세실거래가":19900.0,
            "전세가율":60.86,
            "장기전세가율평균":70.72,
            "전세가율거품지수":9.86,
            "검색코드":4646,
            "세대수":518.0,
            "준공년월":"1996-02-26",
            "준공년차":27.0,
            "가까운역이름":"경성대·부경대",
            "가까운역거리":1302.16,
            "역세권여부":"비역세권",
            "30분이내주요거점역":0,
            "30분거점역이름":"[]",
            "1시간이내주요거점역":1,
            "1시간거점역이름":"['하단']",
            "3km이내백화점수":0,
            "5km이내아울렛몰수":0,
            "1km이내대형먀트수":0,
            "500m이내은행수":3,
            "500m이내병원수":0,
            "5km이내대형병원수":6,
            "500m이내공원수":2,
            "3km이내혐오시설수":0,
            "초등학교학업성취도":90.0,
            "중학교학업성취도":85.6,
            "용적률":373,
            "건폐율":28,
            "Y":35.12752,
            "X":129.107807,
            "rank":91.0,
            "area_info":"23평(77.59), 31평(103.28), 31평(104.88), 39평(130.83)",
            "last_sales":"2021-11-02,42000.0,31평(104.88)",
            "rank_history":[
                [
                    "202202",
                    91
                ],
                [
                    "202201",
                    92
                ]
            ],
            "rank_gap":1
        },
        {
            "index":100,
            "아파트명":"대연그린",
            "투자타입":"일반",
            "전용면적(m2)":"65.01",
            "전용면적(평)":"19평",
            "법정동주소":"부산시 남구 대연동 281-52",
            "도로명주소":"부산시 남구 못골번영로66번길 69",
            "세대수":0,
            "입주년차":0,
            "용적률점수":"--",
            "건폐율점수":"--",
            "세대당주차수":0,
            "난방방식":30,
            "공급면적":"--",
            "전용률":"--",
            "욕실수":50,
            "현관타입":100,
            "주거총점":18.0,
            "지역구공급총점":0.0,
            "역세권":50,
            "30분내 이동가능 거점":0,
            "1시간내 이동가능 거점":10,
            "교통총점":27.0,
            "백화점":0,
            "아울렛몰":0,
            "대형마트":0,
            "은행":0,
            "병원":0,
            "종합병원":100,
            "공원":100,
            "혐오시설":0,
            "인프라총점":23.0,
            "초등학군":90.0,
            "중학군":51.36,
            "학군총점":59.088,
            "인구수":27.8,
            "인구증감":-9.78,
            "인구총점":16.526,
            "일자리":11.26,
            "소득수준":67.68,
            "일자리총점":28.186,
            "가치 총점":33.1764,
            "매매실거래년":20220118.0,
            "매매실거래가":20000.0,
            "전세실거래년":20211204.0,
            "전세실거래가":11000.0,
            "전세가율":91.67,
            "장기전세가율평균":70.72,
            "전세가율거품지수":-20.95,
            "검색코드":14654,
            "세대수":119.0,
            "준공년월":"1995-06-08",
            "준공년차":28.0,
            "가까운역이름":"대연",
            "가까운역거리":700.53,
            "역세권여부":"준역세권",
            "30분이내주요거점역":0,
            "30분거점역이름":"[]",
            "1시간이내주요거점역":1,
            "1시간거점역이름":"['하단']",
            "3km이내백화점수":0,
            "5km이내아울렛몰수":0,
            "1km이내대형먀트수":0,
            "500m이내은행수":0,
            "500m이내병원수":0,
            "5km이내대형병원수":9,
            "500m이내공원수":2,
            "3km이내혐오시설수":0,
            "초등학교학업성취도":90.0,
            "중학교학업성취도":84.4,
            "용적률":316,
            "건폐율":31,
            "Y":35.141414,
            "X":129.092577,
            "rank":92.0,
            "area_info":"19평(65.01), 19평(65.81), 20평(68.53), 20평(68.03), 22평(74.44), 23평(77.89), 26평(87.66), 28평(93.96)",
            "last_sales":"2022-01-18,20000.0,28평(93.96)",
            "rank_history":[
                [
                    "202202",
                    92
                ],
                [
                    "202201",
                    106
                ]
            ],
            "rank_gap":14
        },
        {
            "index":35,
            "아파트명":"우암자유5차",
            "투자타입":"일반",
            "전용면적(m2)":"54.28",
            "전용면적(평)":"16평",
            "법정동주소":"부산시 남구 감만동 31-3",
            "도로명주소":"부산시 남구 양지골로 358",
            "세대수":0,
            "입주년차":0,
            "용적률점수":"--",
            "건폐율점수":"--",
            "세대당주차수":0,
            "난방방식":30,
            "공급면적":"--",
            "전용률":"--",
            "욕실수":50,
            "현관타입":100,
            "주거총점":18.0,
            "지역구공급총점":0.0,
            "역세권":0,
            "30분내 이동가능 거점":0,
            "1시간내 이동가능 거점":10,
            "교통총점":2.0,
            "백화점":0,
            "아울렛몰":0,
            "대형마트":100,
            "은행":0,
            "병원":0,
            "종합병원":100,
            "공원":100,
            "혐오시설":0,
            "인프라총점":38.0,
            "초등학군":89.98,
            "중학군":47.5,
            "학군총점":55.996,
            "인구수":27.8,
            "인구증감":-9.78,
            "인구총점":16.526,
            "일자리":11.26,
            "소득수준":67.68,
            "일자리총점":28.186,
            "가치 총점":32.9988,
            "매매실거래년":20220105.0,
            "매매실거래가":15500.0,
            "전세실거래년":20211106.0,
            "전세실거래가":8800.0,
            "전세가율":60.69,
            "장기전세가율평균":70.72,
            "전세가율거품지수":10.03,
            "검색코드":4499,
            "세대수":247.0,
            "준공년월":"1996-09-12",
            "준공년차":27.0,
            "가까운역이름":"못골",
            "가까운역거리":1370.02,
            "역세권여부":"비역세권",
            "30분이내주요거점역":0,
            "30분거점역이름":"[]",
            "1시간이내주요거점역":1,
            "1시간거점역이름":"['하단']",
            "3km이내백화점수":0,
            "5km이내아울렛몰수":0,
            "1km이내대형먀트수":2,
            "500m이내은행수":0,
            "500m이내병원수":0,
            "5km이내대형병원수":7,
            "500m이내공원수":3,
            "3km이내혐오시설수":0,
            "초등학교학업성취도":89.98,
            "중학교학업성취도":78.7,
            "용적률":398,
            "건폐율":27,
            "Y":35.12248,
            "X":129.086049,
            "rank":93.0,
            "area_info":"16평(54.28), 16평(55.93), 18평(60.5), 18평(60.39)",
            "last_sales":"2022-01-05,15500.0,18평(60.39)",
            "rank_history":[
                [
                    "202202",
                    93
                ],
                [
                    "202201",
                    93
                ]
            ],
            "rank_gap":0
        },
        {
            "index":58,
            "아파트명":"하얏트",
            "투자타입":"일반",
            "전용면적(m2)":"64.5",
            "전용면적(평)":"19평",
            "법정동주소":"부산시 남구 감만동 44-2",
            "도로명주소":"부산시 남구 전선등로 31",
            "세대수":0,
            "입주년차":0,
            "용적률점수":"--",
            "건폐율점수":"--",
            "세대당주차수":0,
            "난방방식":30,
            "공급면적":"--",
            "전용률":"--",
            "욕실수":50,
            "현관타입":100,
            "주거총점":18.0,
            "지역구공급총점":0.0,
            "역세권":0,
            "30분내 이동가능 거점":0,
            "1시간내 이동가능 거점":10,
            "교통총점":2.0,
            "백화점":0,
            "아울렛몰":0,
            "대형마트":100,
            "은행":0,
            "병원":0,
            "종합병원":100,
            "공원":100,
            "혐오시설":0,
            "인프라총점":38.0,
            "초등학군":89.98,
            "중학군":47.5,
            "학군총점":55.996,
            "인구수":27.8,
            "인구증감":-9.78,
            "인구총점":16.526,
            "일자리":11.26,
            "소득수준":67.68,
            "일자리총점":28.186,
            "가치 총점":32.9988,
            "매매실거래년":20211130.0,
            "매매실거래가":12000.0,
            "전세실거래년":20211108.0,
            "전세실거래가":11000.0,
            "전세가율":91.67,
            "장기전세가율평균":70.72,
            "전세가율거품지수":-20.95,
            "검색코드":11414,
            "세대수":112.0,
            "준공년월":"1995-01-01",
            "준공년차":28.0,
            "가까운역이름":"못골",
            "가까운역거리":1180.65,
            "역세권여부":"비역세권",
            "30분이내주요거점역":0,
            "30분거점역이름":"[]",
            "1시간이내주요거점역":1,
            "1시간거점역이름":"['하단']",
            "3km이내백화점수":0,
            "5km이내아울렛몰수":0,
            "1km이내대형먀트수":2,
            "500m이내은행수":0,
            "500m이내병원수":0,
            "5km이내대형병원수":8,
            "500m이내공원수":2,
            "3km이내혐오시설수":0,
            "초등학교학업성취도":89.98,
            "중학교학업성취도":78.7,
            "용적률":0,
            "건폐율":0,
            "Y":35.124136,
            "X":129.085336,
            "rank":93.0,
            "area_info":"19평(64.5), 24평(80.4), 25평(84.35)",
            "last_sales":"2021-11-30,12000.0,19평(64.5)",
            "rank_history":[
                [
                    "202202",
                    93
                ],
                [
                    "202201",
                    93
                ]
            ],
            "rank_gap":0
        },
        {
            "index":743,
            "아파트명":"협진태양",
            "투자타입":"재건축",
            "전용면적(m2)":"56.31",
            "전용면적(평)":"17평",
            "법정동주소":"부산시 남구 용호동 536-18",
            "도로명주소":"부산시 남구 용호로198번길 37",
            "세대수":30,
            "입주년차":"--",
            "용적률점수":0,
            "건폐율점수":0,
            "세대당주차수":"--",
            "난방방식":"--",
            "공급면적":50,
            "전용률":60,
            "욕실수":"--",
            "현관타입":"--",
            "주거총점":14.5,
            "지역구공급총점":0.0,
            "역세권":0,
            "30분내 이동가능 거점":0,
            "1시간내 이동가능 거점":0,
            "교통총점":0.0,
            "백화점":0,
            "아울렛몰":0,
            "대형마트":80,
            "은행":20,
            "병원":0,
            "종합병원":100,
            "공원":80,
            "혐오시설":0,
            "인프라총점":36.4,
            "초등학군":89.99,
            "중학군":53.9,
            "학군총점":61.118,
            "인구수":27.8,
            "인구증감":-9.78,
            "인구총점":16.526,
            "일자리":11.26,
            "소득수준":67.68,
            "일자리총점":28.186,
            "가치 총점":32.8804,
            "매매실거래년":20211011.0,
            "매매실거래가":19000.0,
            "전세실거래년":20210823.0,
            "전세실거래가":5300.0,
            "전세가율":34.42,
            "장기전세가율평균":70.72,
            "전세가율거품지수":36.3,
            "검색코드":4650,
            "세대수":315.0,
            "준공년월":"1988-11-09",
            "준공년차":35.0,
            "가까운역이름":"경성대·부경대",
            "가까운역거리":2722.61,
            "역세권여부":"비역세권",
            "30분이내주요거점역":0,
            "30분거점역이름":"[]",
            "1시간이내주요거점역":0,
            "1시간거점역이름":"[]",
            "3km이내백화점수":0,
            "5km이내아울렛몰수":0,
            "1km이내대형먀트수":1,
            "500m이내은행수":2,
            "500m이내병원수":0,
            "5km이내대형병원수":2,
            "500m이내공원수":1,
            "3km이내혐오시설수":0,
            "초등학교학업성취도":89.99,
            "중학교학업성취도":85.9,
            "용적률":0,
            "건폐율":0,
            "Y":35.113924,
            "X":129.108149,
            "rank":94.0,
            "area_info":"17평(56.31), 17평(59.45), 20평(66.97), 22평(73.39), 23평(76.53), 26평(86.53)",
            "last_sales":"2021-10-11,19000.0,17평(59.45)",
            "rank_history":[
                [
                    "202202",
                    94
                ],
                [
                    "202201",
                    96
                ]
            ],
            "rank_gap":2
        },
        {
            "index":676,
            "아파트명":"벽산화이트타워",
            "투자타입":"일반",
            "전용면적(m2)":"80.5",
            "전용면적(평)":"24평",
            "법정동주소":"부산시 남구 용호동 776-3",
            "도로명주소":"부산시 남구 용호로269번길 90",
            "세대수":30,
            "입주년차":0,
            "용적률점수":"--",
            "건폐율점수":"--",
            "세대당주차수":0,
            "난방방식":30,
            "공급면적":"--",
            "전용률":"--",
            "욕실수":50,
            "현관타입":10,
            "주거총점":19.5,
            "지역구공급총점":0.0,
            "역세권":0,
            "30분내 이동가능 거점":0,
            "1시간내 이동가능 거점":0,
            "교통총점":0.0,
            "백화점":0,
            "아울렛몰":0,
            "대형마트":80,
            "은행":0,
            "병원":0,
            "종합병원":100,
            "공원":80,
            "혐오시설":-50,
            "인프라총점":33.4,
            "초등학군":89.99,
            "중학군":52.0,
            "학군총점":59.598,
            "인구수":27.8,
            "인구증감":-9.78,
            "인구총점":16.526,
            "일자리":11.26,
            "소득수준":67.68,
            "일자리총점":28.186,
            "가치 총점":32.7744,
            "매매실거래년":20220124.0,
            "매매실거래가":20000.0,
            "전세실거래년":20211112.0,
            "전세실거래가":12000.0,
            "전세가율":85.71,
            "장기전세가율평균":70.72,
            "전세가율거품지수":-14.99,
            "검색코드":4636,
            "세대수":343.0,
            "준공년월":"1994-12-15",
            "준공년차":29.0,
            "가까운역이름":"경성대·부경대",
            "가까운역거리":3311.14,
            "역세권여부":"비역세권",
            "30분이내주요거점역":0,
            "30분거점역이름":"[]",
            "1시간이내주요거점역":0,
            "1시간거점역이름":"[]",
            "3km이내백화점수":0,
            "5km이내아울렛몰수":0,
            "1km이내대형먀트수":1,
            "500m이내은행수":0,
            "500m이내병원수":0,
            "5km이내대형병원수":2,
            "500m이내공원수":1,
            "3km이내혐오시설수":1,
            "초등학교학업성취도":89.99,
            "중학교학업성취도":85.0,
            "용적률":238,
            "건폐율":18,
            "Y":35.110711,
            "X":129.116161,
            "rank":95.0,
            "area_info":"24평(80.5), 31평(105.06), 32평(106.69), 32평(106.65)",
            "last_sales":"2022-01-24,20000.0,32평(106.69)",
            "rank_history":[
                [
                    "202202",
                    95
                ],
                [
                    "202201",
                    100
                ]
            ],
            "rank_gap":5
        },
        {
            "index":501,
            "아파트명":"용당한신문화타운",
            "투자타입":"재건축",
            "전용면적(m2)":"101.53",
            "전용면적(평)":"30평",
            "법정동주소":"부산시 남구 용당동 564-3",
            "도로명주소":"부산시 남구 유엔평화로 152-2",
            "세대수":30,
            "입주년차":"--",
            "용적률점수":0,
            "건폐율점수":0,
            "세대당주차수":"--",
            "난방방식":"--",
            "공급면적":90,
            "전용률":80,
            "욕실수":"--",
            "현관타입":"--",
            "주거총점":17.5,
            "지역구공급총점":0.0,
            "역세권":0,
            "30분내 이동가능 거점":0,
            "1시간내 이동가능 거점":10,
            "교통총점":2.0,
            "백화점":0,
            "아울렛몰":0,
            "대형마트":80,
            "은행":0,
            "병원":0,
            "종합병원":100,
            "공원":80,
            "혐오시설":0,
            "인프라총점":34.4,
            "초등학군":89.97,
            "중학군":51.1,
            "학군총점":58.874,
            "인구수":27.8,
            "인구증감":-9.78,
            "인구총점":16.526,
            "일자리":11.26,
            "소득수준":67.68,
            "일자리총점":28.186,
            "가치 총점":32.6572,
            "매매실거래년":20190606.0,
            "매매실거래가":36100.0,
            "전세실거래년":null,
            "전세실거래가":null,
            "전세가율":null,
            "장기전세가율평균":70.72,
            "전세가율거품지수":null,
            "검색코드":11549,
            "세대수":330.0,
            "준공년월":"1990-10-16",
            "준공년차":33.0,
            "가까운역이름":"대연",
            "가까운역거리":1408.33,
            "역세권여부":"비역세권",
            "30분이내주요거점역":0,
            "30분거점역이름":"[]",
            "1시간이내주요거점역":1,
            "1시간거점역이름":"['하단']",
            "3km이내백화점수":0,
            "5km이내아울렛몰수":0,
            "1km이내대형먀트수":1,
            "500m이내은행수":1,
            "500m이내병원수":0,
            "5km이내대형병원수":7,
            "500m이내공원수":1,
            "3km이내혐오시설수":0,
            "초등학교학업성취도":89.97,
            "중학교학업성취도":82.9,
            "용적률":0,
            "건폐율":0,
            "Y":35.122946,
            "X":129.096368,
            "rank":96.0,
            "area_info":"30평(101.53), 31평(102.54), 43평(144.3), 47평(157.1), 60평(199.18), 68평(225.71)",
            "last_sales":"2019-06-06,36100.0,68평(225.71)",
            "rank_history":[
                [
                    "202202",
                    96
                ],
                [
                    "202201",
                    105
                ]
            ],
            "rank_gap":9
        },
        {
            "index":657,
            "아파트명":"동산그린(566-1)",
            "투자타입":"재건축",
            "전용면적(m2)":"57.81",
            "전용면적(평)":"17평",
            "법정동주소":"부산시 남구 용호동 566-1",
            "도로명주소":"부산시 남구 동명로170번길 101",
            "세대수":0,
            "입주년차":"--",
            "용적률점수":0,
            "건폐율점수":0,
            "세대당주차수":"--",
            "난방방식":"--",
            "공급면적":50,
            "전용률":80,
            "욕실수":"--",
            "현관타입":"--",
            "주거총점":6.5,
            "지역구공급총점":0.0,
            "역세권":0,
            "30분내 이동가능 거점":0,
            "1시간내 이동가능 거점":0,
            "교통총점":0.0,
            "백화점":0,
            "아울렛몰":0,
            "대형마트":80,
            "은행":70,
            "병원":0,
            "종합병원":100,
            "공원":80,
            "혐오시설":0,
            "인프라총점":41.4,
            "초등학군":90.0,
            "중학군":53.9,
            "학군총점":61.12,
            "인구수":27.8,
            "인구증감":-9.78,
            "인구총점":16.526,
            "일자리":11.26,
            "소득수준":67.68,
            "일자리총점":28.186,
            "가치 총점":32.381,
            "매매실거래년":20150922.0,
            "매매실거래가":14000.0,
            "전세실거래년":null,
            "전세실거래가":null,
            "전세가율":null,
            "장기전세가율평균":70.72,
            "전세가율거품지수":null,
            "검색코드":4627,
            "세대수":114.0,
            "준공년월":"1988-09-15",
            "준공년차":35.0,
            "가까운역이름":"경성대·부경대",
            "가까운역거리":2906.76,
            "역세권여부":"비역세권",
            "30분이내주요거점역":0,
            "30분거점역이름":"[]",
            "1시간이내주요거점역":0,
            "1시간거점역이름":"[]",
            "3km이내백화점수":0,
            "5km이내아울렛몰수":0,
            "1km이내대형먀트수":1,
            "500m이내은행수":3,
            "500m이내병원수":0,
            "5km이내대형병원수":2,
            "500m이내공원수":1,
            "3km이내혐오시설수":0,
            "초등학교학업성취도":90.0,
            "중학교학업성취도":85.9,
            "용적률":0,
            "건폐율":0,
            "Y":35.114356,
            "X":129.115143,
            "rank":97.0,
            "area_info":"17평(57.81), 17평(58.23), 18평(61.8), 19평(63.39), 21평(69.74), 21평(69.65), 21평(70.05), 21평(70.27), 21평(70.84), 23평(78.21), 25평(84.15)",
            "last_sales":"2015-09-22,14000.0,25평(84.15)",
            "rank_history":[
                [
                    "202202",
                    97
                ],
                [
                    "202201",
                    99
                ]
            ],
            "rank_gap":2
        },
        {
            "index":648,
            "아파트명":"동방파크맨션",
            "투자타입":"재건축",
            "전용면적(m2)":"58.54",
            "전용면적(평)":"17평",
            "법정동주소":"부산시 남구 용호동 481-8",
            "도로명주소":"부산시 남구 용호로198번길 39",
            "세대수":0,
            "입주년차":"--",
            "용적률점수":0,
            "건폐율점수":0,
            "세대당주차수":"--",
            "난방방식":"--",
            "공급면적":50,
            "전용률":80,
            "욕실수":"--",
            "현관타입":"--",
            "주거총점":6.5,
            "지역구공급총점":0.0,
            "역세권":0,
            "30분내 이동가능 거점":0,
            "1시간내 이동가능 거점":0,
            "교통총점":0.0,
            "백화점":0,
            "아울렛몰":0,
            "대형마트":80,
            "은행":70,
            "병원":0,
            "종합병원":100,
            "공원":80,
            "혐오시설":0,
            "인프라총점":41.4,
            "초등학군":90.0,
            "중학군":53.9,
            "학군총점":61.12,
            "인구수":27.8,
            "인구증감":-9.78,
            "인구총점":16.526,
            "일자리":11.26,
            "소득수준":67.68,
            "일자리총점":28.186,
            "가치 총점":32.381,
            "매매실거래년":20211015.0,
            "매매실거래가":25800.0,
            "전세실거래년":20210512.0,
            "전세실거래가":5000.0,
            "전세가율":38.46,
            "장기전세가율평균":70.72,
            "전세가율거품지수":32.26,
            "검색코드":4622,
            "세대수":288.0,
            "준공년월":"1989-05-11",
            "준공년차":34.0,
            "가까운역이름":"경성대·부경대",
            "가까운역거리":2607.61,
            "역세권여부":"비역세권",
            "30분이내주요거점역":0,
            "30분거점역이름":"[]",
            "1시간이내주요거점역":0,
            "1시간거점역이름":"[]",
            "3km이내백화점수":0,
            "5km이내아울렛몰수":0,
            "1km이내대형먀트수":1,
            "500m이내은행수":3,
            "500m이내병원수":0,
            "5km이내대형병원수":2,
            "500m이내공원수":1,
            "3km이내혐오시설수":0,
            "초등학교학업성취도":90.0,
            "중학교학업성취도":85.9,
            "용적률":0,
            "건폐율":0,
            "Y":35.115006,
            "X":129.108197,
            "rank":97.0,
            "area_info":"17평(58.54), 20평(66.26), 22평(73.28), 23평(78.22)",
            "last_sales":"2021-10-15,25800.0,23평(78.22)",
            "rank_history":[
                [
                    "202202",
                    97
                ],
                [
                    "202201",
                    98
                ]
            ],
            "rank_gap":1
        },
        {
            "index":280,
            "아파트명":"삼성(649)",
            "투자타입":"일반",
            "전용면적(m2)":"82.17",
            "전용면적(평)":"24평",
            "법정동주소":"부산시 남구 대연동 649",
            "도로명주소":"부산시 남구 신선로 490",
            "세대수":50,
            "입주년차":0,
            "용적률점수":"--",
            "건폐율점수":"--",
            "세대당주차수":0,
            "난방방식":30,
            "공급면적":"--",
            "전용률":"--",
            "욕실수":50,
            "현관타입":10,
            "주거총점":26.5,
            "지역구공급총점":0.0,
            "역세권":0,
            "30분내 이동가능 거점":0,
            "1시간내 이동가능 거점":10,
            "교통총점":2.0,
            "백화점":0,
            "아울렛몰":0,
            "대형마트":0,
            "은행":0,
            "병원":0,
            "종합병원":100,
            "공원":100,
            "혐오시설":0,
            "인프라총점":23.0,
            "초등학군":89.99,
            "중학군":51.22,
            "학군총점":58.974,
            "인구수":27.8,
            "인구증감":-9.78,
            "인구총점":16.526,
            "일자리":11.26,
            "소득수준":67.68,
            "일자리총점":28.186,
            "가치 총점":31.5172,
            "매매실거래년":20211130.0,
            "매매실거래가":27000.0,
            "전세실거래년":20211209.0,
            "전세실거래가":22000.0,
            "전세가율":81.48,
            "장기전세가율평균":70.72,
            "전세가율거품지수":-10.76,
            "검색코드":4530,
            "세대수":499.0,
            "준공년월":"1996-10-25",
            "준공년차":27.0,
            "가까운역이름":"경성대·부경대",
            "가까운역거리":1092.84,
            "역세권여부":"비역세권",
            "30분이내주요거점역":0,
            "30분거점역이름":"[]",
            "1시간이내주요거점역":1,
            "1시간거점역이름":"['하단']",
            "3km이내백화점수":0,
            "5km이내아울렛몰수":0,
            "1km이내대형먀트수":0,
            "500m이내은행수":0,
            "500m이내병원수":0,
            "5km이내대형병원수":7,
            "500m이내공원수":2,
            "3km이내혐오시설수":0,
            "초등학교학업성취도":89.99,
            "중학교학업성취도":82.5,
            "용적률":336,
            "건폐율":20,
            "Y":35.128291,
            "X":129.104372,
            "rank":98.0,
            "area_info":"24평(82.17), 31평(104.59), 47평(158.18)",
            "last_sales":"2021-11-30,27000.0,24평(82.17)",
            "rank_history":[
                [
                    "202202",
                    98
                ],
                [
                    "202201",
                    94
                ]
            ],
            "rank_gap":-4
        },
        {
            "index":119,
            "아파트명":"대연동남",
            "투자타입":"재건축",
            "전용면적(m2)":"99.87",
            "전용면적(평)":"30평",
            "법정동주소":"부산시 남구 대연동 281-5",
            "도로명주소":"부산시 남구 진남로36번길 101",
            "세대수":0,
            "입주년차":"--",
            "용적률점수":0,
            "건폐율점수":0,
            "세대당주차수":"--",
            "난방방식":"--",
            "공급면적":90,
            "전용률":80,
            "욕실수":"--",
            "현관타입":"--",
            "주거총점":8.5,
            "지역구공급총점":0.0,
            "역세권":50,
            "30분내 이동가능 거점":0,
            "1시간내 이동가능 거점":10,
            "교통총점":27.0,
            "백화점":0,
            "아울렛몰":0,
            "대형마트":0,
            "은행":0,
            "병원":0,
            "종합병원":100,
            "공원":100,
            "혐오시설":0,
            "인프라총점":23.0,
            "초등학군":90.0,
            "중학군":51.36,
            "학군총점":59.088,
            "인구수":27.8,
            "인구증감":-9.78,
            "인구총점":16.526,
            "일자리":11.26,
            "소득수준":67.68,
            "일자리총점":28.186,
            "가치 총점":30.8014,
            "매매실거래년":20211022.0,
            "매매실거래가":17900.0,
            "전세실거래년":20211210.0,
            "전세실거래가":16000.0,
            "전세가율":89.39,
            "장기전세가율평균":70.72,
            "전세가율거품지수":-18.67,
            "검색코드":4531,
            "세대수":140.0,
            "준공년월":"1991-04-29",
            "준공년차":32.0,
            "가까운역이름":"대연",
            "가까운역거리":716.19,
            "역세권여부":"준역세권",
            "30분이내주요거점역":0,
            "30분거점역이름":"[]",
            "1시간이내주요거점역":1,
            "1시간거점역이름":"['하단']",
            "3km이내백화점수":0,
            "5km이내아울렛몰수":0,
            "1km이내대형먀트수":0,
            "500m이내은행수":0,
            "500m이내병원수":0,
            "5km이내대형병원수":9,
            "500m이내공원수":2,
            "3km이내혐오시설수":0,
            "초등학교학업성취도":90.0,
            "중학교학업성취도":84.4,
            "용적률":0,
            "건폐율":0,
            "Y":35.141564,
            "X":129.091921,
            "rank":99.0,
            "area_info":"30평(99.87)",
            "last_sales":"2021-10-22,17900.0,30평(99.87)",
            "rank_history":[
                [
                    "202202",
                    99
                ],
                [
                    "202201",
                    115
                ]
            ],
            "rank_gap":16
        },
        {
            "index":735,
            "아파트명":"한라",
            "투자타입":"일반",
            "전용면적(m2)":"49.59",
            "전용면적(평)":"15평",
            "법정동주소":"부산시 남구 용호동 산20-1",
            "도로명주소":"부산시 남구 이기대공원로26번길 21-7",
            "세대수":0,
            "입주년차":20,
            "용적률점수":"--",
            "건폐율점수":"--",
            "세대당주차수":0,
            "난방방식":30,
            "공급면적":"--",
            "전용률":"--",
            "욕실수":50,
            "현관타입":100,
            "주거총점":22.0,
            "지역구공급총점":0.0,
            "역세권":0,
            "30분내 이동가능 거점":0,
            "1시간내 이동가능 거점":0,
            "교통총점":0.0,
            "백화점":0,
            "아울렛몰":0,
            "대형마트":0,
            "은행":0,
            "병원":0,
            "종합병원":100,
            "공원":100,
            "혐오시설":0,
            "인프라총점":23.0,
            "초등학군":90.01,
            "중학군":53.9,
            "학군총점":61.122,
            "인구수":27.8,
            "인구증감":-9.78,
            "인구총점":16.526,
            "일자리":11.26,
            "소득수준":67.68,
            "일자리총점":28.186,
            "가치 총점":30.7366,
            "매매실거래년":"18000101",
            "매매실거래가":null,
            "전세실거래년":null,
            "전세실거래가":null,
            "전세가율":null,
            "장기전세가율평균":70.72,
            "전세가율거품지수":null,
            "검색코드":15884,
            "세대수":135.0,
            "준공년월":"1999-09-01",
            "준공년차":24.0,
            "가까운역이름":"경성대·부경대",
            "가까운역거리":2066.15,
            "역세권여부":"비역세권",
            "30분이내주요거점역":0,
            "30분거점역이름":"[]",
            "1시간이내주요거점역":0,
            "1시간거점역이름":"[]",
            "3km이내백화점수":0,
            "5km이내아울렛몰수":0,
            "1km이내대형먀트수":0,
            "500m이내은행수":0,
            "500m이내병원수":0,
            "5km이내대형병원수":3,
            "500m이내공원수":2,
            "3km이내혐오시설수":0,
            "초등학교학업성취도":90.01,
            "중학교학업성취도":85.9,
            "용적률":0,
            "건폐율":0,
            "Y":35.124059,
            "X":129.116077,
            "rank":100.0,
            "area_info":"15평(49.59), 17평(56.2), 24평(79.34)",
            "last_sales":"1800-01-01,nan,15평(49.59)",
            "rank_history":[
                [
                    "202202",
                    100
                ],
                [
                    "202201",
                    107
                ]
            ],
            "rank_gap":7
        },
        {
            "index":652,
            "아파트명":"동부타워",
            "투자타입":"재건축",
            "전용면적(m2)":"96.97",
            "전용면적(평)":"29평",
            "법정동주소":"부산시 남구 용호동 514-1",
            "도로명주소":"부산시 남구 동명로 193",
            "세대수":0,
            "입주년차":"--",
            "용적률점수":0,
            "건폐율점수":0,
            "세대당주차수":"--",
            "난방방식":"--",
            "공급면적":70,
            "전용률":80,
            "욕실수":"--",
            "현관타입":"--",
            "주거총점":7.5,
            "지역구공급총점":0.0,
            "역세권":0,
            "30분내 이동가능 거점":0,
            "1시간내 이동가능 거점":0,
            "교통총점":0.0,
            "백화점":0,
            "아울렛몰":0,
            "대형마트":80,
            "은행":0,
            "병원":0,
            "종합병원":100,
            "공원":100,
            "혐오시설":0,
            "인프라총점":35.0,
            "초등학군":90.0,
            "중학군":53.9,
            "학군총점":61.12,
            "인구수":27.8,
            "인구증감":-9.78,
            "인구총점":16.526,
            "일자리":11.26,
            "소득수준":67.68,
            "일자리총점":28.186,
            "가치 총점":30.711,
            "매매실거래년":20210717.0,
            "매매실거래가":19900.0,
            "전세실거래년":20200806.0,
            "전세실거래가":14500.0,
            "전세가율":89.51,
            "장기전세가율평균":70.72,
            "전세가율거품지수":-18.79,
            "검색코드":4625,
            "세대수":164.0,
            "준공년월":"1992-03-18",
            "준공년차":31.0,
            "가까운역이름":"경성대·부경대",
            "가까운역거리":2651.01,
            "역세권여부":"비역세권",
            "30분이내주요거점역":0,
            "30분거점역이름":"[]",
            "1시간이내주요거점역":0,
            "1시간거점역이름":"[]",
            "3km이내백화점수":0,
            "5km이내아울렛몰수":0,
            "1km이내대형먀트수":1,
            "500m이내은행수":0,
            "500m이내병원수":0,
            "5km이내대형병원수":3,
            "500m이내공원수":2,
            "3km이내혐오시설수":0,
            "초등학교학업성취도":90.0,
            "중학교학업성취도":85.9,
            "용적률":0,
            "건폐율":0,
            "Y":35.118228,
            "X":129.11751,
            "rank":101.0,
            "area_info":"29평(96.97), 31평(102.64), 31평(102.65), 31평(102.57), 31평(102.79)",
            "last_sales":"2021-07-17,19900.0,31평(102.64)",
            "rank_history":[
                [
                    "202202",
                    101
                ],
                [
                    "202201",
                    110
                ]
            ],
            "rank_gap":9
        },
        {
            "index":497,
            "아파트명":"용당대광",
            "투자타입":"일반",
            "전용면적(m2)":"73.25",
            "전용면적(평)":"22평",
            "법정동주소":"부산시 남구 용당동 592-9",
            "도로명주소":"부산시 남구 유엔평화로126번길 19",
            "세대수":0,
            "입주년차":0,
            "용적률점수":"--",
            "건폐율점수":"--",
            "세대당주차수":0,
            "난방방식":30,
            "공급면적":"--",
            "전용률":"--",
            "욕실수":50,
            "현관타입":10,
            "주거총점":9.0,
            "지역구공급총점":0.0,
            "역세권":0,
            "30분내 이동가능 거점":0,
            "1시간내 이동가능 거점":0,
            "교통총점":0.0,
            "백화점":0,
            "아울렛몰":0,
            "대형마트":80,
            "은행":0,
            "병원":0,
            "종합병원":100,
            "공원":100,
            "혐오시설":0,
            "인프라총점":35.0,
            "초등학군":89.97,
            "중학군":51.1,
            "학군총점":58.874,
            "인구수":27.8,
            "인구증감":-9.78,
            "인구총점":16.526,
            "일자리":11.26,
            "소득수준":67.68,
            "일자리총점":28.186,
            "가치 총점":30.4122,
            "매매실거래년":20211227.0,
            "매매실거래가":12000.0,
            "전세실거래년":20200414.0,
            "전세실거래가":13000.0,
            "전세가율":108.33,
            "장기전세가율평균":70.72,
            "전세가율거품지수":-37.61,
            "검색코드":11989,
            "세대수":178.0,
            "준공년월":"1997-11-24",
            "준공년차":26.0,
            "가까운역이름":"대연",
            "가까운역거리":1314.89,
            "역세권여부":"비역세권",
            "30분이내주요거점역":0,
            "30분거점역이름":"[]",
            "1시간이내주요거점역":0,
            "1시간거점역이름":"[]",
            "3km이내백화점수":0,
            "5km이내아울렛몰수":0,
            "1km이내대형먀트수":1,
            "500m이내은행수":1,
            "500m이내병원수":0,
            "5km이내대형병원수":7,
            "500m이내공원수":2,
            "3km이내혐오시설수":0,
            "초등학교학업성취도":89.97,
            "중학교학업성취도":82.9,
            "용적률":309,
            "건폐율":25,
            "Y":35.12363,
            "X":129.09551,
            "rank":102.0,
            "area_info":"22평(73.25), 25평(83.29), 27평(90.54), 31평(105.21)",
            "last_sales":"2021-12-27,12000.0,22평(73.25)",
            "rank_history":[
                [
                    "202202",
                    102
                ],
                [
                    "202201",
                    113
                ]
            ],
            "rank_gap":11
        },
        {
            "index":31,
            "아파트명":"우암자유4차",
            "투자타입":"일반",
            "전용면적(m2)":"69.23",
            "전용면적(평)":"20평",
            "법정동주소":"부산시 남구 감만동 46-1",
            "도로명주소":"부산시 남구 석포로 7",
            "세대수":0,
            "입주년차":0,
            "용적률점수":"--",
            "건폐율점수":"--",
            "세대당주차수":0,
            "난방방식":30,
            "공급면적":"--",
            "전용률":"--",
            "욕실수":50,
            "현관타입":100,
            "주거총점":18.0,
            "지역구공급총점":0.0,
            "역세권":0,
            "30분내 이동가능 거점":0,
            "1시간내 이동가능 거점":10,
            "교통총점":2.0,
            "백화점":0,
            "아울렛몰":0,
            "대형마트":80,
            "은행":0,
            "병원":0,
            "종합병원":100,
            "공원":0,
            "혐오시설":0,
            "인프라총점":32.0,
            "초등학군":89.98,
            "중학군":43.14,
            "학군총점":52.508,
            "인구수":27.8,
            "인구증감":-9.78,
            "인구총점":16.526,
            "일자리":11.26,
            "소득수준":67.68,
            "일자리총점":28.186,
            "가치 총점":30.1524,
            "매매실거래년":20211224.0,
            "매매실거래가":26300.0,
            "전세실거래년":20201015.0,
            "전세실거래가":14000.0,
            "전세가율":71.79,
            "장기전세가율평균":70.72,
            "전세가율거품지수":-1.07,
            "검색코드":4498,
            "세대수":269.0,
            "준공년월":"1994-10-11",
            "준공년차":29.0,
            "가까운역이름":"못골",
            "가까운역거리":1399.93,
            "역세권여부":"비역세권",
            "30분이내주요거점역":0,
            "30분거점역이름":"[]",
            "1시간이내주요거점역":1,
            "1시간거점역이름":"['하단']",
            "3km이내백화점수":0,
            "5km이내아울렛몰수":0,
            "1km이내대형먀트수":1,
            "500m이내은행수":0,
            "500m이내병원수":0,
            "5km이내대형병원수":9,
            "500m이내공원수":0,
            "3km이내혐오시설수":0,
            "초등학교학업성취도":89.98,
            "중학교학업성취도":71.9,
            "용적률":240,
            "건폐율":0,
            "Y":35.122272,
            "X":129.082118,
            "rank":103.0,
            "area_info":"20평(69.23), 25평(83.77), 31평(103.02), 44평(146.59)",
            "last_sales":"2021-12-24,26300.0,31평(103.02)",
            "rank_history":[
                [
                    "202202",
                    103
                ],
                [
                    "202201",
                    95
                ]
            ],
            "rank_gap":-8
        },
        {
            "index":644,
            "아파트명":"도시타워",
            "투자타입":"일반",
            "전용면적(m2)":"56.89",
            "전용면적(평)":"17평",
            "법정동주소":"부산시 남구 용호동 538-40",
            "도로명주소":"부산시 남구 용호로232번길 31",
            "세대수":0,
            "입주년차":0,
            "용적률점수":"--",
            "건폐율점수":"--",
            "세대당주차수":0,
            "난방방식":30,
            "공급면적":"--",
            "전용률":"--",
            "욕실수":50,
            "현관타입":10,
            "주거총점":9.0,
            "지역구공급총점":0.0,
            "역세권":0,
            "30분내 이동가능 거점":0,
            "1시간내 이동가능 거점":0,
            "교통총점":0.0,
            "백화점":0,
            "아울렛몰":0,
            "대형마트":80,
            "은행":0,
            "병원":0,
            "종합병원":100,
            "공원":80,
            "혐오시설":-50,
            "인프라총점":33.4,
            "초등학군":89.99,
            "중학군":52.0,
            "학군총점":59.598,
            "인구수":27.8,
            "인구증감":-9.78,
            "인구총점":16.526,
            "일자리":11.26,
            "소득수준":67.68,
            "일자리총점":28.186,
            "가치 총점":30.1494,
            "매매실거래년":20210903.0,
            "매매실거래가":11800.0,
            "전세실거래년":20211027.0,
            "전세실거래가":7000.0,
            "전세가율":88.61,
            "장기전세가율평균":70.72,
            "전세가율거품지수":-17.89,
            "검색코드":4618,
            "세대수":232.0,
            "준공년월":"1993-03-22",
            "준공년차":30.0,
            "가까운역이름":"경성대·부경대",
            "가까운역거리":2986.54,
            "역세권여부":"비역세권",
            "30분이내주요거점역":0,
            "30분거점역이름":"[]",
            "1시간이내주요거점역":0,
            "1시간거점역이름":"[]",
            "3km이내백화점수":0,
            "5km이내아울렛몰수":0,
            "1km이내대형먀트수":1,
            "500m이내은행수":0,
            "500m이내병원수":0,
            "5km이내대형병원수":2,
            "500m이내공원수":1,
            "3km이내혐오시설수":1,
            "초등학교학업성취도":89.99,
            "중학교학업성취도":85.0,
            "용적률":0,
            "건폐율":0,
            "Y":35.111593,
            "X":129.108721,
            "rank":104.0,
            "area_info":"17평(56.89), 23평(76.51), 24평(80.06), 29평(97.04)",
            "last_sales":"2021-09-03,11800.0,24평(80.06)",
            "rank_history":[
                [
                    "202202",
                    104
                ],
                [
                    "202201",
                    102
                ]
            ],
            "rank_gap":-2
        },
        {
            "index":39,
            "아파트명":"유창그린",
            "투자타입":"재건축",
            "전용면적(m2)":"54.52",
            "전용면적(평)":"16평",
            "법정동주소":"부산시 남구 감만동 189-77",
            "도로명주소":"부산시 남구 양지골로 152",
            "세대수":0,
            "입주년차":"--",
            "용적률점수":0,
            "건폐율점수":0,
            "세대당주차수":"--",
            "난방방식":"--",
            "공급면적":50,
            "전용률":80,
            "욕실수":"--",
            "현관타입":"--",
            "주거총점":6.5,
            "지역구공급총점":0.0,
            "역세권":0,
            "30분내 이동가능 거점":0,
            "1시간내 이동가능 거점":0,
            "교통총점":0.0,
            "백화점":0,
            "아울렛몰":0,
            "대형마트":80,
            "은행":70,
            "병원":0,
            "종합병원":100,
            "공원":100,
            "혐오시설":0,
            "인프라총점":42.0,
            "초등학군":89.97,
            "중학군":43.14,
            "학군총점":52.506,
            "인구수":27.8,
            "인구증감":-9.78,
            "인구총점":16.526,
            "일자리":11.26,
            "소득수준":67.68,
            "일자리총점":28.186,
            "가치 총점":29.9768,
            "매매실거래년":20211217.0,
            "매매실거래가":7900.0,
            "전세실거래년":20220115.0,
            "전세실거래가":5000.0,
            "전세가율":63.29,
            "장기전세가율평균":70.72,
            "전세가율거품지수":7.43,
            "검색코드":14075,
            "세대수":130.0,
            "준공년월":"1991-04-30",
            "준공년차":32.0,
            "가까운역이름":"못골",
            "가까운역거리":2127.08,
            "역세권여부":"비역세권",
            "30분이내주요거점역":0,
            "30분거점역이름":"[]",
            "1시간이내주요거점역":0,
            "1시간거점역이름":"[]",
            "3km이내백화점수":0,
            "5km이내아울렛몰수":0,
            "1km이내대형먀트수":1,
            "500m이내은행수":4,
            "500m이내병원수":0,
            "5km이내대형병원수":9,
            "500m이내공원수":2,
            "3km이내혐오시설수":0,
            "초등학교학업성취도":89.97,
            "중학교학업성취도":71.9,
            "용적률":0,
            "건폐율":0,
            "Y":35.115624,
            "X":129.085651,
            "rank":105.0,
            "area_info":"16평(54.52)",
            "last_sales":"2021-12-17,7900.0,16평(54.52)",
            "rank_history":[
                [
                    "202202",
                    105
                ],
                [
                    "202201",
                    97
                ]
            ],
            "rank_gap":-8
        },
        {
            "index":720,
            "아파트명":"용호신익타워",
            "투자타입":"일반",
            "전용면적(m2)":"85.53",
            "전용면적(평)":"25평",
            "법정동주소":"부산시 남구 용호동 514-26",
            "도로명주소":"부산시 남구 동명로 189",
            "세대수":0,
            "입주년차":0,
            "용적률점수":"--",
            "건폐율점수":"--",
            "세대당주차수":0,
            "난방방식":30,
            "공급면적":"--",
            "전용률":"--",
            "욕실수":50,
            "현관타입":100,
            "주거총점":18.0,
            "지역구공급총점":0.0,
            "역세권":0,
            "30분내 이동가능 거점":0,
            "1시간내 이동가능 거점":0,
            "교통총점":0.0,
            "백화점":0,
            "아울렛몰":0,
            "대형마트":0,
            "은행":0,
            "병원":0,
            "종합병원":100,
            "공원":100,
            "혐오시설":0,
            "인프라총점":23.0,
            "초등학군":90.0,
            "중학군":53.9,
            "학군총점":61.12,
            "인구수":27.8,
            "인구증감":-9.78,
            "인구총점":16.526,
            "일자리":11.26,
            "소득수준":67.68,
            "일자리총점":28.186,
            "가치 총점":29.736,
            "매매실거래년":20220102.0,
            "매매실거래가":19800.0,
            "전세실거래년":20210904.0,
            "전세실거래가":10000.0,
            "전세가율":71.43,
            "장기전세가율평균":70.72,
            "전세가율거품지수":-0.71,
            "검색코드":4644,
            "세대수":218.0,
            "준공년월":"1993-06-25",
            "준공년차":30.0,
            "가까운역이름":"경성대·부경대",
            "가까운역거리":2608.46,
            "역세권여부":"비역세권",
            "30분이내주요거점역":0,
            "30분거점역이름":"[]",
            "1시간이내주요거점역":0,
            "1시간거점역이름":"[]",
            "3km이내백화점수":0,
            "5km이내아울렛몰수":0,
            "1km이내대형먀트수":0,
            "500m이내은행수":0,
            "500m이내병원수":0,
            "5km이내대형병원수":3,
            "500m이내공원수":3,
            "3km이내혐오시설수":0,
            "초등학교학업성취도":90.0,
            "중학교학업성취도":85.9,
            "용적률":343,
            "건폐율":20,
            "Y":35.11904,
            "X":129.11806,
            "rank":106.0,
            "area_info":"25평(85.53), 27평(91.56), 30평(101.46), 30평(102.31), 31평(102.68), 32평(106.07)",
            "last_sales":"2022-01-02,19800.0,30평(102.31)",
            "rank_history":[
                [
                    "202202",
                    106
                ],
                [
                    "202201",
                    114
                ]
            ],
            "rank_gap":8
        },
        {
            "index":680,
            "아파트명":"삼성맨션",
            "투자타입":"재건축",
            "전용면적(m2)":"57.58",
            "전용면적(평)":"17평",
            "법정동주소":"부산시 남구 용호동 537-11",
            "도로명주소":"부산시 남구 용호로232번길 49",
            "세대수":0,
            "입주년차":"--",
            "용적률점수":0,
            "건폐율점수":0,
            "세대당주차수":"--",
            "난방방식":"--",
            "공급면적":50,
            "전용률":80,
            "욕실수":"--",
            "현관타입":"--",
            "주거총점":6.5,
            "지역구공급총점":0.0,
            "역세권":0,
            "30분내 이동가능 거점":0,
            "1시간내 이동가능 거점":0,
            "교통총점":0.0,
            "백화점":0,
            "아울렛몰":0,
            "대형마트":80,
            "은행":0,
            "병원":0,
            "종합병원":100,
            "공원":80,
            "혐오시설":-50,
            "인프라총점":33.4,
            "초등학군":89.99,
            "중학군":52.0,
            "학군총점":59.598,
            "인구수":27.8,
            "인구증감":-9.78,
            "인구총점":16.526,
            "일자리":11.26,
            "소득수준":67.68,
            "일자리총점":28.186,
            "가치 총점":29.5244,
            "매매실거래년":20220112.0,
            "매매실거래가":5500.0,
            "전세실거래년":20220117.0,
            "전세실거래가":6500.0,
            "전세가율":76.02,
            "장기전세가율평균":70.72,
            "전세가율거품지수":-5.3,
            "검색코드":4640,
            "세대수":150.0,
            "준공년월":"1989-01-12",
            "준공년차":34.0,
            "가까운역이름":"경성대·부경대",
            "가까운역거리":2929.23,
            "역세권여부":"비역세권",
            "30분이내주요거점역":0,
            "30분거점역이름":"[]",
            "1시간이내주요거점역":0,
            "1시간거점역이름":"[]",
            "3km이내백화점수":0,
            "5km이내아울렛몰수":0,
            "1km이내대형먀트수":1,
            "500m이내은행수":0,
            "500m이내병원수":0,
            "5km이내대형병원수":2,
            "500m이내공원수":1,
            "3km이내혐오시설수":1,
            "초등학교학업성취도":89.99,
            "중학교학업성취도":85.0,
            "용적률":0,
            "건폐율":0,
            "Y":35.112099,
            "X":129.108596,
            "rank":107.0,
            "area_info":"17평(57.58), 18평(59.62), 17평(59.04), 18평(60.31)",
            "last_sales":"2022-01-12,5500.0,17평(59.04)",
            "rank_history":[
                [
                    "202202",
                    107
                ],
                [
                    "202201",
                    108
                ]
            ],
            "rank_gap":1
        },
        {
            "index":320,
            "아파트명":"장백장미타워",
            "투자타입":"일반",
            "전용면적(m2)":"81.44",
            "전용면적(평)":"24평",
            "법정동주소":"부산시 남구 대연동 255-1",
            "도로명주소":"부산시 남구 황령대로319번길 120",
            "세대수":0,
            "입주년차":0,
            "용적률점수":"--",
            "건폐율점수":"--",
            "세대당주차수":0,
            "난방방식":30,
            "공급면적":"--",
            "전용률":"--",
            "욕실수":50,
            "현관타입":100,
            "주거총점":18.0,
            "지역구공급총점":0.0,
            "역세권":0,
            "30분내 이동가능 거점":0,
            "1시간내 이동가능 거점":0,
            "교통총점":0.0,
            "백화점":0,
            "아울렛몰":0,
            "대형마트":0,
            "은행":0,
            "병원":0,
            "종합병원":100,
            "공원":80,
            "혐오시설":0,
            "인프라총점":22.4,
            "초등학군":90.0,
            "중학군":51.36,
            "학군총점":59.088,
            "인구수":27.8,
            "인구증감":-9.78,
            "인구총점":16.526,
            "일자리":11.26,
            "소득수준":67.68,
            "일자리총점":28.186,
            "가치 총점":28.9464,
            "매매실거래년":20211212.0,
            "매매실거래가":17750.0,
            "전세실거래년":20220121.0,
            "전세실거래가":12000.0,
            "전세가율":67.61,
            "장기전세가율평균":70.72,
            "전세가율거품지수":3.11,
            "검색코드":4540,
            "세대수":287.0,
            "준공년월":"1996-02-12",
            "준공년차":27.0,
            "가까운역이름":"대연",
            "가까운역거리":1561.96,
            "역세권여부":"비역세권",
            "30분이내주요거점역":0,
            "30분거점역이름":"[]",
            "1시간이내주요거점역":0,
            "1시간거점역이름":"[]",
            "3km이내백화점수":0,
            "5km이내아울렛몰수":0,
            "1km이내대형먀트수":0,
            "500m이내은행수":1,
            "500m이내병원수":0,
            "5km이내대형병원수":9,
            "500m이내공원수":1,
            "3km이내혐오시설수":0,
            "초등학교학업성취도":90.0,
            "중학교학업성취도":84.4,
            "용적률":312,
            "건폐율":16,
            "Y":35.14912,
            "X":129.090639,
            "rank":108.0,
            "area_info":"24평(81.44), 30평(99.87), 31평(104.67), 43평(143.37), 44평(146.34), 46평(153.69), 47평(157.32)",
            "last_sales":"2021-12-12,17750.0,24평(81.44)",
            "rank_history":[
                [
                    "202202",
                    108
                ],
                [
                    "202201",
                    104
                ]
            ],
            "rank_gap":-4
        },
        {
            "index":222,
            "아파트명":"대우그린2차",
            "투자타입":"일반",
            "전용면적(m2)":"80.01",
            "전용면적(평)":"24평",
            "법정동주소":"부산시 남구 대연동 242-1",
            "도로명주소":"부산시 남구 황령대로319번가길 189",
            "세대수":0,
            "입주년차":20,
            "용적률점수":"--",
            "건폐율점수":"--",
            "세대당주차수":0,
            "난방방식":30,
            "공급면적":"--",
            "전용률":"--",
            "욕실수":50,
            "현관타입":50,
            "주거총점":17.0,
            "지역구공급총점":0.0,
            "역세권":0,
            "30분내 이동가능 거점":0,
            "1시간내 이동가능 거점":0,
            "교통총점":0.0,
            "백화점":0,
            "아울렛몰":0,
            "대형마트":0,
            "은행":0,
            "병원":0,
            "종합병원":100,
            "공원":80,
            "혐오시설":0,
            "인프라총점":22.4,
            "초등학군":90.0,
            "중학군":51.36,
            "학군총점":59.088,
            "인구수":27.8,
            "인구증감":-9.78,
            "인구총점":16.526,
            "일자리":11.26,
            "소득수준":67.68,
            "일자리총점":28.186,
            "가치 총점":28.6964,
            "매매실거래년":20211015.0,
            "매매실거래가":35000.0,
            "전세실거래년":20200616.0,
            "전세실거래가":13500.0,
            "전세가율":75.42,
            "장기전세가율평균":70.72,
            "전세가율거품지수":-4.7,
            "검색코드":4527,
            "세대수":239.0,
            "준공년월":"2000-05-23",
            "준공년차":23.0,
            "가까운역이름":"대연",
            "가까운역거리":1788.73,
            "역세권여부":"비역세권",
            "30분이내주요거점역":0,
            "30분거점역이름":"[]",
            "1시간이내주요거점역":0,
            "1시간거점역이름":"[]",
            "3km이내백화점수":0,
            "5km이내아울렛몰수":0,
            "1km이내대형먀트수":0,
            "500m이내은행수":1,
            "500m이내병원수":0,
            "5km이내대형병원수":10,
            "500m이내공원수":1,
            "3km이내혐오시설수":0,
            "초등학교학업성취도":90.0,
            "중학교학업성취도":84.4,
            "용적률":392,
            "건폐율":25,
            "Y":35.151085,
            "X":129.089655,
            "rank":109.0,
            "area_info":"24평(80.01), 24평(82.46), 32평(107.17), 47평(157.94)",
            "last_sales":"2021-10-15,35000.0,47평(157.94)",
            "rank_history":[
                [
                    "202202",
                    109
                ],
                [
                    "202201",
                    109
                ]
            ],
            "rank_gap":0
        },
        {
            "index":15,
            "아파트명":"삼일",
            "투자타입":"재건축",
            "전용면적(m2)":"48.37",
            "전용면적(평)":"14평",
            "법정동주소":"부산시 남구 감만동 208-3",
            "도로명주소":"부산시 남구 우암로52번길 71",
            "세대수":0,
            "입주년차":"--",
            "용적률점수":0,
            "건폐율점수":0,
            "세대당주차수":"--",
            "난방방식":"--",
            "공급면적":50,
            "전용률":80,
            "욕실수":"--",
            "현관타입":"--",
            "주거총점":6.5,
            "지역구공급총점":0.0,
            "역세권":0,
            "30분내 이동가능 거점":0,
            "1시간내 이동가능 거점":0,
            "교통총점":0.0,
            "백화점":0,
            "아울렛몰":0,
            "대형마트":80,
            "은행":0,
            "병원":0,
            "종합병원":100,
            "공원":100,
            "혐오시설":0,
            "인프라총점":35.0,
            "초등학군":89.97,
            "중학군":43.14,
            "학군총점":52.506,
            "인구수":27.8,
            "인구증감":-9.78,
            "인구총점":16.526,
            "일자리":11.26,
            "소득수준":67.68,
            "일자리총점":28.186,
            "가치 총점":27.8768,
            "매매실거래년":20201112.0,
            "매매실거래가":22000.0,
            "전세실거래년":20170719.0,
            "전세실거래가":3000.0,
            "전세가율":25.0,
            "장기전세가율평균":70.72,
            "전세가율거품지수":45.72,
            "검색코드":14650,
            "세대수":130.0,
            "준공년월":"1985-09-06",
            "준공년차":38.0,
            "가까운역이름":"못골",
            "가까운역거리":2199.09,
            "역세권여부":"비역세권",
            "30분이내주요거점역":0,
            "30분거점역이름":"[]",
            "1시간이내주요거점역":0,
            "1시간거점역이름":"[]",
            "3km이내백화점수":0,
            "5km이내아울렛몰수":0,
            "1km이내대형먀트수":1,
            "500m이내은행수":0,
            "500m이내병원수":0,
            "5km이내대형병원수":9,
            "500m이내공원수":3,
            "3km이내혐오시설수":0,
            "초등학교학업성취도":89.97,
            "중학교학업성취도":71.9,
            "용적률":0,
            "건폐율":0,
            "Y":35.114949,
            "X":129.084599,
            "rank":110.0,
            "area_info":"14평(48.37), 15평(50.4), 15평(50.31), 15평(51.48), 16평(55.57), 16평(55.8), 17평(58.86), 18평(60.48), 18평(61.92), 19평(63.54), 19평(63.76), 20평(66.24), 20평(67.24), 21평(70.42), 23평(77.22), 23평(78.84)",
            "last_sales":"2020-11-12,22000.0,23평(77.22)",
            "rank_history":[
                [
                    "202202",
                    110
                ],
                [
                    "202201",
                    103
                ]
            ],
            "rank_gap":-7
        },
        {
            "index":46,
            "아파트명":"정원",
            "투자타입":"재건축",
            "전용면적(m2)":"44.98",
            "전용면적(평)":"13평",
            "법정동주소":"부산시 남구 감만동 176-24",
            "도로명주소":"부산시 남구 홍곡로57번길 22-1",
            "세대수":0,
            "입주년차":"--",
            "용적률점수":0,
            "건폐율점수":0,
            "세대당주차수":"--",
            "난방방식":"--",
            "공급면적":50,
            "전용률":80,
            "욕실수":"--",
            "현관타입":"--",
            "주거총점":6.5,
            "지역구공급총점":0.0,
            "역세권":0,
            "30분내 이동가능 거점":0,
            "1시간내 이동가능 거점":0,
            "교통총점":0.0,
            "백화점":0,
            "아울렛몰":0,
            "대형마트":80,
            "은행":0,
            "병원":0,
            "종합병원":100,
            "공원":80,
            "혐오시설":0,
            "인프라총점":34.4,
            "초등학군":89.97,
            "중학군":43.14,
            "학군총점":52.506,
            "인구수":27.8,
            "인구증감":-9.78,
            "인구총점":16.526,
            "일자리":11.26,
            "소득수준":67.68,
            "일자리총점":28.186,
            "가치 총점":27.6968,
            "매매실거래년":20210712.0,
            "매매실거래가":24000.0,
            "전세실거래년":20200624.0,
            "전세실거래가":4000.0,
            "전세가율":27.59,
            "장기전세가율평균":70.72,
            "전세가율거품지수":43.13,
            "검색코드":11160,
            "세대수":142.0,
            "준공년월":"1984-02-01",
            "준공년차":39.0,
            "가까운역이름":"못골",
            "가까운역거리":1860.63,
            "역세권여부":"비역세권",
            "30분이내주요거점역":0,
            "30분거점역이름":"[]",
            "1시간이내주요거점역":0,
            "1시간거점역이름":"[]",
            "3km이내백화점수":0,
            "5km이내아울렛몰수":0,
            "1km이내대형먀트수":1,
            "500m이내은행수":0,
            "500m이내병원수":0,
            "5km이내대형병원수":9,
            "500m이내공원수":1,
            "3km이내혐오시설수":0,
            "초등학교학업성취도":89.97,
            "중학교학업성취도":71.9,
            "용적률":0,
            "건폐율":0,
            "Y":35.118004,
            "X":129.083609,
            "rank":111.0,
            "area_info":"13평(44.98), 13평(44.36), 15평(50.28), 15평(52.64), 16평(54.85), 17평(57.03), 19평(63.55), 19평(63.21), 20평(67.36), 20평(68.17), 20평(68.63), 27평(91.7)",
            "last_sales":"2021-07-12,24000.0,19평(63.55)",
            "rank_history":[
                [
                    "202202",
                    111
                ],
                [
                    "202201",
                    101
                ]
            ],
            "rank_gap":-10
        },
        {
            "index":749,
            "아파트명":"화신골든맨션",
            "투자타입":"일반",
            "전용면적(m2)":"54.14",
            "전용면적(평)":"16평",
            "법정동주소":"부산시 남구 용호동 69",
            "도로명주소":"부산시 남구 이기대공원로26번길 21-4",
            "세대수":0,
            "입주년차":0,
            "용적률점수":"--",
            "건폐율점수":"--",
            "세대당주차수":0,
            "난방방식":30,
            "공급면적":"--",
            "전용률":"--",
            "욕실수":50,
            "현관타입":10,
            "주거총점":9.0,
            "지역구공급총점":0.0,
            "역세권":0,
            "30분내 이동가능 거점":0,
            "1시간내 이동가능 거점":0,
            "교통총점":0.0,
            "백화점":0,
            "아울렛몰":0,
            "대형마트":0,
            "은행":0,
            "병원":0,
            "종합병원":100,
            "공원":100,
            "혐오시설":0,
            "인프라총점":23.0,
            "초등학군":89.98,
            "중학군":53.9,
            "학군총점":61.116,
            "인구수":27.8,
            "인구증감":-9.78,
            "인구총점":16.526,
            "일자리":11.26,
            "소득수준":67.68,
            "일자리총점":28.186,
            "가치 총점":27.4848,
            "매매실거래년":20210720.0,
            "매매실거래가":17000.0,
            "전세실거래년":20210614.0,
            "전세실거래가":7000.0,
            "전세가율":63.64,
            "장기전세가율평균":70.72,
            "전세가율거품지수":7.08,
            "검색코드":4652,
            "세대수":108.0,
            "준공년월":"1993-12-24",
            "준공년차":30.0,
            "가까운역이름":"경성대·부경대",
            "가까운역거리":2104.26,
            "역세권여부":"비역세권",
            "30분이내주요거점역":0,
            "30분거점역이름":"[]",
            "1시간이내주요거점역":0,
            "1시간거점역이름":"[]",
            "3km이내백화점수":0,
            "5km이내아울렛몰수":0,
            "1km이내대형먀트수":0,
            "500m이내은행수":0,
            "500m이내병원수":0,
            "5km이내대형병원수":3,
            "500m이내공원수":3,
            "3km이내혐오시설수":0,
            "초등학교학업성취도":89.98,
            "중학교학업성취도":85.9,
            "용적률":0,
            "건폐율":0,
            "Y":35.1234,
            "X":129.115814,
            "rank":112.0,
            "area_info":"16평(54.14), 23평(79.09), 25평(83.02), 29평(98.77), 37평(125.18)",
            "last_sales":"2021-07-20,17000.0,29평(98.77)",
            "rank_history":[
                [
                    "202202",
                    112
                ],
                [
                    "202201",
                    116
                ]
            ],
            "rank_gap":4
        },
        {
            "index":11,
            "아파트명":"감만현대3차",
            "투자타입":"일반",
            "전용면적(m2)":"70.97",
            "전용면적(평)":"21평",
            "법정동주소":"부산시 남구 감만동 233-1",
            "도로명주소":"부산시 남구 우암로2번길 30",
            "세대수":0,
            "입주년차":0,
            "용적률점수":"--",
            "건폐율점수":"--",
            "세대당주차수":0,
            "난방방식":30,
            "공급면적":"--",
            "전용률":"--",
            "욕실수":50,
            "현관타입":100,
            "주거총점":18.0,
            "지역구공급총점":0.0,
            "역세권":0,
            "30분내 이동가능 거점":0,
            "1시간내 이동가능 거점":0,
            "교통총점":0.0,
            "백화점":0,
            "아울렛몰":0,
            "대형마트":0,
            "은행":0,
            "병원":0,
            "종합병원":100,
            "공원":100,
            "혐오시설":0,
            "인프라총점":23.0,
            "초등학군":89.97,
            "중학군":43.14,
            "학군총점":52.506,
            "인구수":27.8,
            "인구증감":-9.78,
            "인구총점":16.526,
            "일자리":11.26,
            "소득수준":67.68,
            "일자리총점":28.186,
            "가치 총점":27.1518,
            "매매실거래년":20210914.0,
            "매매실거래가":14300.0,
            "전세실거래년":20211203.0,
            "전세실거래가":14000.0,
            "전세가율":97.9,
            "장기전세가율평균":70.72,
            "전세가율거품지수":-27.18,
            "검색코드":4508,
            "세대수":244.0,
            "준공년월":"1997-05-07",
            "준공년차":26.0,
            "가까운역이름":"못골",
            "가까운역거리":2496.7,
            "역세권여부":"비역세권",
            "30분이내주요거점역":0,
            "30분거점역이름":"[]",
            "1시간이내주요거점역":0,
            "1시간거점역이름":"[]",
            "3km이내백화점수":0,
            "5km이내아울렛몰수":0,
            "1km이내대형먀트수":0,
            "500m이내은행수":0,
            "500m이내병원수":0,
            "5km이내대형병원수":9,
            "500m이내공원수":2,
            "3km이내혐오시설수":0,
            "초등학교학업성취도":89.97,
            "중학교학업성취도":71.9,
            "용적률":254,
            "건폐율":20,
            "Y":35.112272,
            "X":129.084498,
            "rank":113.0,
            "area_info":"21평(70.97), 28평(93.79)",
            "last_sales":"2021-09-14,14300.0,21평(70.97)",
            "rank_history":[
                [
                    "202202",
                    113
                ],
                [
                    "202201",
                    111
                ]
            ],
            "rank_gap":-2
        },
        {
            "index":8,
            "아파트명":"감만현대2차",
            "투자타입":"일반",
            "전용면적(m2)":"77.83",
            "전용면적(평)":"23평",
            "법정동주소":"부산시 남구 감만동 498-2",
            "도로명주소":"부산시 남구 신선로 165",
            "세대수":0,
            "입주년차":0,
            "용적률점수":"--",
            "건폐율점수":"--",
            "세대당주차수":0,
            "난방방식":30,
            "공급면적":"--",
            "전용률":"--",
            "욕실수":50,
            "현관타입":100,
            "주거총점":18.0,
            "지역구공급총점":0.0,
            "역세권":0,
            "30분내 이동가능 거점":0,
            "1시간내 이동가능 거점":0,
            "교통총점":0.0,
            "백화점":0,
            "아울렛몰":0,
            "대형마트":0,
            "은행":0,
            "병원":0,
            "종합병원":100,
            "공원":100,
            "혐오시설":0,
            "인프라총점":23.0,
            "초등학군":89.97,
            "중학군":43.14,
            "학군총점":52.506,
            "인구수":27.8,
            "인구증감":-9.78,
            "인구총점":16.526,
            "일자리":11.26,
            "소득수준":67.68,
            "일자리총점":28.186,
            "가치 총점":27.1518,
            "매매실거래년":20211110.0,
            "매매실거래가":24000.0,
            "전세실거래년":20211231.0,
            "전세실거래가":13650.0,
            "전세가율":76.69,
            "장기전세가율평균":70.72,
            "전세가율거품지수":-5.97,
            "검색코드":4507,
            "세대수":288.0,
            "준공년월":"1996-12-30",
            "준공년차":27.0,
            "가까운역이름":"못골",
            "가까운역거리":2593.48,
            "역세권여부":"비역세권",
            "30분이내주요거점역":0,
            "30분거점역이름":"[]",
            "1시간이내주요거점역":0,
            "1시간거점역이름":"[]",
            "3km이내백화점수":0,
            "5km이내아울렛몰수":0,
            "1km이내대형먀트수":0,
            "500m이내은행수":0,
            "500m이내병원수":0,
            "5km이내대형병원수":8,
            "500m이내공원수":2,
            "3km이내혐오시설수":0,
            "초등학교학업성취도":89.97,
            "중학교학업성취도":71.9,
            "용적률":314,
            "건폐율":19,
            "Y":35.111483,
            "X":129.081998,
            "rank":113.0,
            "area_info":"23평(77.83), 27평(92.47), 31평(104.13)",
            "last_sales":"2021-11-10,24000.0,31평(104.13)",
            "rank_history":[
                [
                    "202202",
                    113
                ],
                [
                    "202201",
                    112
                ]
            ],
            "rank_gap":-1
        }
    ]
}