{
    "schema":{
        "fields":[
            {
                "name":"index",
                "type":"integer"
            },
            {
                "name":"아파트명",
                "type":"string"
            },
            {
                "name":"투자타입",
                "type":"string"
            },
            {
                "name":"전용면적(m2)",
                "type":"string"
            },
            {
                "name":"전용면적(평)",
                "type":"string"
            },
            {
                "name":"법정동주소",
                "type":"string"
            },
            {
                "name":"도로명주소",
                "type":"string"
            },
            {
                "name":"세대수",
                "type":"integer"
            },
            {
                "name":"입주년차",
                "type":"string"
            },
            {
                "name":"용적률점수",
                "type":"string"
            },
            {
                "name":"건폐율점수",
                "type":"string"
            },
            {
                "name":"세대당주차수",
                "type":"string"
            },
            {
                "name":"난방방식",
                "type":"string"
            },
            {
                "name":"공급면적",
                "type":"string"
            },
            {
                "name":"전용률",
                "type":"string"
            },
            {
                "name":"욕실수",
                "type":"string"
            },
            {
                "name":"현관타입",
                "type":"string"
            },
            {
                "name":"주거총점",
                "type":"number"
            },
            {
                "name":"지역구공급총점",
                "type":"number"
            },
            {
                "name":"역세권",
                "type":"integer"
            },
            {
                "name":"30분내 이동가능 거점",
                "type":"integer"
            },
            {
                "name":"1시간내 이동가능 거점",
                "type":"integer"
            },
            {
                "name":"교통총점",
                "type":"number"
            },
            {
                "name":"백화점",
                "type":"integer"
            },
            {
                "name":"아울렛몰",
                "type":"integer"
            },
            {
                "name":"대형마트",
                "type":"integer"
            },
            {
                "name":"은행",
                "type":"integer"
            },
            {
                "name":"병원",
                "type":"integer"
            },
            {
                "name":"종합병원",
                "type":"integer"
            },
            {
                "name":"공원",
                "type":"integer"
            },
            {
                "name":"혐오시설",
                "type":"integer"
            },
            {
                "name":"인프라총점",
                "type":"number"
            },
            {
                "name":"초등학군",
                "type":"number"
            },
            {
                "name":"중학군",
                "type":"number"
            },
            {
                "name":"학군총점",
                "type":"number"
            },
            {
                "name":"인구수",
                "type":"number"
            },
            {
                "name":"인구증감",
                "type":"number"
            },
            {
                "name":"인구총점",
                "type":"number"
            },
            {
                "name":"일자리",
                "type":"number"
            },
            {
                "name":"소득수준",
                "type":"number"
            },
            {
                "name":"일자리총점",
                "type":"number"
            },
            {
                "name":"가치 총점",
                "type":"number"
            },
            {
                "name":"매매실거래년",
                "type":"string"
            },
            {
                "name":"매매실거래가",
                "type":"number"
            },
            {
                "name":"전세실거래년",
                "type":"number"
            },
            {
                "name":"전세실거래가",
                "type":"number"
            },
            {
                "name":"전세가율",
                "type":"number"
            },
            {
                "name":"장기전세가율평균",
                "type":"number"
            },
            {
                "name":"전세가율거품지수",
                "type":"number"
            },
            {
                "name":"검색코드",
                "type":"integer"
            },
            {
                "name":"세대수",
                "type":"number"
            },
            {
                "name":"준공년월",
                "type":"string"
            },
            {
                "name":"준공년차",
                "type":"number"
            },
            {
                "name":"가까운역이름",
                "type":"string"
            },
            {
                "name":"가까운역거리",
                "type":"number"
            },
            {
                "name":"역세권여부",
                "type":"string"
            },
            {
                "name":"30분이내주요거점역",
                "type":"integer"
            },
            {
                "name":"30분거점역이름",
                "type":"string"
            },
            {
                "name":"1시간이내주요거점역",
                "type":"integer"
            },
            {
                "name":"1시간거점역이름",
                "type":"string"
            },
            {
                "name":"3km이내백화점수",
                "type":"integer"
            },
            {
                "name":"5km이내아울렛몰수",
                "type":"integer"
            },
            {
                "name":"1km이내대형먀트수",
                "type":"integer"
            },
            {
                "name":"500m이내은행수",
                "type":"integer"
            },
            {
                "name":"500m이내병원수",
                "type":"integer"
            },
            {
                "name":"5km이내대형병원수",
                "type":"integer"
            },
            {
                "name":"500m이내공원수",
                "type":"integer"
            },
            {
                "name":"3km이내혐오시설수",
                "type":"integer"
            },
            {
                "name":"초등학교학업성취도",
                "type":"number"
            },
            {
                "name":"중학교학업성취도",
                "type":"number"
            },
            {
                "name":"용적률",
                "type":"integer"
            },
            {
                "name":"건폐율",
                "type":"integer"
            },
            {
                "name":"Y",
                "type":"number"
            },
            {
                "name":"X",
                "type":"number"
            },
            {
                "name":"rank",
                "type":"number"
            },
            {
                "name":"area_info",
                "type":"string"
            },
            {
                "name":"last_sales",
                "type":"string"
            },
            {
                "name":"rank_history",
                "type":"string"
            },
            {
                "name":"rank_gap",
                "type":"integer"
            }
        ],
        "primaryKey":[
            "index"
        ],
        "pandas_version":"1.4.0"
    },
    "data":[
        {
            "index":6,
            "아파트명":"삼환2단지",
            "투자타입":"재건축",
            "전용면적(m2)":"104.82",
            "전용면적(평)":"31평",
            "법정동주소":"인천시 미추홀구 관교동 13-10",
            "도로명주소":"인천시 미추홀구 문화로 23",
            "세대수":50,
            "입주년차":"--",
            "용적률점수":20,
            "건폐율점수":100,
            "세대당주차수":"--",
            "난방방식":"--",
            "공급면적":90,
            "전용률":80,
            "욕실수":"--",
            "현관타입":"--",
            "주거총점":51.5,
            "지역구공급총점":0.0,
            "역세권":80,
            "30분내 이동가능 거점":0,
            "1시간내 이동가능 거점":70,
            "교통총점":54.0,
            "백화점":100,
            "아울렛몰":0,
            "대형마트":100,
            "은행":100,
            "병원":0,
            "종합병원":100,
            "공원":100,
            "혐오시설":0,
            "인프라총점":78.0,
            "초등학군":90.01,
            "중학군":51.2,
            "학군총점":58.962,
            "인구수":44.13,
            "인구증감":8.1,
            "인구총점":33.321,
            "일자리":19.14,
            "소득수준":48.52,
            "일자리총점":27.954,
            "가치 총점":61.4443,
            "매매실거래년":20211111.0,
            "매매실거래가":50500.0,
            "전세실거래년":20220112.0,
            "전세실거래가":30000.0,
            "전세가율":59.41,
            "장기전세가율평균":70.76,
            "전세가율거품지수":11.35,
            "검색코드":2270,
            "세대수":410.0,
            "준공년월":"1991-11-28",
            "준공년차":32.0,
            "가까운역이름":"인천터미널",
            "가까운역거리":182.58,
            "역세권여부":"역세권",
            "30분이내주요거점역":0,
            "30분거점역이름":"[]",
            "1시간이내주요거점역":7,
            "1시간거점역이름":"['여의도', '송도', '평촌', '가산디지털단지', '구로디지털단지', '안산', '마곡']",
            "3km이내백화점수":1,
            "5km이내아울렛몰수":0,
            "1km이내대형먀트수":2,
            "500m이내은행수":5,
            "500m이내병원수":0,
            "5km이내대형병원수":5,
            "500m이내공원수":2,
            "3km이내혐오시설수":0,
            "초등학교학업성취도":90.01,
            "중학교학업성취도":84.4,
            "용적률":215,
            "건폐율":17,
            "Y":37.441508,
            "X":126.697956,
            "rank":1.0,
            "area_info":"31평(104.82)",
            "last_sales":"2021-11-11,50500.0,31평(104.82)",
            "rank_history":[
                [
                    "202202",
                    1
                ],
                [
                    "202201",
                    2
                ]
            ],
            "rank_gap":1
        },
        {
            "index":7,
            "아파트명":"성지",
            "투자타입":"재건축",
            "전용면적(m2)":"102.53",
            "전용면적(평)":"31평",
            "법정동주소":"인천시 미추홀구 관교동 13-9",
            "도로명주소":"인천시 미추홀구 문화로 35",
            "세대수":50,
            "입주년차":"--",
            "용적률점수":20,
            "건폐율점수":100,
            "세대당주차수":"--",
            "난방방식":"--",
            "공급면적":90,
            "전용률":80,
            "욕실수":"--",
            "현관타입":"--",
            "주거총점":51.5,
            "지역구공급총점":0.0,
            "역세권":80,
            "30분내 이동가능 거점":0,
            "1시간내 이동가능 거점":60,
            "교통총점":52.0,
            "백화점":100,
            "아울렛몰":0,
            "대형마트":100,
            "은행":100,
            "병원":0,
            "종합병원":100,
            "공원":100,
            "혐오시설":0,
            "인프라총점":78.0,
            "초등학군":90.01,
            "중학군":51.2,
            "학군총점":58.962,
            "인구수":44.13,
            "인구증감":8.1,
            "인구총점":33.321,
            "일자리":19.14,
            "소득수준":48.52,
            "일자리총점":27.954,
            "가치 총점":60.7443,
            "매매실거래년":20211215.0,
            "매매실거래가":46000.0,
            "전세실거래년":20220125.0,
            "전세실거래가":27000.0,
            "전세가율":58.7,
            "장기전세가율평균":70.76,
            "전세가율거품지수":12.06,
            "검색코드":2271,
            "세대수":420.0,
            "준공년월":"1991-08-12",
            "준공년차":32.0,
            "가까운역이름":"인천터미널",
            "가까운역거리":203.79,
            "역세권여부":"역세권",
            "30분이내주요거점역":0,
            "30분거점역이름":"[]",
            "1시간이내주요거점역":6,
            "1시간거점역이름":"['여의도', '송도', '가산디지털단지', '구로디지털단지', '안산', '마곡']",
            "3km이내백화점수":1,
            "5km이내아울렛몰수":0,
            "1km이내대형먀트수":2,
            "500m이내은행수":5,
            "500m이내병원수":0,
            "5km이내대형병원수":5,
            "500m이내공원수":2,
            "3km이내혐오시설수":0,
            "초등학교학업성취도":90.01,
            "중학교학업성취도":84.4,
            "용적률":212,
            "건폐율":16,
            "Y":37.442322,
            "X":126.697399,
            "rank":2.0,
            "area_info":"31평(102.53)",
            "last_sales":"2021-12-15,46000.0,31평(102.53)",
            "rank_history":[
                [
                    "202202",
                    2
                ],
                [
                    "202201",
                    3
                ]
            ],
            "rank_gap":1
        },
        {
            "index":403,
            "아파트명":"주안더월드스테이트",
            "투자타입":"일반",
            "전용면적(m2)":"89.76",
            "전용면적(평)":"27평",
            "법정동주소":"인천시 미추홀구 주안동 1614",
            "도로명주소":"인천시 미추홀구 경원대로 884",
            "세대수":100,
            "입주년차":40,
            "용적률점수":"--",
            "건폐율점수":"--",
            "세대당주차수":30,
            "난방방식":30,
            "공급면적":"--",
            "전용률":"--",
            "욕실수":100,
            "현관타입":100,
            "주거총점":70.5,
            "지역구공급총점":0.0,
            "역세권":80,
            "30분내 이동가능 거점":0,
            "1시간내 이동가능 거점":50,
            "교통총점":50.0,
            "백화점":100,
            "아울렛몰":0,
            "대형마트":80,
            "은행":20,
            "병원":0,
            "종합병원":100,
            "공원":100,
            "혐오시설":0,
            "인프라총점":67.0,
            "초등학군":89.99,
            "중학군":47.52,
            "학군총점":56.014,
            "인구수":44.13,
            "인구증감":8.1,
            "인구총점":33.321,
            "일자리":19.14,
            "소득수준":48.52,
            "일자리총점":27.954,
            "가치 총점":60.1021,
            "매매실거래년":20211216.0,
            "매매실거래가":48000.0,
            "전세실거래년":20220124.0,
            "전세실거래가":37000.0,
            "전세가율":77.08,
            "장기전세가율평균":70.76,
            "전세가율거품지수":-6.32,
            "검색코드":22348,
            "세대수":3158.0,
            "준공년월":"2008-05-28",
            "준공년차":15.0,
            "가까운역이름":"간석",
            "가까운역거리":357.32,
            "역세권여부":"역세권",
            "30분이내주요거점역":0,
            "30분거점역이름":"[]",
            "1시간이내주요거점역":5,
            "1시간거점역이름":"['여의도', '송도', '가산디지털단지', '홍대입구', '구로디지털단지']",
            "3km이내백화점수":1,
            "5km이내아울렛몰수":0,
            "1km이내대형먀트수":1,
            "500m이내은행수":2,
            "500m이내병원수":0,
            "5km이내대형병원수":7,
            "500m이내공원수":2,
            "3km이내혐오시설수":0,
            "초등학교학업성취도":89.99,
            "중학교학업성취도":78.2,
            "용적률":317,
            "건폐율":18,
            "Y":37.462145,
            "X":126.691788,
            "rank":3.0,
            "area_info":"27평(89.76), 27평(90.61), 28평(93.65), 35평(115.83), 35평(118.07), 35평(118.07), 36평(119.49), 42평(139.91), 47평(158.32), 48평(160.14)",
            "last_sales":"2021-12-16,48000.0,27평(89.76)",
            "rank_history":[
                [
                    "202202",
                    3
                ],
                [
                    "202201",
                    1
                ]
            ],
            "rank_gap":-2
        },
        {
            "index":9,
            "아파트명":"쌍용",
            "투자타입":"재건축",
            "전용면적(m2)":"103.33",
            "전용면적(평)":"31평",
            "법정동주소":"인천시 미추홀구 관교동 13-7",
            "도로명주소":"인천시 미추홀구 주승로 231",
            "세대수":50,
            "입주년차":"--",
            "용적률점수":20,
            "건폐율점수":100,
            "세대당주차수":"--",
            "난방방식":"--",
            "공급면적":90,
            "전용률":80,
            "욕실수":"--",
            "현관타입":"--",
            "주거총점":51.5,
            "지역구공급총점":0.0,
            "역세권":80,
            "30분내 이동가능 거점":20,
            "1시간내 이동가능 거점":40,
            "교통총점":54.0,
            "백화점":100,
            "아울렛몰":0,
            "대형마트":100,
            "은행":0,
            "병원":0,
            "종합병원":100,
            "공원":100,
            "혐오시설":0,
            "인프라총점":68.0,
            "초등학군":90.01,
            "중학군":51.2,
            "학군총점":58.962,
            "인구수":44.13,
            "인구증감":8.1,
            "인구총점":33.321,
            "일자리":19.14,
            "소득수준":48.52,
            "일자리총점":27.954,
            "가치 총점":58.4443,
            "매매실거래년":20211124.0,
            "매매실거래가":43500.0,
            "전세실거래년":20211130.0,
            "전세실거래가":30000.0,
            "전세가율":68.97,
            "장기전세가율평균":70.76,
            "전세가율거품지수":1.79,
            "검색코드":2273,
            "세대수":464.0,
            "준공년월":"1991-07-16",
            "준공년차":32.0,
            "가까운역이름":"인천터미널",
            "가까운역거리":366.77,
            "역세권여부":"역세권",
            "30분이내주요거점역":1,
            "30분거점역이름":"['송도']",
            "1시간이내주요거점역":4,
            "1시간거점역이름":"['송도', '가산디지털단지', '구로디지털단지', '안산']",
            "3km이내백화점수":1,
            "5km이내아울렛몰수":0,
            "1km이내대형먀트수":2,
            "500m이내은행수":1,
            "500m이내병원수":0,
            "5km이내대형병원수":5,
            "500m이내공원수":2,
            "3km이내혐오시설수":0,
            "초등학교학업성취도":90.01,
            "중학교학업성취도":84.4,
            "용적률":219,
            "건폐율":17,
            "Y":37.442788,
            "X":126.695583,
            "rank":4.0,
            "area_info":"31평(103.33)",
            "last_sales":"2021-11-24,43500.0,31평(103.33)",
            "rank_history":[
                [
                    "202202",
                    4
                ],
                [
                    "202201",
                    4
                ]
            ],
            "rank_gap":0
        },
        {
            "index":10,
            "아파트명":"풍림",
            "투자타입":"재건축",
            "전용면적(m2)":"115.19",
            "전용면적(평)":"34평",
            "법정동주소":"인천시 미추홀구 관교동 13-8",
            "도로명주소":"인천시 미추홀구 문화로 45",
            "세대수":30,
            "입주년차":"--",
            "용적률점수":0,
            "건폐율점수":100,
            "세대당주차수":"--",
            "난방방식":"--",
            "공급면적":90,
            "전용률":80,
            "욕실수":"--",
            "현관타입":"--",
            "주거총점":37.5,
            "지역구공급총점":0.0,
            "역세권":80,
            "30분내 이동가능 거점":0,
            "1시간내 이동가능 거점":50,
            "교통총점":50.0,
            "백화점":100,
            "아울렛몰":0,
            "대형마트":100,
            "은행":100,
            "병원":0,
            "종합병원":100,
            "공원":100,
            "혐오시설":0,
            "인프라총점":78.0,
            "초등학군":90.01,
            "중학군":51.2,
            "학군총점":58.962,
            "인구수":44.13,
            "인구증감":8.1,
            "인구총점":33.321,
            "일자리":19.14,
            "소득수준":48.52,
            "일자리총점":27.954,
            "가치 총점":57.2443,
            "매매실거래년":20210917.0,
            "매매실거래가":75000.0,
            "전세실거래년":20211113.0,
            "전세실거래가":29000.0,
            "전세가율":76.32,
            "장기전세가율평균":70.76,
            "전세가율거품지수":-5.56,
            "검색코드":2274,
            "세대수":300.0,
            "준공년월":"1991-02-01",
            "준공년차":32.0,
            "가까운역이름":"인천터미널",
            "가까운역거리":204.75,
            "역세권여부":"역세권",
            "30분이내주요거점역":0,
            "30분거점역이름":"[]",
            "1시간이내주요거점역":5,
            "1시간거점역이름":"['송도', '가산디지털단지', '구로디지털단지', '안산', '마곡']",
            "3km이내백화점수":1,
            "5km이내아울렛몰수":0,
            "1km이내대형먀트수":2,
            "500m이내은행수":5,
            "500m이내병원수":0,
            "5km이내대형병원수":5,
            "500m이내공원수":2,
            "3km이내혐오시설수":0,
            "초등학교학업성취도":90.01,
            "중학교학업성취도":84.4,
            "용적률":235,
            "건폐율":17,
            "Y":37.443135,
            "X":126.697589,
            "rank":5.0,
            "area_info":"34평(115.19), 48평(161.92), 56평(187.28)",
            "last_sales":"2021-09-17,75000.0,56평(187.28)",
            "rank_history":[
                [
                    "202202",
                    5
                ],
                [
                    "202201",
                    5
                ]
            ],
            "rank_gap":0
        },
        {
            "index":0,
            "아파트명":"동부",
            "투자타입":"재건축",
            "전용면적(m2)":"102.36",
            "전용면적(평)":"30평",
            "법정동주소":"인천시 미추홀구 관교동 13-11",
            "도로명주소":"인천시 미추홀구 주승로 253",
            "세대수":50,
            "입주년차":"--",
            "용적률점수":20,
            "건폐율점수":100,
            "세대당주차수":"--",
            "난방방식":"--",
            "공급면적":90,
            "전용률":80,
            "욕실수":"--",
            "현관타입":"--",
            "주거총점":51.5,
            "지역구공급총점":0.0,
            "역세권":80,
            "30분내 이동가능 거점":0,
            "1시간내 이동가능 거점":40,
            "교통총점":48.0,
            "백화점":100,
            "아울렛몰":0,
            "대형마트":100,
            "은행":0,
            "병원":0,
            "종합병원":100,
            "공원":100,
            "혐오시설":0,
            "인프라총점":68.0,
            "초등학군":90.01,
            "중학군":51.2,
            "학군총점":58.962,
            "인구수":44.13,
            "인구증감":8.1,
            "인구총점":33.321,
            "일자리":19.14,
            "소득수준":48.52,
            "일자리총점":27.954,
            "가치 총점":56.3443,
            "매매실거래년":20211222.0,
            "매매실거래가":36000.0,
            "전세실거래년":20211203.0,
            "전세실거래가":34500.0,
            "전세가율":95.83,
            "장기전세가율평균":70.76,
            "전세가율거품지수":-25.07,
            "검색코드":2267,
            "세대수":420.0,
            "준공년월":"1991-09-19",
            "준공년차":32.0,
            "가까운역이름":"인천터미널",
            "가까운역거리":318.7,
            "역세권여부":"역세권",
            "30분이내주요거점역":0,
            "30분거점역이름":"[]",
            "1시간이내주요거점역":4,
            "1시간거점역이름":"['송도', '가산디지털단지', '구로디지털단지', '안산']",
            "3km이내백화점수":1,
            "5km이내아울렛몰수":0,
            "1km이내대형먀트수":2,
            "500m이내은행수":0,
            "500m이내병원수":0,
            "5km이내대형병원수":5,
            "500m이내공원수":2,
            "3km이내혐오시설수":0,
            "초등학교학업성취도":90.01,
            "중학교학업성취도":84.4,
            "용적률":216,
            "건폐율":17,
            "Y":37.441624,
            "X":126.696225,
            "rank":6.0,
            "area_info":"30평(102.36)",
            "last_sales":"2021-12-22,36000.0,30평(102.36)",
            "rank_history":[
                [
                    "202202",
                    6
                ],
                [
                    "202201",
                    6
                ]
            ],
            "rank_gap":0
        },
        {
            "index":4,
            "아파트명":"삼환1단지",
            "투자타입":"재건축",
            "전용면적(m2)":"156.88",
            "전용면적(평)":"47평",
            "법정동주소":"인천시 미추홀구 관교동 13-6",
            "도로명주소":"인천시 미추홀구 주승로 223",
            "세대수":30,
            "입주년차":"--",
            "용적률점수":0,
            "건폐율점수":100,
            "세대당주차수":"--",
            "난방방식":"--",
            "공급면적":100,
            "전용률":80,
            "욕실수":"--",
            "현관타입":"--",
            "주거총점":38.0,
            "지역구공급총점":0.0,
            "역세권":80,
            "30분내 이동가능 거점":0,
            "1시간내 이동가능 거점":40,
            "교통총점":48.0,
            "백화점":100,
            "아울렛몰":0,
            "대형마트":100,
            "은행":20,
            "병원":0,
            "종합병원":100,
            "공원":100,
            "혐오시설":0,
            "인프라총점":70.0,
            "초등학군":90.01,
            "중학군":51.2,
            "학군총점":58.962,
            "인구수":44.13,
            "인구증감":8.1,
            "인구총점":33.321,
            "일자리":19.14,
            "소득수준":48.52,
            "일자리총점":27.954,
            "가치 총점":54.2443,
            "매매실거래년":20220114.0,
            "매매실거래가":67500.0,
            "전세실거래년":20201006.0,
            "전세실거래가":30000.0,
            "전세가율":48.78,
            "장기전세가율평균":70.76,
            "전세가율거품지수":21.98,
            "검색코드":2269,
            "세대수":352.0,
            "준공년월":"1992-04-21",
            "준공년차":31.0,
            "가까운역이름":"인천터미널",
            "가까운역거리":366.32,
            "역세권여부":"역세권",
            "30분이내주요거점역":0,
            "30분거점역이름":"[]",
            "1시간이내주요거점역":4,
            "1시간거점역이름":"['송도', '가산디지털단지', '구로디지털단지', '안산']",
            "3km이내백화점수":1,
            "5km이내아울렛몰수":0,
            "1km이내대형먀트수":2,
            "500m이내은행수":2,
            "500m이내병원수":0,
            "5km이내대형병원수":4,
            "500m이내공원수":2,
            "3km이내혐오시설수":0,
            "초등학교학업성취도":90.01,
            "중학교학업성취도":84.4,
            "용적률":231,
            "건폐율":16,
            "Y":37.443783,
            "X":126.69595,
            "rank":7.0,
            "area_info":"47평(156.88), 55평(184.43)",
            "last_sales":"2022-01-14,67500.0,55평(184.43)",
            "rank_history":[
                [
                    "202202",
                    7
                ],
                [
                    "202201",
                    8
                ]
            ],
            "rank_gap":1
        },
        {
            "index":238,
            "아파트명":"인천SK스카이뷰",
            "투자타입":"일반",
            "전용면적(m2)":"83.79",
            "전용면적(평)":"25평",
            "법정동주소":"인천시 미추홀구 용현동 664",
            "도로명주소":"인천시 미추홀구 용정공원로 33",
            "세대수":100,
            "입주년차":80,
            "용적률점수":"--",
            "건폐율점수":"--",
            "세대당주차수":30,
            "난방방식":100,
            "공급면적":"--",
            "전용률":"--",
            "욕실수":100,
            "현관타입":100,
            "주거총점":85.5,
            "지역구공급총점":0.0,
            "역세권":80,
            "30분내 이동가능 거점":20,
            "1시간내 이동가능 거점":20,
            "교통총점":50.0,
            "백화점":0,
            "아울렛몰":0,
            "대형마트":80,
            "은행":0,
            "병원":0,
            "종합병원":100,
            "공원":100,
            "혐오시설":0,
            "인프라총점":35.0,
            "초등학군":89.99,
            "중학군":50.24,
            "학군총점":58.19,
            "인구수":44.13,
            "인구증감":8.1,
            "인구총점":33.321,
            "일자리":19.14,
            "소득수준":48.52,
            "일자리총점":27.954,
            "가치 총점":53.8285,
            "매매실거래년":20220108.0,
            "매매실거래가":83000.0,
            "전세실거래년":20211225.0,
            "전세실거래가":42000.0,
            "전세가율":70.12,
            "장기전세가율평균":70.76,
            "전세가율거품지수":0.64,
            "검색코드":107437,
            "세대수":3971.0,
            "준공년월":"2016-06-23",
            "준공년차":7.0,
            "가까운역이름":"인하대",
            "가까운역거리":361.52,
            "역세권여부":"역세권",
            "30분이내주요거점역":1,
            "30분거점역이름":"['송도']",
            "1시간이내주요거점역":2,
            "1시간거점역이름":"['송도', '안산']",
            "3km이내백화점수":0,
            "5km이내아울렛몰수":0,
            "1km이내대형먀트수":1,
            "500m이내은행수":1,
            "500m이내병원수":0,
            "5km이내대형병원수":6,
            "500m이내공원수":2,
            "3km이내혐오시설수":0,
            "초등학교학업성취도":89.99,
            "중학교학업성취도":83.2,
            "용적률":238,
            "건폐율":12,
            "Y":37.449426,
            "X":126.645696,
            "rank":8.0,
            "area_info":"25평(83.79), 25평(84.68), 25평(85.31), 25평(85.28), 35평(117.7), 35평(118.24), 35평(118.06), 39평(132.22), 41평(138.64), 45평(151.16), 47평(158.56), 52평(174.54), 52평(174.33), 53평(175.93)",
            "last_sales":"2022-01-08,83000.0,39평(132.22)",
            "rank_history":[
                [
                    "202202",
                    8
                ],
                [
                    "202201",
                    7
                ]
            ],
            "rank_gap":-1
        },
        {
            "index":428,
            "아파트명":"주안지웰에스테이트",
            "투자타입":"일반",
            "전용면적(m2)":"91.34",
            "전용면적(평)":"27평",
            "법정동주소":"인천시 미추홀구 주안동 77-3",
            "도로명주소":"인천시 미추홀구 경인로 403",
            "세대수":0,
            "입주년차":100,
            "용적률점수":"--",
            "건폐율점수":"--",
            "세대당주차수":0,
            "난방방식":30,
            "공급면적":"--",
            "전용률":"--",
            "욕실수":100,
            "현관타입":100,
            "주거총점":43.0,
            "지역구공급총점":0.0,
            "역세권":80,
            "30분내 이동가능 거점":0,
            "1시간내 이동가능 거점":50,
            "교통총점":50.0,
            "백화점":100,
            "아울렛몰":0,
            "대형마트":0,
            "은행":70,
            "병원":0,
            "종합병원":100,
            "공원":0,
            "혐오시설":0,
            "인프라총점":57.0,
            "초등학군":90.0,
            "중학군":44.96,
            "학군총점":53.968,
            "인구수":44.13,
            "인구증감":8.1,
            "인구총점":33.321,
            "일자리":19.14,
            "소득수준":48.52,
            "일자리총점":27.954,
            "가치 총점":51.2952,
            "매매실거래년":20220105.0,
            "매매실거래가":38000.0,
            "전세실거래년":20211228.0,
            "전세실거래가":30500.0,
            "전세가율":80.26,
            "장기전세가율평균":70.76,
            "전세가율거품지수":-9.5,
            "검색코드":113320,
            "세대수":186.0,
            "준공년월":"2019-10-16",
            "준공년차":4.0,
            "가까운역이름":"시민공원",
            "가까운역거리":335.86,
            "역세권여부":"역세권",
            "30분이내주요거점역":0,
            "30분거점역이름":"[]",
            "1시간이내주요거점역":5,
            "1시간거점역이름":"['여의도', '송도', '가산디지털단지', '구로디지털단지', '마곡']",
            "3km이내백화점수":1,
            "5km이내아울렛몰수":0,
            "1km이내대형먀트수":0,
            "500m이내은행수":3,
            "500m이내병원수":0,
            "5km이내대형병원수":9,
            "500m이내공원수":0,
            "3km이내혐오시설수":0,
            "초등학교학업성취도":90.0,
            "중학교학업성취도":74.4,
            "용적률":779,
            "건폐율":63,
            "Y":37.458408,
            "X":126.684996,
            "rank":9.0,
            "area_info":"27평(91.34), 27평(92.11), 27평(92.19)",
            "last_sales":"2022-01-05,38000.0,27평(91.34)",
            "rank_history":[
                [
                    "202202",
                    9
                ],
                [
                    "202201",
                    9
                ]
            ],
            "rank_gap":0
        },
        {
            "index":371,
            "아파트명":"삼영(1574-2)",
            "투자타입":"재건축",
            "전용면적(m2)":"58.81",
            "전용면적(평)":"17평",
            "법정동주소":"인천시 미추홀구 주안동 1574-2",
            "도로명주소":"인천시 미추홀구 인하로 384",
            "세대수":0,
            "입주년차":"--",
            "용적률점수":100,
            "건폐율점수":80,
            "세대당주차수":"--",
            "난방방식":"--",
            "공급면적":50,
            "전용률":100,
            "욕실수":"--",
            "현관타입":"--",
            "주거총점":63.5,
            "지역구공급총점":0.0,
            "역세권":50,
            "30분내 이동가능 거점":0,
            "1시간내 이동가능 거점":10,
            "교통총점":27.0,
            "백화점":100,
            "아울렛몰":0,
            "대형마트":80,
            "은행":20,
            "병원":0,
            "종합병원":100,
            "공원":100,
            "혐오시설":0,
            "인프라총점":67.0,
            "초등학군":89.98,
            "중학군":51.2,
            "학군총점":58.956,
            "인구수":44.13,
            "인구증감":8.1,
            "인구총점":33.321,
            "일자리":19.14,
            "소득수준":48.52,
            "일자리총점":27.954,
            "가치 총점":51.0934,
            "매매실거래년":20211002.0,
            "매매실거래가":17700.0,
            "전세실거래년":20210911.0,
            "전세실거래가":6000.0,
            "전세가율":33.9,
            "장기전세가율평균":70.76,
            "전세가율거품지수":36.86,
            "검색코드":14802,
            "세대수":150.0,
            "준공년월":"1983-01-12",
            "준공년차":40.0,
            "가까운역이름":"예술회관",
            "가까운역거리":853.39,
            "역세권여부":"준역세권",
            "30분이내주요거점역":0,
            "30분거점역이름":"[]",
            "1시간이내주요거점역":1,
            "1시간거점역이름":"['송도']",
            "3km이내백화점수":1,
            "5km이내아울렛몰수":0,
            "1km이내대형먀트수":1,
            "500m이내은행수":2,
            "500m이내병원수":0,
            "5km이내대형병원수":6,
            "500m이내공원수":2,
            "3km이내혐오시설수":0,
            "초등학교학업성취도":89.98,
            "중학교학업성취도":84.4,
            "용적률":125,
            "건폐율":23,
            "Y":37.447565,
            "X":126.691624,
            "rank":10.0,
            "area_info":"17평(58.81)",
            "last_sales":"2021-10-02,17700.0,17평(58.81)",
            "rank_history":[
                [
                    "202202",
                    10
                ],
                [
                    "202201",
                    10
                ]
            ],
            "rank_gap":0
        },
        {
            "index":459,
            "아파트명":"해마루더펠리체",
            "투자타입":"일반",
            "전용면적(m2)":"31.2",
            "전용면적(평)":"9평",
            "법정동주소":"인천시 미추홀구 주안동 928-8",
            "도로명주소":"인천시 미추홀구 주안로 182",
            "세대수":0,
            "입주년차":80,
            "용적률점수":"--",
            "건폐율점수":"--",
            "세대당주차수":0,
            "난방방식":30,
            "공급면적":"--",
            "전용률":"--",
            "욕실수":50,
            "현관타입":10,
            "주거총점":25.0,
            "지역구공급총점":0.0,
            "역세권":80,
            "30분내 이동가능 거점":0,
            "1시간내 이동가능 거점":50,
            "교통총점":50.0,
            "백화점":100,
            "아울렛몰":0,
            "대형마트":80,
            "은행":0,
            "병원":0,
            "종합병원":100,
            "공원":80,
            "혐오시설":0,
            "인프라총점":64.4,
            "초등학군":90.0,
            "중학군":47.52,
            "학군총점":56.016,
            "인구수":44.13,
            "인구증감":8.1,
            "인구총점":33.321,
            "일자리":19.14,
            "소득수준":48.52,
            "일자리총점":27.954,
            "가치 총점":50.2224,
            "매매실거래년":"18000101",
            "매매실거래가":null,
            "전세실거래년":null,
            "전세실거래가":null,
            "전세가율":null,
            "장기전세가율평균":70.76,
            "전세가율거품지수":null,
            "검색코드":111720,
            "세대수":100.0,
            "준공년월":"2015-12-02",
            "준공년차":8.0,
            "가까운역이름":"간석",
            "가까운역거리":390.25,
            "역세권여부":"역세권",
            "30분이내주요거점역":0,
            "30분거점역이름":"[]",
            "1시간이내주요거점역":5,
            "1시간거점역이름":"['여의도', '송도', '가산디지털단지', '홍대입구', '구로디지털단지']",
            "3km이내백화점수":1,
            "5km이내아울렛몰수":0,
            "1km이내대형먀트수":1,
            "500m이내은행수":1,
            "500m이내병원수":0,
            "5km이내대형병원수":8,
            "500m이내공원수":1,
            "3km이내혐오시설수":0,
            "초등학교학업성취도":90.0,
            "중학교학업성취도":78.2,
            "용적률":884,
            "건폐율":74,
            "Y":37.463272,
            "X":126.690163,
            "rank":11.0,
            "area_info":"9평(31.2), 9평(31.0), 10평(33.51), 11평(37.73), 12평(42.33), 12평(42.93), 13평(43.47), 14평(47.04), 15평(49.69), 24평(81.86)",
            "last_sales":"1800-01-01,nan,9평(31.2)",
            "rank_history":[
                [
                    "202202",
                    11
                ],
                [
                    "202201",
                    11
                ]
            ],
            "rank_gap":0
        },
        {
            "index":323,
            "아파트명":"로얄",
            "투자타입":"재건축",
            "전용면적(m2)":"83.3",
            "전용면적(평)":"25평",
            "법정동주소":"인천시 미추홀구 주안동 882-1",
            "도로명주소":"인천시 미추홀구 주안로 187",
            "세대수":0,
            "입주년차":"--",
            "용적률점수":20,
            "건폐율점수":20,
            "세대당주차수":"--",
            "난방방식":"--",
            "공급면적":70,
            "전용률":100,
            "욕실수":"--",
            "현관타입":"--",
            "주거총점":20.5,
            "지역구공급총점":0.0,
            "역세권":80,
            "30분내 이동가능 거점":0,
            "1시간내 이동가능 거점":50,
            "교통총점":50.0,
            "백화점":100,
            "아울렛몰":0,
            "대형마트":80,
            "은행":0,
            "병원":0,
            "종합병원":100,
            "공원":80,
            "혐오시설":0,
            "인프라총점":64.4,
            "초등학군":90.0,
            "중학군":47.52,
            "학군총점":56.016,
            "인구수":44.13,
            "인구증감":8.1,
            "인구총점":33.321,
            "일자리":19.14,
            "소득수준":48.52,
            "일자리총점":27.954,
            "가치 총점":49.3224,
            "매매실거래년":20210904.0,
            "매매실거래가":24000.0,
            "전세실거래년":null,
            "전세실거래가":null,
            "전세가율":null,
            "장기전세가율평균":70.76,
            "전세가율거품지수":null,
            "검색코드":11146,
            "세대수":146.0,
            "준공년월":"1978-11-24",
            "준공년차":45.0,
            "가까운역이름":"간석",
            "가까운역거리":308.5,
            "역세권여부":"역세권",
            "30분이내주요거점역":0,
            "30분거점역이름":"[]",
            "1시간이내주요거점역":5,
            "1시간거점역이름":"['여의도', '송도', '가산디지털단지', '홍대입구', '구로디지털단지']",
            "3km이내백화점수":1,
            "5km이내아울렛몰수":0,
            "1km이내대형먀트수":1,
            "500m이내은행수":1,
            "500m이내병원수":0,
            "5km이내대형병원수":7,
            "500m이내공원수":1,
            "3km이내혐오시설수":0,
            "초등학교학업성취도":90.0,
            "중학교학업성취도":78.2,
            "용적률":212,
            "건폐율":44,
            "Y":37.463919,
            "X":126.690841,
            "rank":12.0,
            "area_info":"25평(83.3), 25평(84.69), 26평(88.3)",
            "last_sales":"2021-09-04,24000.0,26평(88.3)",
            "rank_history":[
                [
                    "202202",
                    12
                ],
                [
                    "202201",
                    12
                ]
            ],
            "rank_gap":0
        },
        {
            "index":365,
            "아파트명":"미도",
            "투자타입":"재건축",
            "전용면적(m2)":"48.52",
            "전용면적(평)":"14평",
            "법정동주소":"인천시 미추홀구 주안동 18-2",
            "도로명주소":"인천시 미추홀구 주염로 34",
            "세대수":0,
            "입주년차":"--",
            "용적률점수":100,
            "건폐율점수":80,
            "세대당주차수":"--",
            "난방방식":"--",
            "공급면적":50,
            "전용률":80,
            "욕실수":"--",
            "현관타입":"--",
            "주거총점":62.5,
            "지역구공급총점":0.0,
            "역세권":80,
            "30분내 이동가능 거점":0,
            "1시간내 이동가능 거점":60,
            "교통총점":52.0,
            "백화점":0,
            "아울렛몰":0,
            "대형마트":80,
            "은행":20,
            "병원":0,
            "종합병원":100,
            "공원":0,
            "혐오시설":0,
            "인프라총점":34.0,
            "초등학군":89.99,
            "중학군":47.52,
            "학군총점":56.014,
            "인구수":44.13,
            "인구증감":8.1,
            "인구총점":33.321,
            "일자리":19.14,
            "소득수준":48.52,
            "일자리총점":27.954,
            "가치 총점":49.3021,
            "매매실거래년":20220105.0,
            "매매실거래가":18500.0,
            "전세실거래년":20200710.0,
            "전세실거래가":6000.0,
            "전세가율":50.0,
            "장기전세가율평균":70.76,
            "전세가율거품지수":20.76,
            "검색코드":9667,
            "세대수":170.0,
            "준공년월":"1984-05-09",
            "준공년차":39.0,
            "가까운역이름":"주안",
            "가까운역거리":486.59,
            "역세권여부":"역세권",
            "30분이내주요거점역":0,
            "30분거점역이름":"[]",
            "1시간이내주요거점역":6,
            "1시간거점역이름":"['여의도', '송도', '가산디지털단지', '홍대입구', '구로디지털단지', '마곡']",
            "3km이내백화점수":0,
            "5km이내아울렛몰수":0,
            "1km이내대형먀트수":1,
            "500m이내은행수":2,
            "500m이내병원수":0,
            "5km이내대형병원수":10,
            "500m이내공원수":0,
            "3km이내혐오시설수":0,
            "초등학교학업성취도":89.99,
            "중학교학업성취도":78.2,
            "용적률":136,
            "건폐율":27,
            "Y":37.468793,
            "X":126.682539,
            "rank":13.0,
            "area_info":"14평(48.52), 17평(57.7), 23평(79.12)",
            "last_sales":"2022-01-05,18500.0,23평(79.12)",
            "rank_history":[
                [
                    "202202",
                    13
                ],
                [
                    "202201",
                    13
                ]
            ],
            "rank_gap":0
        },
        {
            "index":262,
            "아파트명":"진달래",
            "투자타입":"재건축",
            "전용면적(m2)":"43.53",
            "전용면적(평)":"13평",
            "법정동주소":"인천시 미추홀구 용현동 568-2",
            "도로명주소":"인천시 미추홀구 낙섬중로 113",
            "세대수":0,
            "입주년차":"--",
            "용적률점수":100,
            "건폐율점수":80,
            "세대당주차수":"--",
            "난방방식":"--",
            "공급면적":50,
            "전용률":60,
            "욕실수":"--",
            "현관타입":"--",
            "주거총점":61.5,
            "지역구공급총점":0.0,
            "역세권":80,
            "30분내 이동가능 거점":20,
            "1시간내 이동가능 거점":20,
            "교통총점":50.0,
            "백화점":0,
            "아울렛몰":0,
            "대형마트":80,
            "은행":0,
            "병원":0,
            "종합병원":100,
            "공원":80,
            "혐오시설":0,
            "인프라총점":34.4,
            "초등학군":90.0,
            "중학군":48.96,
            "학군총점":57.168,
            "인구수":44.13,
            "인구증감":8.1,
            "인구총점":33.321,
            "일자리":19.14,
            "소득수준":48.52,
            "일자리총점":27.954,
            "가치 총점":48.6952,
            "매매실거래년":20210830.0,
            "매매실거래가":7600.0,
            "전세실거래년":20210519.0,
            "전세실거래가":2800.0,
            "전세가율":36.84,
            "장기전세가율평균":70.76,
            "전세가율거품지수":33.92,
            "검색코드":11751,
            "세대수":130.0,
            "준공년월":"1981-05-29",
            "준공년차":42.0,
            "가까운역이름":"숭의",
            "가까운역거리":487.82,
            "역세권여부":"역세권",
            "30분이내주요거점역":1,
            "30분거점역이름":"['송도']",
            "1시간이내주요거점역":2,
            "1시간거점역이름":"['송도', '안산']",
            "3km이내백화점수":0,
            "5km이내아울렛몰수":0,
            "1km이내대형먀트수":1,
            "500m이내은행수":0,
            "500m이내병원수":0,
            "5km이내대형병원수":7,
            "500m이내공원수":1,
            "3km이내혐오시설수":0,
            "초등학교학업성취도":90.0,
            "중학교학업성취도":80.8,
            "용적률":126,
            "건폐율":26,
            "Y":37.457318,
            "X":126.641677,
            "rank":14.0,
            "area_info":"13평(43.53), 14평(49.39), 21평(70.3)",
            "last_sales":"2021-08-30,7600.0,13평(43.53)",
            "rank_history":[
                [
                    "202202",
                    14
                ],
                [
                    "202201",
                    14
                ]
            ],
            "rank_gap":0
        },
        {
            "index":1,
            "아파트명":"동아",
            "투자타입":"재건축",
            "전용면적(m2)":"126.42",
            "전용면적(평)":"38평",
            "법정동주소":"인천시 미추홀구 관교동 13-3",
            "도로명주소":"인천시 미추홀구 인하로430번길 15",
            "세대수":30,
            "입주년차":"--",
            "용적률점수":0,
            "건폐율점수":100,
            "세대당주차수":"--",
            "난방방식":"--",
            "공급면적":100,
            "전용률":80,
            "욕실수":"--",
            "현관타입":"--",
            "주거총점":38.0,
            "지역구공급총점":0.0,
            "역세권":50,
            "30분내 이동가능 거점":0,
            "1시간내 이동가능 거점":40,
            "교통총점":33.0,
            "백화점":100,
            "아울렛몰":0,
            "대형마트":100,
            "은행":0,
            "병원":0,
            "종합병원":100,
            "공원":100,
            "혐오시설":0,
            "인프라총점":68.0,
            "초등학군":89.98,
            "중학군":51.2,
            "학군총점":58.956,
            "인구수":44.13,
            "인구증감":8.1,
            "인구총점":33.321,
            "일자리":19.14,
            "소득수준":48.52,
            "일자리총점":27.954,
            "가치 총점":48.3934,
            "매매실거래년":20211008.0,
            "매매실거래가":46800.0,
            "전세실거래년":20211108.0,
            "전세실거래가":40000.0,
            "전세가율":81.63,
            "장기전세가율평균":70.76,
            "전세가율거품지수":-10.87,
            "검색코드":2268,
            "세대수":390.0,
            "준공년월":"1990-10-12",
            "준공년차":33.0,
            "가까운역이름":"인천터미널",
            "가까운역거리":505.21,
            "역세권여부":"준역세권",
            "30분이내주요거점역":0,
            "30분거점역이름":"[]",
            "1시간이내주요거점역":4,
            "1시간거점역이름":"['송도', '가산디지털단지', '구로디지털단지', '안산']",
            "3km이내백화점수":1,
            "5km이내아울렛몰수":0,
            "1km이내대형먀트수":2,
            "500m이내은행수":0,
            "500m이내병원수":0,
            "5km이내대형병원수":5,
            "500m이내공원수":2,
            "3km이내혐오시설수":0,
            "초등학교학업성취도":89.98,
            "중학교학업성취도":84.4,
            "용적률":251,
            "건폐율":18,
            "Y":37.44439,
            "X":126.694572,
            "rank":15.0,
            "area_info":"38평(126.42), 45평(151.76), 56평(186.94)",
            "last_sales":"2021-10-08,46800.0,45평(151.76)",
            "rank_history":[
                [
                    "202202",
                    15
                ],
                [
                    "202201",
                    19
                ]
            ],
            "rank_gap":4
        },
        {
            "index":276,
            "아파트명":"가람",
            "투자타입":"재건축",
            "전용면적(m2)":"50.34",
            "전용면적(평)":"15평",
            "법정동주소":"인천시 미추홀구 주안동 33-1",
            "도로명주소":"인천시 미추홀구 염창로 114-9",
            "세대수":0,
            "입주년차":"--",
            "용적률점수":80,
            "건폐율점수":40,
            "세대당주차수":"--",
            "난방방식":"--",
            "공급면적":50,
            "전용률":60,
            "욕실수":"--",
            "현관타입":"--",
            "주거총점":45.5,
            "지역구공급총점":0.0,
            "역세권":50,
            "30분내 이동가능 거점":0,
            "1시간내 이동가능 거점":50,
            "교통총점":35.0,
            "백화점":100,
            "아울렛몰":0,
            "대형마트":80,
            "은행":0,
            "병원":0,
            "종합병원":100,
            "공원":0,
            "혐오시설":0,
            "인프라총점":62.0,
            "초등학군":90.0,
            "중학군":47.52,
            "학군총점":56.016,
            "인구수":44.13,
            "인구증감":8.1,
            "인구총점":33.321,
            "일자리":19.14,
            "소득수준":48.52,
            "일자리총점":27.954,
            "가치 총점":48.3524,
            "매매실거래년":20211216.0,
            "매매실거래가":14400.0,
            "전세실거래년":20210419.0,
            "전세실거래가":6000.0,
            "전세가율":53.57,
            "장기전세가율평균":70.76,
            "전세가율거품지수":17.19,
            "검색코드":10410,
            "세대수":119.0,
            "준공년월":"1988-05-10",
            "준공년차":35.0,
            "가까운역이름":"간석",
            "가까운역거리":613.86,
            "역세권여부":"준역세권",
            "30분이내주요거점역":0,
            "30분거점역이름":"[]",
            "1시간이내주요거점역":5,
            "1시간거점역이름":"['여의도', '송도', '가산디지털단지', '홍대입구', '구로디지털단지']",
            "3km이내백화점수":1,
            "5km이내아울렛몰수":0,
            "1km이내대형먀트수":1,
            "500m이내은행수":0,
            "500m이내병원수":0,
            "5km이내대형병원수":9,
            "500m이내공원수":0,
            "3km이내혐오시설수":0,
            "초등학교학업성취도":90.0,
            "중학교학업성취도":78.2,
            "용적률":158,
            "건폐율":35,
            "Y":37.464841,
            "X":126.687227,
            "rank":16.0,
            "area_info":"15평(50.34), 17평(57.34)",
            "last_sales":"2021-12-16,14400.0,17평(57.34)",
            "rank_history":[
                [
                    "202202",
                    16
                ],
                [
                    "202201",
                    17
                ]
            ],
            "rank_gap":1
        },
        {
            "index":472,
            "아파트명":"현대",
            "투자타입":"재건축",
            "전용면적(m2)":"87.06",
            "전용면적(평)":"26평",
            "법정동주소":"인천시 미추홀구 주안동 80",
            "도로명주소":"인천시 미추홀구 경인로 395",
            "세대수":30,
            "입주년차":"--",
            "용적률점수":0,
            "건폐율점수":40,
            "세대당주차수":"--",
            "난방방식":"--",
            "공급면적":70,
            "전용률":60,
            "욕실수":"--",
            "현관타입":"--",
            "주거총점":23.5,
            "지역구공급총점":0.0,
            "역세권":80,
            "30분내 이동가능 거점":0,
            "1시간내 이동가능 거점":60,
            "교통총점":52.0,
            "백화점":100,
            "아울렛몰":0,
            "대형마트":0,
            "은행":70,
            "병원":0,
            "종합병원":100,
            "공원":0,
            "혐오시설":0,
            "인프라총점":57.0,
            "초등학군":90.0,
            "중학군":44.96,
            "학군총점":53.968,
            "인구수":44.13,
            "인구증감":8.1,
            "인구총점":33.321,
            "일자리":19.14,
            "소득수준":48.52,
            "일자리총점":27.954,
            "가치 총점":48.0952,
            "매매실거래년":20211204.0,
            "매매실거래가":35600.0,
            "전세실거래년":20211218.0,
            "전세실거래가":16800.0,
            "전세가율":47.19,
            "장기전세가율평균":70.76,
            "전세가율거품지수":23.57,
            "검색코드":11522,
            "세대수":338.0,
            "준공년월":"1985-12-04",
            "준공년차":38.0,
            "가까운역이름":"시민공원",
            "가까운역거리":257.8,
            "역세권여부":"역세권",
            "30분이내주요거점역":0,
            "30분거점역이름":"[]",
            "1시간이내주요거점역":6,
            "1시간거점역이름":"['여의도', '송도', '가산디지털단지', '홍대입구', '구로디지털단지', '마곡']",
            "3km이내백화점수":1,
            "5km이내아울렛몰수":0,
            "1km이내대형먀트수":0,
            "500m이내은행수":4,
            "500m이내병원수":0,
            "5km이내대형병원수":9,
            "500m이내공원수":0,
            "3km이내혐오시설수":0,
            "초등학교학업성취도":90.0,
            "중학교학업성취도":74.4,
            "용적률":230,
            "건폐율":35,
            "Y":37.459282,
            "X":126.683858,
            "rank":17.0,
            "area_info":"26평(87.06), 34평(113.51), 46평(152.92)",
            "last_sales":"2021-12-04,35600.0,26평(87.06)",
            "rank_history":[
                [
                    "202202",
                    17
                ],
                [
                    "202201",
                    15
                ]
            ],
            "rank_gap":-2
        },
        {
            "index":254,
            "아파트명":"인천용현엑슬루타워",
            "투자타입":"일반",
            "전용면적(m2)":"83.3",
            "전용면적(평)":"25평",
            "법정동주소":"인천시 미추홀구 용현동 659",
            "도로명주소":"인천시 미추홀구 아암대로29번길 16",
            "세대수":50,
            "입주년차":60,
            "용적률점수":"--",
            "건폐율점수":"--",
            "세대당주차수":80,
            "난방방식":100,
            "공급면적":"--",
            "전용률":"--",
            "욕실수":100,
            "현관타입":100,
            "주거총점":71.5,
            "지역구공급총점":0.0,
            "역세권":80,
            "30분내 이동가능 거점":20,
            "1시간내 이동가능 거점":20,
            "교통총점":50.0,
            "백화점":0,
            "아울렛몰":0,
            "대형마트":0,
            "은행":20,
            "병원":0,
            "종합병원":100,
            "공원":100,
            "혐오시설":0,
            "인프라총점":25.0,
            "초등학군":90.0,
            "중학군":48.96,
            "학군총점":57.168,
            "인구수":44.13,
            "인구증감":8.1,
            "인구총점":33.321,
            "일자리":19.14,
            "소득수준":48.52,
            "일자리총점":27.954,
            "가치 총점":47.8752,
            "매매실거래년":20211004.0,
            "매매실거래가":60000.0,
            "전세실거래년":20220113.0,
            "전세실거래가":24000.0,
            "전세가율":64.86,
            "장기전세가율평균":70.76,
            "전세가율거품지수":5.9,
            "검색코드":100510,
            "세대수":630.0,
            "준공년월":"2011-09-28",
            "준공년차":12.0,
            "가까운역이름":"숭의",
            "가까운역거리":379.44,
            "역세권여부":"역세권",
            "30분이내주요거점역":1,
            "30분거점역이름":"['송도']",
            "1시간이내주요거점역":2,
            "1시간거점역이름":"['송도', '안산']",
            "3km이내백화점수":0,
            "5km이내아울렛몰수":0,
            "1km이내대형먀트수":0,
            "500m이내은행수":2,
            "500m이내병원수":0,
            "5km이내대형병원수":6,
            "500m이내공원수":2,
            "3km이내혐오시설수":0,
            "초등학교학업성취도":90.0,
            "중학교학업성취도":80.8,
            "용적률":501,
            "건폐율":18,
            "Y":37.457424,
            "X":126.637583,
            "rank":18.0,
            "area_info":"25평(83.3), 25평(84.67), 33평(112.23), 36평(122.1), 41평(136.48), 43평(143.03), 48평(161.92), 52평(173.68)",
            "last_sales":"2021-10-04,60000.0,48평(161.92)",
            "rank_history":[
                [
                    "202202",
                    18
                ],
                [
                    "202201",
                    16
                ]
            ],
            "rank_gap":-2
        },
        {
            "index":469,
            "아파트명":"현광고층",
            "투자타입":"일반",
            "전용면적(m2)":"80.73",
            "전용면적(평)":"24평",
            "법정동주소":"인천시 미추홀구 주안동 32-1",
            "도로명주소":"인천시 미추홀구 염창로 94",
            "세대수":0,
            "입주년차":0,
            "용적률점수":"--",
            "건폐율점수":"--",
            "세대당주차수":0,
            "난방방식":30,
            "공급면적":"--",
            "전용률":"--",
            "욕실수":50,
            "현관타입":10,
            "주거총점":9.0,
            "지역구공급총점":0.0,
            "역세권":80,
            "30분내 이동가능 거점":0,
            "1시간내 이동가능 거점":60,
            "교통총점":52.0,
            "백화점":100,
            "아울렛몰":0,
            "대형마트":80,
            "은행":0,
            "병원":0,
            "종합병원":100,
            "공원":0,
            "혐오시설":0,
            "인프라총점":62.0,
            "초등학군":90.0,
            "중학군":47.52,
            "학군총점":56.016,
            "인구수":44.13,
            "인구증감":8.1,
            "인구총점":33.321,
            "일자리":19.14,
            "소득수준":48.52,
            "일자리총점":27.954,
            "가치 총점":47.0024,
            "매매실거래년":20211214.0,
            "매매실거래가":13500.0,
            "전세실거래년":20220115.0,
            "전세실거래가":17850.0,
            "전세가율":132.22,
            "장기전세가율평균":70.76,
            "전세가율거품지수":-61.46,
            "검색코드":10411,
            "세대수":273.0,
            "준공년월":"1995-10-30",
            "준공년차":28.0,
            "가까운역이름":"주안",
            "가까운역거리":393.76,
            "역세권여부":"역세권",
            "30분이내주요거점역":0,
            "30분거점역이름":"[]",
            "1시간이내주요거점역":6,
            "1시간거점역이름":"['여의도', '송도', '가산디지털단지', '홍대입구', '구로디지털단지', '마곡']",
            "3km이내백화점수":1,
            "5km이내아울렛몰수":0,
            "1km이내대형먀트수":1,
            "500m이내은행수":1,
            "500m이내병원수":0,
            "5km이내대형병원수":9,
            "500m이내공원수":0,
            "3km이내혐오시설수":0,
            "초등학교학업성취도":90.0,
            "중학교학업성취도":78.2,
            "용적률":0,
            "건폐율":0,
            "Y":37.465145,
            "X":126.684377,
            "rank":19.0,
            "area_info":"24평(80.73), 25평(85.1), 29평(98.59)",
            "last_sales":"2021-12-14,13500.0,24평(80.73)",
            "rank_history":[
                [
                    "202202",
                    19
                ],
                [
                    "202201",
                    20
                ]
            ],
            "rank_gap":1
        },
        {
            "index":326,
            "아파트명":"롯데하이텔",
            "투자타입":"일반",
            "전용면적(m2)":"32.49",
            "전용면적(평)":"9평",
            "법정동주소":"인천시 미추홀구 주안동 204-2",
            "도로명주소":"인천시 미추홀구 미추홀대로697번길 22",
            "세대수":0,
            "입주년차":20,
            "용적률점수":"--",
            "건폐율점수":"--",
            "세대당주차수":0,
            "난방방식":30,
            "공급면적":"--",
            "전용률":"--",
            "욕실수":50,
            "현관타입":10,
            "주거총점":13.0,
            "지역구공급총점":0.0,
            "역세권":80,
            "30분내 이동가능 거점":0,
            "1시간내 이동가능 거점":60,
            "교통총점":52.0,
            "백화점":100,
            "아울렛몰":0,
            "대형마트":0,
            "은행":70,
            "병원":0,
            "종합병원":100,
            "공원":80,
            "혐오시설":0,
            "인프라총점":59.4,
            "초등학군":90.01,
            "중학군":44.96,
            "학군총점":53.97,
            "인구수":44.13,
            "인구증감":8.1,
            "인구총점":33.321,
            "일자리":19.14,
            "소득수준":48.52,
            "일자리총점":27.954,
            "가치 총점":46.7155,
            "매매실거래년":20210802.0,
            "매매실거래가":5500.0,
            "전세실거래년":20160919.0,
            "전세실거래가":5000.0,
            "전세가율":90.91,
            "장기전세가율평균":70.76,
            "전세가율거품지수":-20.15,
            "검색코드":13236,
            "세대수":165.0,
            "준공년월":"1999-09-11",
            "준공년차":24.0,
            "가까운역이름":"시민공원",
            "가까운역거리":294.91,
            "역세권여부":"역세권",
            "30분이내주요거점역":0,
            "30분거점역이름":"[]",
            "1시간이내주요거점역":6,
            "1시간거점역이름":"['여의도', '송도', '가산디지털단지', '홍대입구', '구로디지털단지', '마곡']",
            "3km이내백화점수":1,
            "5km이내아울렛몰수":0,
            "1km이내대형먀트수":0,
            "500m이내은행수":3,
            "500m이내병원수":0,
            "5km이내대형병원수":9,
            "500m이내공원수":1,
            "3km이내혐오시설수":0,
            "초등학교학업성취도":90.01,
            "중학교학업성취도":74.4,
            "용적률":489,
            "건폐율":69,
            "Y":37.459907,
            "X":126.678501,
            "rank":20.0,
            "area_info":"9평(32.49), 12평(40.61), 12평(41.77), 14평(48.74), 15평(52.22), 18평(62.66)",
            "last_sales":"2021-08-02,5500.0,9평(32.49)",
            "rank_history":[
                [
                    "202202",
                    20
                ],
                [
                    "202201",
                    18
                ]
            ],
            "rank_gap":-2
        },
        {
            "index":533,
            "아파트명":"엑슬루타워",
            "투자타입":"일반",
            "전용면적(m2)":"85.02",
            "전용면적(평)":"25평",
            "법정동주소":"인천시 미추홀구 학익동 732-3",
            "도로명주소":"인천시 미추홀구 매소홀로309번길 32",
            "세대수":80,
            "입주년차":60,
            "용적률점수":"--",
            "건폐율점수":"--",
            "세대당주차수":60,
            "난방방식":100,
            "공급면적":"--",
            "전용률":"--",
            "욕실수":100,
            "현관타입":100,
            "주거총점":79.0,
            "지역구공급총점":0.0,
            "역세권":50,
            "30분내 이동가능 거점":20,
            "1시간내 이동가능 거점":20,
            "교통총점":35.0,
            "백화점":0,
            "아울렛몰":0,
            "대형마트":80,
            "은행":0,
            "병원":0,
            "종합병원":100,
            "공원":100,
            "혐오시설":0,
            "인프라총점":35.0,
            "초등학군":90.01,
            "중학군":44.08,
            "학군총점":53.266,
            "인구수":44.13,
            "인구증감":8.1,
            "인구총점":33.321,
            "일자리":19.14,
            "소득수준":48.52,
            "일자리총점":27.954,
            "가치 총점":46.5399,
            "매매실거래년":20220120.0,
            "매매실거래가":47700.0,
            "전세실거래년":20220105.0,
            "전세실거래가":36000.0,
            "전세가율":75.47,
            "장기전세가율평균":70.76,
            "전세가율거품지수":-4.71,
            "검색코드":26412,
            "세대수":707.0,
            "준공년월":"2010-09-13",
            "준공년차":13.0,
            "가까운역이름":"인하대",
            "가까운역거리":913.12,
            "역세권여부":"준역세권",
            "30분이내주요거점역":1,
            "30분거점역이름":"['송도']",
            "1시간이내주요거점역":2,
            "1시간거점역이름":"['송도', '안산']",
            "3km이내백화점수":0,
            "5km이내아울렛몰수":0,
            "1km이내대형먀트수":1,
            "500m이내은행수":0,
            "500m이내병원수":0,
            "5km이내대형병원수":8,
            "500m이내공원수":3,
            "3km이내혐오시설수":0,
            "초등학교학업성취도":90.01,
            "중학교학업성취도":71.4,
            "용적률":249,
            "건폐율":9,
            "Y":37.444016,
            "X":126.65829,
            "rank":21.0,
            "area_info":"25평(85.02), 39평(129.24), 39평(129.06), 40평(134.41), 45평(150.2), 49평(162.68), 50평(165.33), 55평(182.41), 62평(205.03), 77평(256.75), 84평(280.01), 91평(302.37)",
            "last_sales":"2022-01-20,47700.0,25평(85.02)",
            "rank_history":[
                [
                    "202202",
                    21
                ],
                [
                    "202201",
                    24
                ]
            ],
            "rank_gap":3
        },
        {
            "index":315,
            "아파트명":"동인",
            "투자타입":"재건축",
            "전용면적(m2)":"48.51",
            "전용면적(평)":"14평",
            "법정동주소":"인천시 미추홀구 주안동 31-1",
            "도로명주소":"인천시 미추홀구 염창로 72",
            "세대수":0,
            "입주년차":"--",
            "용적률점수":80,
            "건폐율점수":40,
            "세대당주차수":"--",
            "난방방식":"--",
            "공급면적":50,
            "전용률":100,
            "욕실수":"--",
            "현관타입":"--",
            "주거총점":47.5,
            "지역구공급총점":0.0,
            "역세권":80,
            "30분내 이동가능 거점":0,
            "1시간내 이동가능 거점":60,
            "교통총점":52.0,
            "백화점":0,
            "아울렛몰":0,
            "대형마트":80,
            "은행":20,
            "병원":0,
            "종합병원":100,
            "공원":0,
            "혐오시설":0,
            "인프라총점":34.0,
            "초등학군":89.99,
            "중학군":47.52,
            "학군총점":56.014,
            "인구수":44.13,
            "인구증감":8.1,
            "인구총점":33.321,
            "일자리":19.14,
            "소득수준":48.52,
            "일자리총점":27.954,
            "가치 총점":46.3021,
            "매매실거래년":20211006.0,
            "매매실거래가":10000.0,
            "전세실거래년":20210517.0,
            "전세실거래가":10000.0,
            "전세가율":69.93,
            "장기전세가율평균":70.76,
            "전세가율거품지수":0.83,
            "검색코드":10475,
            "세대수":140.0,
            "준공년월":"1978-12-06",
            "준공년차":45.0,
            "가까운역이름":"주안",
            "가까운역거리":207.88,
            "역세권여부":"역세권",
            "30분이내주요거점역":0,
            "30분거점역이름":"[]",
            "1시간이내주요거점역":6,
            "1시간거점역이름":"['여의도', '송도', '가산디지털단지', '홍대입구', '구로디지털단지', '마곡']",
            "3km이내백화점수":0,
            "5km이내아울렛몰수":0,
            "1km이내대형먀트수":1,
            "500m이내은행수":2,
            "500m이내병원수":0,
            "5km이내대형병원수":9,
            "500m이내공원수":0,
            "3km이내혐오시설수":0,
            "초등학교학업성취도":89.99,
            "중학교학업성취도":78.2,
            "용적률":176,
            "건폐율":37,
            "Y":37.465481,
            "X":126.682178,
            "rank":22.0,
            "area_info":"14평(48.51), 15평(50.38), 22평(73.44), 23평(76.96)",
            "last_sales":"2021-10-06,10000.0,15평(50.38)",
            "rank_history":[
                [
                    "202202",
                    22
                ],
                [
                    "202201",
                    21
                ]
            ],
            "rank_gap":-1
        },
        {
            "index":207,
            "아파트명":"용현대우",
            "투자타입":"일반",
            "전용면적(m2)":"97.78",
            "전용면적(평)":"29평",
            "법정동주소":"인천시 미추홀구 용현동 573-2",
            "도로명주소":"인천시 미추홀구 아암대로29번길 13",
            "세대수":50,
            "입주년차":20,
            "용적률점수":"--",
            "건폐율점수":"--",
            "세대당주차수":30,
            "난방방식":30,
            "공급면적":"--",
            "전용률":"--",
            "욕실수":100,
            "현관타입":100,
            "주거총점":49.0,
            "지역구공급총점":0.0,
            "역세권":80,
            "30분내 이동가능 거점":20,
            "1시간내 이동가능 거점":20,
            "교통총점":50.0,
            "백화점":0,
            "아울렛몰":0,
            "대형마트":80,
            "은행":0,
            "병원":0,
            "종합병원":100,
            "공원":80,
            "혐오시설":0,
            "인프라총점":34.4,
            "초등학군":90.0,
            "중학군":48.96,
            "학군총점":57.168,
            "인구수":44.13,
            "인구증감":8.1,
            "인구총점":33.321,
            "일자리":19.14,
            "소득수준":48.52,
            "일자리총점":27.954,
            "가치 총점":46.1952,
            "매매실거래년":20211012.0,
            "매매실거래가":29000.0,
            "전세실거래년":20210412.0,
            "전세실거래가":19500.0,
            "전세가율":67.24,
            "장기전세가율평균":70.76,
            "전세가율거품지수":3.52,
            "검색코드":3729,
            "세대수":616.0,
            "준공년월":"2001-06-25",
            "준공년차":22.0,
            "가까운역이름":"숭의",
            "가까운역거리":220.22,
            "역세권여부":"역세권",
            "30분이내주요거점역":1,
            "30분거점역이름":"['송도']",
            "1시간이내주요거점역":2,
            "1시간거점역이름":"['송도', '안산']",
            "3km이내백화점수":0,
            "5km이내아울렛몰수":0,
            "1km이내대형먀트수":1,
            "500m이내은행수":1,
            "500m이내병원수":0,
            "5km이내대형병원수":7,
            "500m이내공원수":1,
            "3km이내혐오시설수":0,
            "초등학교학업성취도":90.0,
            "중학교학업성취도":80.8,
            "용적률":330,
            "건폐율":22,
            "Y":37.458825,
            "X":126.637976,
            "rank":23.0,
            "area_info":"29평(97.78), 32평(108.29), 33평(110.93)",
            "last_sales":"2021-10-12,29000.0,29평(97.78)",
            "rank_history":[
                [
                    "202202",
                    23
                ],
                [
                    "202201",
                    22
                ]
            ],
            "rank_gap":-1
        },
        {
            "index":427,
            "아파트명":"주안웰가(도시형)",
            "투자타입":"일반",
            "전용면적(m2)":"22.33",
            "전용면적(평)":"6평",
            "법정동주소":"인천시 미추홀구 주안동 115-1",
            "도로명주소":"인천시 미추홀구 주안로 142",
            "세대수":0,
            "입주년차":80,
            "용적률점수":"--",
            "건폐율점수":"--",
            "세대당주차수":0,
            "난방방식":30,
            "공급면적":"--",
            "전용률":"--",
            "욕실수":50,
            "현관타입":100,
            "주거총점":34.0,
            "지역구공급총점":0.0,
            "역세권":50,
            "30분내 이동가능 거점":0,
            "1시간내 이동가능 거점":50,
            "교통총점":35.0,
            "백화점":100,
            "아울렛몰":0,
            "대형마트":80,
            "은행":0,
            "병원":0,
            "종합병원":100,
            "공원":0,
            "혐오시설":0,
            "인프라총점":62.0,
            "초등학군":90.0,
            "중학군":47.52,
            "학군총점":56.016,
            "인구수":44.13,
            "인구증감":8.1,
            "인구총점":33.321,
            "일자리":19.14,
            "소득수준":48.52,
            "일자리총점":27.954,
            "가치 총점":46.0524,
            "매매실거래년":20211129.0,
            "매매실거래가":8500.0,
            "전세실거래년":20220122.0,
            "전세실거래가":8500.0,
            "전세가율":100.0,
            "장기전세가율평균":70.76,
            "전세가율거품지수":-29.24,
            "검색코드":105028,
            "세대수":280.0,
            "준공년월":"2014-02-04",
            "준공년차":9.0,
            "가까운역이름":"주안",
            "가까운역거리":508.73,
            "역세권여부":"준역세권",
            "30분이내주요거점역":0,
            "30분거점역이름":"[]",
            "1시간이내주요거점역":5,
            "1시간거점역이름":"['여의도', '송도', '가산디지털단지', '홍대입구', '구로디지털단지']",
            "3km이내백화점수":1,
            "5km이내아울렛몰수":0,
            "1km이내대형먀트수":1,
            "500m이내은행수":1,
            "500m이내병원수":0,
            "5km이내대형병원수":9,
            "500m이내공원수":0,
            "3km이내혐오시설수":0,
            "초등학교학업성취도":90.0,
            "중학교학업성취도":78.2,
            "용적률":755,
            "건폐율":68,
            "Y":37.463489,
            "X":126.685389,
            "rank":24.0,
            "area_info":"6평(22.33)",
            "last_sales":"2021-11-29,8500.0,6평(22.33)",
            "rank_history":[
                [
                    "202202",
                    24
                ],
                [
                    "202201",
                    23
                ]
            ],
            "rank_gap":-1
        },
        {
            "index":564,
            "아파트명":"장미",
            "투자타입":"재건축",
            "전용면적(m2)":"62.17",
            "전용면적(평)":"18평",
            "법정동주소":"인천시 미추홀구 학익동 413-1",
            "도로명주소":"인천시 미추홀구 소성로 72",
            "세대수":50,
            "입주년차":"--",
            "용적률점수":100,
            "건폐율점수":80,
            "세대당주차수":"--",
            "난방방식":"--",
            "공급면적":50,
            "전용률":60,
            "욕실수":"--",
            "현관타입":"--",
            "주거총점":76.5,
            "지역구공급총점":0.0,
            "역세권":50,
            "30분내 이동가능 거점":20,
            "1시간내 이동가능 거점":20,
            "교통총점":35.0,
            "백화점":0,
            "아울렛몰":0,
            "대형마트":80,
            "은행":0,
            "병원":0,
            "종합병원":100,
            "공원":100,
            "혐오시설":0,
            "인프라총점":35.0,
            "초등학군":90.01,
            "중학군":44.08,
            "학군총점":53.266,
            "인구수":44.13,
            "인구증감":8.1,
            "인구총점":33.321,
            "일자리":19.14,
            "소득수준":48.52,
            "일자리총점":27.954,
            "가치 총점":46.0399,
            "매매실거래년":20181027.0,
            "매매실거래가":23000.0,
            "전세실거래년":null,
            "전세실거래가":null,
            "전세가율":null,
            "장기전세가율평균":70.76,
            "전세가율거품지수":null,
            "검색코드":9509,
            "세대수":630.0,
            "준공년월":"1984-12-12",
            "준공년차":39.0,
            "가까운역이름":"인하대",
            "가까운역거리":752.26,
            "역세권여부":"준역세권",
            "30분이내주요거점역":1,
            "30분거점역이름":"['송도']",
            "1시간이내주요거점역":2,
            "1시간거점역이름":"['송도', '안산']",
            "3km이내백화점수":0,
            "5km이내아울렛몰수":0,
            "1km이내대형먀트수":1,
            "500m이내은행수":0,
            "500m이내병원수":0,
            "5km이내대형병원수":8,
            "500m이내공원수":2,
            "3km이내혐오시설수":0,
            "초등학교학업성취도":90.01,
            "중학교학업성취도":71.4,
            "용적률":135,
            "건폐율":28,
            "Y":37.445031,
            "X":126.65694,
            "rank":25.0,
            "area_info":"18평(62.17), 23평(78.33), 27평(90.81), 32평(106.41), 32평(106.41), 32평(106.36)",
            "last_sales":"2018-10-27,23000.0,32평(106.41)",
            "rank_history":[
                [
                    "202202",
                    25
                ],
                [
                    "202201",
                    28
                ]
            ],
            "rank_gap":3
        },
        {
            "index":51,
            "아파트명":"동원",
            "투자타입":"재건축",
            "전용면적(m2)":"61.86",
            "전용면적(평)":"18평",
            "법정동주소":"인천시 미추홀구 도화동 557-1",
            "도로명주소":"인천시 미추홀구 주안로 27",
            "세대수":30,
            "입주년차":"--",
            "용적률점수":100,
            "건폐율점수":80,
            "세대당주차수":"--",
            "난방방식":"--",
            "공급면적":50,
            "전용률":60,
            "욕실수":"--",
            "현관타입":"--",
            "주거총점":70.5,
            "지역구공급총점":0.0,
            "역세권":80,
            "30분내 이동가능 거점":0,
            "1시간내 이동가능 거점":40,
            "교통총점":48.0,
            "백화점":0,
            "아울렛몰":0,
            "대형마트":0,
            "은행":0,
            "병원":0,
            "종합병원":100,
            "공원":100,
            "혐오시설":0,
            "인프라총점":23.0,
            "초등학군":89.98,
            "중학군":42.72,
            "학군총점":52.172,
            "인구수":44.13,
            "인구증감":8.1,
            "인구총점":33.321,
            "일자리":19.14,
            "소득수준":48.52,
            "일자리총점":27.954,
            "가치 총점":45.6258,
            "매매실거래년":20220110.0,
            "매매실거래가":17900.0,
            "전세실거래년":20220120.0,
            "전세실거래가":11000.0,
            "전세가율":61.45,
            "장기전세가율평균":70.76,
            "전세가율거품지수":9.31,
            "검색코드":8940,
            "세대수":375.0,
            "준공년월":"1987-05-22",
            "준공년차":36.0,
            "가까운역이름":"도화",
            "가까운역거리":358.12,
            "역세권여부":"역세권",
            "30분이내주요거점역":0,
            "30분거점역이름":"[]",
            "1시간이내주요거점역":4,
            "1시간거점역이름":"['여의도', '송도', '가산디지털단지', '구로디지털단지']",
            "3km이내백화점수":0,
            "5km이내아울렛몰수":0,
            "1km이내대형먀트수":0,
            "500m이내은행수":0,
            "500m이내병원수":0,
            "5km이내대형병원수":9,
            "500m이내공원수":2,
            "3km이내혐오시설수":0,
            "초등학교학업성취도":89.98,
            "중학교학업성취도":70.0,
            "용적률":125,
            "건폐율":26,
            "Y":37.465102,
            "X":126.672542,
            "rank":26.0,
            "area_info":"18평(61.86)",
            "last_sales":"2022-01-10,17900.0,18평(61.86)",
            "rank_history":[
                [
                    "202202",
                    26
                ],
                [
                    "202201",
                    27
                ]
            ],
            "rank_gap":1
        },
        {
            "index":168,
            "아파트명":"동아(저층)",
            "투자타입":"재건축",
            "전용면적(m2)":"60.78",
            "전용면적(평)":"18평",
            "법정동주소":"인천시 미추홀구 용현동 610-113",
            "도로명주소":"인천시 미추홀구 용오로 82",
            "세대수":50,
            "입주년차":"--",
            "용적률점수":80,
            "건폐율점수":80,
            "세대당주차수":"--",
            "난방방식":"--",
            "공급면적":50,
            "전용률":60,
            "욕실수":"--",
            "현관타입":"--",
            "주거총점":68.5,
            "지역구공급총점":0.0,
            "역세권":50,
            "30분내 이동가능 거점":20,
            "1시간내 이동가능 거점":20,
            "교통총점":35.0,
            "백화점":0,
            "아울렛몰":0,
            "대형마트":80,
            "은행":0,
            "병원":0,
            "종합병원":100,
            "공원":100,
            "혐오시설":0,
            "인프라총점":35.0,
            "초등학군":90.0,
            "중학군":50.24,
            "학군총점":58.192,
            "인구수":44.13,
            "인구증감":8.1,
            "인구총점":33.321,
            "일자리":19.14,
            "소득수준":48.52,
            "일자리총점":27.954,
            "가치 총점":45.1788,
            "매매실거래년":20211211.0,
            "매매실거래가":22000.0,
            "전세실거래년":20210306.0,
            "전세실거래가":10000.0,
            "전세가율":62.5,
            "장기전세가율평균":70.76,
            "전세가율거품지수":8.26,
            "검색코드":8111,
            "세대수":492.0,
            "준공년월":"1989-08-19",
            "준공년차":34.0,
            "가까운역이름":"인하대",
            "가까운역거리":658.99,
            "역세권여부":"준역세권",
            "30분이내주요거점역":1,
            "30분거점역이름":"['송도']",
            "1시간이내주요거점역":2,
            "1시간거점역이름":"['송도', '안산']",
            "3km이내백화점수":0,
            "5km이내아울렛몰수":0,
            "1km이내대형먀트수":1,
            "500m이내은행수":1,
            "500m이내병원수":0,
            "5km이내대형병원수":6,
            "500m이내공원수":2,
            "3km이내혐오시설수":0,
            "초등학교학업성취도":90.0,
            "중학교학업성취도":83.2,
            "용적률":162,
            "건폐율":29,
            "Y":37.452681,
            "X":126.644337,
            "rank":27.0,
            "area_info":"18평(60.78), 18평(62.72), 20평(66.2), 21평(69.67), 22평(75.61)",
            "last_sales":"2021-12-11,22000.0,22평(75.61)",
            "rank_history":[
                [
                    "202202",
                    27
                ],
                [
                    "202201",
                    36
                ]
            ],
            "rank_gap":9
        },
        {
            "index":223,
            "아파트명":"용현자이크레스트",
            "투자타입":"일반",
            "전용면적(m2)":"82.42",
            "전용면적(평)":"24평",
            "법정동주소":"인천시 미추홀구 용현동 535-1번지 일원",
            "도로명주소":"인천시 미추홀구",
            "세대수":100,
            "입주년차":100,
            "용적률점수":"--",
            "건폐율점수":"--",
            "세대당주차수":30,
            "난방방식":100,
            "공급면적":"--",
            "전용률":"--",
            "욕실수":100,
            "현관타입":100,
            "주거총점":89.5,
            "지역구공급총점":0.0,
            "역세권":50,
            "30분내 이동가능 거점":0,
            "1시간내 이동가능 거점":0,
            "교통총점":25.0,
            "백화점":0,
            "아울렛몰":0,
            "대형마트":80,
            "은행":0,
            "병원":0,
            "종합병원":100,
            "공원":0,
            "혐오시설":0,
            "인프라총점":32.0,
            "초등학군":90.0,
            "중학군":50.24,
            "학군총점":58.192,
            "인구수":44.13,
            "인구증감":8.1,
            "인구총점":33.321,
            "일자리":19.14,
            "소득수준":48.52,
            "일자리총점":27.954,
            "가치 총점":44.9788,
            "매매실거래년":"18000101",
            "매매실거래가":null,
            "전세실거래년":null,
            "전세실거래가":null,
            "전세가율":null,
            "장기전세가율평균":70.76,
            "전세가율거품지수":null,
            "검색코드":142022,
            "세대수":2277.0,
            "준공년월":"2023-11-01",
            "준공년차":0.0,
            "가까운역이름":"인하대",
            "가까운역거리":814.44,
            "역세권여부":"준역세권",
            "30분이내주요거점역":0,
            "30분거점역이름":"[]",
            "1시간이내주요거점역":0,
            "1시간거점역이름":"[]",
            "3km이내백화점수":0,
            "5km이내아울렛몰수":0,
            "1km이내대형먀트수":1,
            "500m이내은행수":0,
            "500m이내병원수":0,
            "5km이내대형병원수":7,
            "500m이내공원수":0,
            "3km이내혐오시설수":0,
            "초등학교학업성취도":90.0,
            "중학교학업성취도":83.2,
            "용적률":260,
            "건폐율":15,
            "Y":37.455438,
            "X":126.646688,
            "rank":28.0,
            "area_info":"24평(82.42), 24평(82.61), 24평(82.58), 24평(82.42), 30평(102.44), 30평(102.43), 31평(102.73), 31평(102.62), 34평(114.88), 34평(115.3)",
            "last_sales":"1800-01-01,nan,24평(82.42)",
            "rank_history":[
                [
                    "202202",
                    0
                ],
                [
                    "202201",
                    9999
                ]
            ],
            "rank_gap":9999
        },
        {
            "index":603,
            "아파트명":"힐스테이트학익",
            "투자타입":"일반",
            "전용면적(m2)":"97.93",
            "전용면적(평)":"29평",
            "법정동주소":"인천시 미추홀구 학익동 744-1",
            "도로명주소":"인천시 미추홀구 독배로251번길 24",
            "세대수":50,
            "입주년차":100,
            "용적률점수":"--",
            "건폐율점수":"--",
            "세대당주차수":30,
            "난방방식":100,
            "공급면적":"--",
            "전용률":"--",
            "욕실수":100,
            "현관타입":100,
            "주거총점":72.0,
            "지역구공급총점":0.0,
            "역세권":50,
            "30분내 이동가능 거점":20,
            "1시간내 이동가능 거점":20,
            "교통총점":35.0,
            "백화점":0,
            "아울렛몰":0,
            "대형마트":80,
            "은행":0,
            "병원":0,
            "종합병원":100,
            "공원":0,
            "혐오시설":0,
            "인프라총점":32.0,
            "초등학군":89.99,
            "중학군":50.24,
            "학군총점":58.19,
            "인구수":44.13,
            "인구증감":8.1,
            "인구총점":33.321,
            "일자리":19.14,
            "소득수준":48.52,
            "일자리총점":27.954,
            "가치 총점":44.9785,
            "매매실거래년":20210512.0,
            "매매실거래가":59636.0,
            "전세실거래년":null,
            "전세실거래가":null,
            "전세가율":null,
            "장기전세가율평균":70.76,
            "전세가율거품지수":null,
            "검색코드":123141,
            "세대수":616.0,
            "준공년월":"2021-06-01",
            "준공년차":2.0,
            "가까운역이름":"인하대",
            "가까운역거리":519.58,
            "역세권여부":"준역세권",
            "30분이내주요거점역":1,
            "30분거점역이름":"['송도']",
            "1시간이내주요거점역":2,
            "1시간거점역이름":"['송도', '안산']",
            "3km이내백화점수":0,
            "5km이내아울렛몰수":0,
            "1km이내대형먀트수":1,
            "500m이내은행수":0,
            "500m이내병원수":0,
            "5km이내대형병원수":7,
            "500m이내공원수":0,
            "3km이내혐오시설수":0,
            "초등학교학업성취도":89.99,
            "중학교학업성취도":83.2,
            "용적률":249,
            "건폐율":9,
            "Y":37.443941,
            "X":126.64829,
            "rank":29.0,
            "area_info":"29평(97.93), 29평(98.65), 34평(112.7)",
            "last_sales":"2021-05-12,59636.0,29평(97.93)",
            "rank_history":[
                [
                    "202202",
                    29
                ],
                [
                    "202201",
                    26
                ]
            ],
            "rank_gap":-3
        },
        {
            "index":413,
            "아파트명":"주안역센트레빌",
            "투자타입":"일반",
            "전용면적(m2)":"71.9",
            "전용면적(평)":"21평",
            "법정동주소":"인천시 미추홀구 주안동 19-2",
            "도로명주소":"인천시 미추홀구 염전로 414",
            "세대수":90,
            "입주년차":100,
            "용적률점수":"--",
            "건폐율점수":"--",
            "세대당주차수":0,
            "난방방식":30,
            "공급면적":"--",
            "전용률":"--",
            "욕실수":50,
            "현관타입":100,
            "주거총점":69.5,
            "지역구공급총점":0.0,
            "역세권":50,
            "30분내 이동가능 거점":0,
            "1시간내 이동가능 거점":50,
            "교통총점":35.0,
            "백화점":0,
            "아울렛몰":0,
            "대형마트":80,
            "은행":20,
            "병원":0,
            "종합병원":100,
            "공원":0,
            "혐오시설":0,
            "인프라총점":34.0,
            "초등학군":90.0,
            "중학군":47.52,
            "학군총점":56.016,
            "인구수":44.13,
            "인구증감":8.1,
            "인구총점":33.321,
            "일자리":19.14,
            "소득수준":48.52,
            "일자리총점":27.954,
            "가치 총점":44.7524,
            "매매실거래년":20210727.0,
            "매매실거래가":47500.0,
            "전세실거래년":null,
            "전세실거래가":null,
            "전세가율":null,
            "장기전세가율평균":70.76,
            "전세가율거품지수":null,
            "검색코드":123319,
            "세대수":1458.0,
            "준공년월":"2021-07-01",
            "준공년차":2.0,
            "가까운역이름":"주안",
            "가까운역거리":594.27,
            "역세권여부":"준역세권",
            "30분이내주요거점역":0,
            "30분거점역이름":"[]",
            "1시간이내주요거점역":5,
            "1시간거점역이름":"['여의도', '송도', '가산디지털단지', '홍대입구', '구로디지털단지']",
            "3km이내백화점수":0,
            "5km이내아울렛몰수":0,
            "1km이내대형먀트수":1,
            "500m이내은행수":2,
            "500m이내병원수":0,
            "5km이내대형병원수":10,
            "500m이내공원수":0,
            "3km이내혐오시설수":0,
            "초등학교학업성취도":90.0,
            "중학교학업성취도":78.2,
            "용적률":241,
            "건폐율":15,
            "Y":37.467893,
            "X":126.685536,
            "rank":30.0,
            "area_info":"21평(71.9), 24평(81.99), 24평(82.15), 25평(85.4), 26평(86.87), 30평(99.22), 30평(100.12), 33평(109.87), 33평(110.85)",
            "last_sales":"2021-07-27,47500.0,25평(85.4)",
            "rank_history":[
                [
                    "202202",
                    30
                ],
                [
                    "202201",
                    34
                ]
            ],
            "rank_gap":4
        },
        {
            "index":281,
            "아파트명":"광명8차",
            "투자타입":"재건축",
            "전용면적(m2)":"57.36",
            "전용면적(평)":"17평",
            "법정동주소":"인천시 미추홀구 주안동 1487-7",
            "도로명주소":"인천시 미추홀구 인주대로418번길 19",
            "세대수":50,
            "입주년차":"--",
            "용적률점수":60,
            "건폐율점수":60,
            "세대당주차수":"--",
            "난방방식":"--",
            "공급면적":50,
            "전용률":60,
            "욕실수":"--",
            "현관타입":"--",
            "주거총점":56.5,
            "지역구공급총점":0.0,
            "역세권":50,
            "30분내 이동가능 거점":0,
            "1시간내 이동가능 거점":10,
            "교통총점":27.0,
            "백화점":100,
            "아울렛몰":0,
            "대형마트":0,
            "은행":0,
            "병원":0,
            "종합병원":100,
            "공원":100,
            "혐오시설":0,
            "인프라총점":53.0,
            "초등학군":89.99,
            "중학군":44.96,
            "학군총점":53.966,
            "인구수":44.13,
            "인구증감":8.1,
            "인구총점":33.321,
            "일자리":19.14,
            "소득수준":48.52,
            "일자리총점":27.954,
            "가치 총점":44.7449,
            "매매실거래년":20220114.0,
            "매매실거래가":14000.0,
            "전세실거래년":20220126.0,
            "전세실거래가":10000.0,
            "전세가율":71.43,
            "장기전세가율평균":70.76,
            "전세가율거품지수":-0.67,
            "검색코드":2442,
            "세대수":462.0,
            "준공년월":"1988-07-19",
            "준공년차":35.0,
            "가까운역이름":"시민공원",
            "가까운역거리":935.96,
            "역세권여부":"준역세권",
            "30분이내주요거점역":0,
            "30분거점역이름":"[]",
            "1시간이내주요거점역":1,
            "1시간거점역이름":"['송도']",
            "3km이내백화점수":1,
            "5km이내아울렛몰수":0,
            "1km이내대형먀트수":0,
            "500m이내은행수":0,
            "500m이내병원수":0,
            "5km이내대형병원수":8,
            "500m이내공원수":2,
            "3km이내혐오시설수":0,
            "초등학교학업성취도":89.99,
            "중학교학업성취도":74.4,
            "용적률":189,
            "건폐율":34,
            "Y":37.450184,
            "X":126.683838,
            "rank":31.0,
            "area_info":"17평(57.36), 18평(61.97), 22평(73.49)",
            "last_sales":"2022-01-14,14000.0,17평(57.36)",
            "rank_history":[
                [
                    "202202",
                    31
                ],
                [
                    "202201",
                    25
                ]
            ],
            "rank_gap":-6
        },
        {
            "index":311,
            "아파트명":"대산고운누리",
            "투자타입":"일반",
            "전용면적(m2)":"76.42",
            "전용면적(평)":"23평",
            "법정동주소":"인천시 미추홀구 주안동 15-38",
            "도로명주소":"인천시 미추홀구 길파로28번길 34",
            "세대수":0,
            "입주년차":40,
            "용적률점수":"--",
            "건폐율점수":"--",
            "세대당주차수":30,
            "난방방식":30,
            "공급면적":"--",
            "전용률":"--",
            "욕실수":100,
            "현관타입":100,
            "주거총점":35.5,
            "지역구공급총점":0.0,
            "역세권":80,
            "30분내 이동가능 거점":0,
            "1시간내 이동가능 거점":60,
            "교통총점":52.0,
            "백화점":0,
            "아울렛몰":0,
            "대형마트":80,
            "은행":20,
            "병원":0,
            "종합병원":100,
            "공원":80,
            "혐오시설":0,
            "인프라총점":36.4,
            "초등학군":89.99,
            "중학군":47.52,
            "학군총점":56.014,
            "인구수":44.13,
            "인구증감":8.1,
            "인구총점":33.321,
            "일자리":19.14,
            "소득수준":48.52,
            "일자리총점":27.954,
            "가치 총점":44.6221,
            "매매실거래년":20210730.0,
            "매매실거래가":19000.0,
            "전세실거래년":20210502.0,
            "전세실거래가":20000.0,
            "전세가율":105.26,
            "장기전세가율평균":70.76,
            "전세가율거품지수":-34.5,
            "검색코드":23072,
            "세대수":108.0,
            "준공년월":"2005-07-04",
            "준공년차":18.0,
            "가까운역이름":"주안",
            "가까운역거리":325.95,
            "역세권여부":"역세권",
            "30분이내주요거점역":0,
            "30분거점역이름":"[]",
            "1시간이내주요거점역":6,
            "1시간거점역이름":"['여의도', '송도', '가산디지털단지', '홍대입구', '구로디지털단지', '마곡']",
            "3km이내백화점수":0,
            "5km이내아울렛몰수":0,
            "1km이내대형먀트수":1,
            "500m이내은행수":2,
            "500m이내병원수":0,
            "5km이내대형병원수":10,
            "500m이내공원수":1,
            "3km이내혐오시설수":0,
            "초등학교학업성취도":89.99,
            "중학교학업성취도":78.2,
            "용적률":248,
            "건폐율":27,
            "Y":37.46761,
            "X":126.68145,
            "rank":32.0,
            "area_info":"23평(76.42), 23평(76.56), 28평(93.81), 32평(106.71)",
            "last_sales":"2021-07-30,19000.0,23평(76.42)",
            "rank_history":[
                [
                    "202202",
                    32
                ],
                [
                    "202201",
                    29
                ]
            ],
            "rank_gap":-3
        },
        {
            "index":372,
            "아파트명":"삼영(20-21)",
            "투자타입":"재건축",
            "전용면적(m2)":"66.55",
            "전용면적(평)":"20평",
            "법정동주소":"인천시 미추홀구 주안동 20-21",
            "도로명주소":"인천시 미추홀구 염창로 129",
            "세대수":0,
            "입주년차":"--",
            "용적률점수":0,
            "건폐율점수":0,
            "세대당주차수":"--",
            "난방방식":"--",
            "공급면적":50,
            "전용률":100,
            "욕실수":"--",
            "현관타입":"--",
            "주거총점":7.5,
            "지역구공급총점":0.0,
            "역세권":80,
            "30분내 이동가능 거점":0,
            "1시간내 이동가능 거점":30,
            "교통총점":46.0,
            "백화점":100,
            "아울렛몰":0,
            "대형마트":80,
            "은행":0,
            "병원":0,
            "종합병원":100,
            "공원":0,
            "혐오시설":0,
            "인프라총점":62.0,
            "초등학군":90.0,
            "중학군":47.52,
            "학군총점":56.016,
            "인구수":44.13,
            "인구증감":8.1,
            "인구총점":33.321,
            "일자리":19.14,
            "소득수준":48.52,
            "일자리총점":27.954,
            "가치 총점":44.6024,
            "매매실거래년":20211012.0,
            "매매실거래가":14300.0,
            "전세실거래년":20210910.0,
            "전세실거래가":7000.0,
            "전세가율":58.33,
            "장기전세가율평균":70.76,
            "전세가율거품지수":12.43,
            "검색코드":9724,
            "세대수":100.0,
            "준공년월":"1978-12-29",
            "준공년차":45.0,
            "가까운역이름":"간석",
            "가까운역거리":487.0,
            "역세권여부":"역세권",
            "30분이내주요거점역":0,
            "30분거점역이름":"[]",
            "1시간이내주요거점역":3,
            "1시간거점역이름":"['송도', '가산디지털단지', '구로디지털단지']",
            "3km이내백화점수":1,
            "5km이내아울렛몰수":0,
            "1km이내대형먀트수":1,
            "500m이내은행수":0,
            "500m이내병원수":0,
            "5km이내대형병원수":8,
            "500m이내공원수":0,
            "3km이내혐오시설수":0,
            "초등학교학업성취도":90.0,
            "중학교학업성취도":78.2,
            "용적률":0,
            "건폐율":0,
            "Y":37.465161,
            "X":126.688689,
            "rank":33.0,
            "area_info":"20평(66.55), 20평(66.67)",
            "last_sales":"2021-10-12,14300.0,20평(66.67)",
            "rank_history":[
                [
                    "202202",
                    33
                ],
                [
                    "202201",
                    35
                ]
            ],
            "rank_gap":2
        },
        {
            "index":374,
            "아파트명":"선정",
            "투자타입":"일반",
            "전용면적(m2)":"94.08",
            "전용면적(평)":"28평",
            "법정동주소":"인천시 미추홀구 주안동 22-33",
            "도로명주소":"인천시 미추홀구 염창로 101",
            "세대수":0,
            "입주년차":20,
            "용적률점수":"--",
            "건폐율점수":"--",
            "세대당주차수":0,
            "난방방식":30,
            "공급면적":"--",
            "전용률":"--",
            "욕실수":50,
            "현관타입":100,
            "주거총점":22.0,
            "지역구공급총점":0.0,
            "역세권":50,
            "30분내 이동가능 거점":0,
            "1시간내 이동가능 거점":60,
            "교통총점":37.0,
            "백화점":100,
            "아울렛몰":0,
            "대형마트":80,
            "은행":0,
            "병원":0,
            "종합병원":100,
            "공원":0,
            "혐오시설":0,
            "인프라총점":62.0,
            "초등학군":90.0,
            "중학군":47.52,
            "학군총점":56.016,
            "인구수":44.13,
            "인구증감":8.1,
            "인구총점":33.321,
            "일자리":19.14,
            "소득수준":48.52,
            "일자리총점":27.954,
            "가치 총점":44.3524,
            "매매실거래년":20220110.0,
            "매매실거래가":31000.0,
            "전세실거래년":null,
            "전세실거래가":null,
            "전세가율":null,
            "장기전세가율평균":70.76,
            "전세가율거품지수":null,
            "검색코드":9680,
            "세대수":103.0,
            "준공년월":"2001-05-08",
            "준공년차":22.0,
            "가까운역이름":"주안",
            "가까운역거리":508.74,
            "역세권여부":"준역세권",
            "30분이내주요거점역":0,
            "30분거점역이름":"[]",
            "1시간이내주요거점역":6,
            "1시간거점역이름":"['여의도', '송도', '가산디지털단지', '홍대입구', '구로디지털단지', '마곡']",
            "3km이내백화점수":1,
            "5km이내아울렛몰수":0,
            "1km이내대형먀트수":1,
            "500m이내은행수":1,
            "500m이내병원수":0,
            "5km이내대형병원수":9,
            "500m이내공원수":0,
            "3km이내혐오시설수":0,
            "초등학교학업성취도":90.0,
            "중학교학업성취도":78.2,
            "용적률":301,
            "건폐율":25,
            "Y":37.465474,
            "X":126.685648,
            "rank":34.0,
            "area_info":"28평(94.08), 33평(109.67)",
            "last_sales":"2022-01-10,31000.0,33평(109.67)",
            "rank_history":[
                [
                    "202202",
                    34
                ],
                [
                    "202201",
                    30
                ]
            ],
            "rank_gap":-4
        },
        {
            "index":393,
            "아파트명":"우정(18-141)",
            "투자타입":"재건축",
            "전용면적(m2)":"53.85",
            "전용면적(평)":"16평",
            "법정동주소":"인천시 미추홀구 주안동 18-141",
            "도로명주소":"인천시 미추홀구 주염로 46",
            "세대수":0,
            "입주년차":"--",
            "용적률점수":100,
            "건폐율점수":80,
            "세대당주차수":"--",
            "난방방식":"--",
            "공급면적":50,
            "전용률":100,
            "욕실수":"--",
            "현관타입":"--",
            "주거총점":63.5,
            "지역구공급총점":0.0,
            "역세권":50,
            "30분내 이동가능 거점":0,
            "1시간내 이동가능 거점":60,
            "교통총점":37.0,
            "백화점":0,
            "아울렛몰":0,
            "대형마트":80,
            "은행":20,
            "병원":0,
            "종합병원":100,
            "공원":0,
            "혐오시설":0,
            "인프라총점":34.0,
            "초등학군":89.99,
            "중학군":47.52,
            "학군총점":56.014,
            "인구수":44.13,
            "인구증감":8.1,
            "인구총점":33.321,
            "일자리":19.14,
            "소득수준":48.52,
            "일자리총점":27.954,
            "가치 총점":44.2521,
            "매매실거래년":20220127.0,
            "매매실거래가":19800.0,
            "전세실거래년":20211002.0,
            "전세실거래가":11000.0,
            "전세가율":73.33,
            "장기전세가율평균":70.76,
            "전세가율거품지수":-2.57,
            "검색코드":9666,
            "세대수":230.0,
            "준공년월":"1982-12-30",
            "준공년차":41.0,
            "가까운역이름":"주안국가산단",
            "가까운역거리":542.97,
            "역세권여부":"준역세권",
            "30분이내주요거점역":0,
            "30분거점역이름":"[]",
            "1시간이내주요거점역":6,
            "1시간거점역이름":"['여의도', '송도', '가산디지털단지', '홍대입구', '구로디지털단지', '마곡']",
            "3km이내백화점수":0,
            "5km이내아울렛몰수":0,
            "1km이내대형먀트수":1,
            "500m이내은행수":2,
            "500m이내병원수":0,
            "5km이내대형병원수":10,
            "500m이내공원수":0,
            "3km이내혐오시설수":0,
            "초등학교학업성취도":89.99,
            "중학교학업성취도":78.2,
            "용적률":120,
            "건폐율":24,
            "Y":37.46922,
            "X":126.683569,
            "rank":35.0,
            "area_info":"16평(53.85), 17평(59.34)",
            "last_sales":"2022-01-27,19800.0,17평(59.34)",
            "rank_history":[
                [
                    "202202",
                    35
                ],
                [
                    "202201",
                    32
                ]
            ],
            "rank_gap":-3
        },
        {
            "index":143,
            "아파트명":"LH미추홀퍼스트",
            "투자타입":"일반",
            "전용면적(m2)":"84.55",
            "전용면적(평)":"25평",
            "법정동주소":"인천시 미추홀구 용현동 인천용마루지구 2블록",
            "도로명주소":"인천시 미추홀구 낙섬동로 135",
            "세대수":80,
            "입주년차":80,
            "용적률점수":"--",
            "건폐율점수":"--",
            "세대당주차수":30,
            "난방방식":100,
            "공급면적":"--",
            "전용률":"--",
            "욕실수":100,
            "현관타입":100,
            "주거총점":78.5,
            "지역구공급총점":0.0,
            "역세권":50,
            "30분내 이동가능 거점":0,
            "1시간내 이동가능 거점":20,
            "교통총점":29.0,
            "백화점":0,
            "아울렛몰":0,
            "대형마트":80,
            "은행":0,
            "병원":0,
            "종합병원":100,
            "공원":0,
            "혐오시설":0,
            "인프라총점":32.0,
            "초등학군":90.0,
            "중학군":50.24,
            "학군총점":58.192,
            "인구수":44.13,
            "인구증감":8.1,
            "인구총점":33.321,
            "일자리":19.14,
            "소득수준":48.52,
            "일자리총점":27.954,
            "가치 총점":44.1788,
            "매매실거래년":20220103.0,
            "매매실거래가":54000.0,
            "전세실거래년":20190528.0,
            "전세실거래가":21500.0,
            "전세가율":48.31,
            "장기전세가율평균":70.76,
            "전세가율거품지수":22.45,
            "검색코드":117911,
            "세대수":870.0,
            "준공년월":"2018-12-01",
            "준공년차":5.0,
            "가까운역이름":"숭의",
            "가까운역거리":639.01,
            "역세권여부":"준역세권",
            "30분이내주요거점역":0,
            "30분거점역이름":"[]",
            "1시간이내주요거점역":2,
            "1시간거점역이름":"['송도', '안산']",
            "3km이내백화점수":0,
            "5km이내아울렛몰수":0,
            "1km이내대형먀트수":1,
            "500m이내은행수":0,
            "500m이내병원수":0,
            "5km이내대형병원수":7,
            "500m이내공원수":0,
            "3km이내혐오시설수":0,
            "초등학교학업성취도":90.0,
            "중학교학업성취도":83.2,
            "용적률":0,
            "건폐율":0,
            "Y":37.45737,
            "X":126.644116,
            "rank":36.0,
            "area_info":"25평(84.55), 28평(93.88), 28평(93.84), 30평(99.99), 30평(100.06), 33평(111.02)",
            "last_sales":"2022-01-03,54000.0,33평(111.02)",
            "rank_history":[
                [
                    "202202",
                    36
                ],
                [
                    "202201",
                    31
                ]
            ],
            "rank_gap":-5
        },
        {
            "index":55,
            "아파트명":"성락",
            "투자타입":"재건축",
            "전용면적(m2)":"59.51",
            "전용면적(평)":"18평",
            "법정동주소":"인천시 미추홀구 도화동 109-1",
            "도로명주소":"인천시 미추홀구 석정로279번길 30",
            "세대수":0,
            "입주년차":"--",
            "용적률점수":100,
            "건폐율점수":80,
            "세대당주차수":"--",
            "난방방식":"--",
            "공급면적":50,
            "전용률":60,
            "욕실수":"--",
            "현관타입":"--",
            "주거총점":61.5,
            "지역구공급총점":0.0,
            "역세권":80,
            "30분내 이동가능 거점":0,
            "1시간내 이동가능 거점":30,
            "교통총점":46.0,
            "백화점":0,
            "아울렛몰":0,
            "대형마트":0,
            "은행":20,
            "병원":0,
            "종합병원":100,
            "공원":100,
            "혐오시설":0,
            "인프라총점":25.0,
            "초등학군":89.99,
            "중학군":42.72,
            "학군총점":52.174,
            "인구수":44.13,
            "인구증감":8.1,
            "인구총점":33.321,
            "일자리":19.14,
            "소득수준":48.52,
            "일자리총점":27.954,
            "가치 총점":43.7261,
            "매매실거래년":20210719.0,
            "매매실거래가":12900.0,
            "전세실거래년":20210619.0,
            "전세실거래가":5500.0,
            "전세가율":55.0,
            "장기전세가율평균":70.76,
            "전세가율거품지수":15.76,
            "검색코드":8944,
            "세대수":110.0,
            "준공년월":"1981-05-21",
            "준공년차":42.0,
            "가까운역이름":"도화",
            "가까운역거리":401.39,
            "역세권여부":"역세권",
            "30분이내주요거점역":0,
            "30분거점역이름":"[]",
            "1시간이내주요거점역":3,
            "1시간거점역이름":"['송도', '가산디지털단지', '구로디지털단지']",
            "3km이내백화점수":0,
            "5km이내아울렛몰수":0,
            "1km이내대형먀트수":0,
            "500m이내은행수":2,
            "500m이내병원수":0,
            "5km이내대형병원수":9,
            "500m이내공원수":2,
            "3km이내혐오시설수":0,
            "초등학교학업성취도":89.99,
            "중학교학업성취도":70.0,
            "용적률":114,
            "건폐율":24,
            "Y":37.46956,
            "X":126.66751,
            "rank":37.0,
            "area_info":"18평(59.51), 18평(62.03)",
            "last_sales":"2021-07-19,12900.0,18평(62.03)",
            "rank_history":[
                [
                    "202202",
                    37
                ],
                [
                    "202201",
                    33
                ]
            ],
            "rank_gap":-4
        },
        {
            "index":187,
            "아파트명":"새한(181-4)",
            "투자타입":"재건축",
            "전용면적(m2)":"59.23",
            "전용면적(평)":"17평",
            "법정동주소":"인천시 미추홀구 용현동 181-4",
            "도로명주소":"인천시 미추홀구 인하로77번길 28",
            "세대수":0,
            "입주년차":"--",
            "용적률점수":100,
            "건폐율점수":80,
            "세대당주차수":"--",
            "난방방식":"--",
            "공급면적":50,
            "전용률":100,
            "욕실수":"--",
            "현관타입":"--",
            "주거총점":63.5,
            "지역구공급총점":0.0,
            "역세권":50,
            "30분내 이동가능 거점":20,
            "1시간내 이동가능 거점":20,
            "교통총점":35.0,
            "백화점":0,
            "아울렛몰":0,
            "대형마트":80,
            "은행":20,
            "병원":0,
            "종합병원":100,
            "공원":0,
            "혐오시설":0,
            "인프라총점":34.0,
            "초등학군":89.99,
            "중학군":44.16,
            "학군총점":53.326,
            "인구수":44.13,
            "인구증감":8.1,
            "인구총점":33.321,
            "일자리":19.14,
            "소득수준":48.52,
            "일자리총점":27.954,
            "가치 총점":43.1489,
            "매매실거래년":20211227.0,
            "매매실거래가":12000.0,
            "전세실거래년":20210621.0,
            "전세실거래가":8400.0,
            "전세가율":62.22,
            "장기전세가율평균":70.76,
            "전세가율거품지수":8.54,
            "검색코드":14080,
            "세대수":135.0,
            "준공년월":"1982-12-02",
            "준공년차":41.0,
            "가까운역이름":"인하대",
            "가까운역거리":867.04,
            "역세권여부":"준역세권",
            "30분이내주요거점역":1,
            "30분거점역이름":"['송도']",
            "1시간이내주요거점역":2,
            "1시간거점역이름":"['송도', '안산']",
            "3km이내백화점수":0,
            "5km이내아울렛몰수":0,
            "1km이내대형먀트수":1,
            "500m이내은행수":2,
            "500m이내병원수":0,
            "5km이내대형병원수":8,
            "500m이내공원수":0,
            "3km이내혐오시설수":0,
            "초등학교학업성취도":89.99,
            "중학교학업성취도":73.0,
            "용적률":107,
            "건폐율":21,
            "Y":37.452335,
            "X":126.658166,
            "rank":38.0,
            "area_info":"17평(59.23), 18평(60.27), 18평(60.28)",
            "last_sales":"2021-12-27,12000.0,18평(60.27)",
            "rank_history":[
                [
                    "202202",
                    38
                ],
                [
                    "202201",
                    44
                ]
            ],
            "rank_gap":6
        },
        {
            "index":52,
            "아파트명":"삼덕진주(106-4)",
            "투자타입":"재건축",
            "전용면적(m2)":"72.9",
            "전용면적(평)":"22평",
            "법정동주소":"인천시 미추홀구 도화동 106-4",
            "도로명주소":"인천시 미추홀구",
            "세대수":0,
            "입주년차":"--",
            "용적률점수":100,
            "건폐율점수":80,
            "세대당주차수":"--",
            "난방방식":"--",
            "공급면적":50,
            "전용률":80,
            "욕실수":"--",
            "현관타입":"--",
            "주거총점":62.5,
            "지역구공급총점":0.0,
            "역세권":80,
            "30분내 이동가능 거점":0,
            "1시간내 이동가능 거점":30,
            "교통총점":46.0,
            "백화점":0,
            "아울렛몰":0,
            "대형마트":0,
            "은행":0,
            "병원":0,
            "종합병원":100,
            "공원":80,
            "혐오시설":0,
            "인프라총점":22.4,
            "초등학군":89.99,
            "중학군":42.72,
            "학군총점":52.174,
            "인구수":44.13,
            "인구증감":8.1,
            "인구총점":33.321,
            "일자리":19.14,
            "소득수준":48.52,
            "일자리총점":27.954,
            "가치 총점":43.1461,
            "매매실거래년":20211002.0,
            "매매실거래가":16400.0,
            "전세실거래년":20210717.0,
            "전세실거래가":8500.0,
            "전세가율":51.83,
            "장기전세가율평균":70.76,
            "전세가율거품지수":18.93,
            "검색코드":100680,
            "세대수":115.0,
            "준공년월":"1984-04-27",
            "준공년차":39.0,
            "가까운역이름":"도화",
            "가까운역거리":306.94,
            "역세권여부":"역세권",
            "30분이내주요거점역":0,
            "30분거점역이름":"[]",
            "1시간이내주요거점역":3,
            "1시간거점역이름":"['송도', '가산디지털단지', '구로디지털단지']",
            "3km이내백화점수":0,
            "5km이내아울렛몰수":0,
            "1km이내대형먀트수":0,
            "500m이내은행수":1,
            "500m이내병원수":0,
            "5km이내대형병원수":9,
            "500m이내공원수":1,
            "3km이내혐오시설수":0,
            "초등학교학업성취도":89.99,
            "중학교학업성취도":70.0,
            "용적률":119,
            "건폐율":23,
            "Y":37.468369,
            "X":126.670597,
            "rank":39.0,
            "area_info":"22평(72.9), 22평(73.83), 24평(80.27)",
            "last_sales":"2021-10-02,16400.0,22평(72.9)",
            "rank_history":[
                [
                    "202202",
                    39
                ],
                [
                    "202201",
                    37
                ]
            ],
            "rank_gap":-2
        },
        {
            "index":210,
            "아파트명":"용현성원상떼빌",
            "투자타입":"일반",
            "전용면적(m2)":"106.7",
            "전용면적(평)":"32평",
            "법정동주소":"인천시 미추홀구 용현동 649",
            "도로명주소":"인천시 미추홀구 낙섬동로 104",
            "세대수":50,
            "입주년차":60,
            "용적률점수":"--",
            "건폐율점수":"--",
            "세대당주차수":30,
            "난방방식":30,
            "공급면적":"--",
            "전용률":"--",
            "욕실수":100,
            "현관타입":100,
            "주거총점":57.0,
            "지역구공급총점":0.0,
            "역세권":50,
            "30분내 이동가능 거점":20,
            "1시간내 이동가능 거점":20,
            "교통총점":35.0,
            "백화점":0,
            "아울렛몰":0,
            "대형마트":80,
            "은행":0,
            "병원":0,
            "종합병원":100,
            "공원":100,
            "혐오시설":0,
            "인프라총점":35.0,
            "초등학군":90.0,
            "중학군":50.24,
            "학군총점":58.192,
            "인구수":44.13,
            "인구증감":8.1,
            "인구총점":33.321,
            "일자리":19.14,
            "소득수준":48.52,
            "일자리총점":27.954,
            "가치 총점":42.8788,
            "매매실거래년":20211231.0,
            "매매실거래가":49598.0,
            "전세실거래년":20211222.0,
            "전세실거래가":23100.0,
            "전세가율":46.57,
            "장기전세가율평균":70.76,
            "전세가율거품지수":24.19,
            "검색코드":26836,
            "세대수":550.0,
            "준공년월":"2009-03-31",
            "준공년차":14.0,
            "가까운역이름":"인하대",
            "가까운역거리":802.85,
            "역세권여부":"준역세권",
            "30분이내주요거점역":1,
            "30분거점역이름":"['송도']",
            "1시간이내주요거점역":2,
            "1시간거점역이름":"['송도', '안산']",
            "3km이내백화점수":0,
            "5km이내아울렛몰수":0,
            "1km이내대형먀트수":1,
            "500m이내은행수":1,
            "500m이내병원수":0,
            "5km이내대형병원수":7,
            "500m이내공원수":3,
            "3km이내혐오시설수":0,
            "초등학교학업성취도":90.0,
            "중학교학업성취도":83.2,
            "용적률":248,
            "건폐율":18,
            "Y":37.454256,
            "X":126.64414,
            "rank":40.0,
            "area_info":"32평(106.7)",
            "last_sales":"2021-12-31,49598.0,32평(106.7)",
            "rank_history":[
                [
                    "202202",
                    40
                ],
                [
                    "202201",
                    42
                ]
            ],
            "rank_gap":2
        },
        {
            "index":32,
            "아파트명":"더샵인천스카이타워1단지",
            "투자타입":"일반",
            "전용면적(m2)":"101.59",
            "전용면적(평)":"30평",
            "법정동주소":"인천시 미추홀구 도화동 1011",
            "도로명주소":"인천시 미추홀구 숙골로88번길 12",
            "세대수":90,
            "입주년차":100,
            "용적률점수":"--",
            "건폐율점수":"--",
            "세대당주차수":60,
            "난방방식":30,
            "공급면적":"--",
            "전용률":"--",
            "욕실수":100,
            "현관타입":100,
            "주거총점":83.5,
            "지역구공급총점":0.0,
            "역세권":50,
            "30분내 이동가능 거점":0,
            "1시간내 이동가능 거점":30,
            "교통총점":31.0,
            "백화점":0,
            "아울렛몰":0,
            "대형마트":0,
            "은행":20,
            "병원":0,
            "종합병원":100,
            "공원":100,
            "혐오시설":-50,
            "인프라총점":24.0,
            "초등학군":89.99,
            "중학군":42.72,
            "학군총점":52.174,
            "인구수":44.13,
            "인구증감":8.1,
            "인구총점":33.321,
            "일자리":19.14,
            "소득수준":48.52,
            "일자리총점":27.954,
            "가치 총점":42.5761,
            "매매실거래년":20210703.0,
            "매매실거래가":73000.0,
            "전세실거래년":20210501.0,
            "전세실거래가":40000.0,
            "전세가율":54.79,
            "장기전세가율평균":70.76,
            "전세가율거품지수":15.97,
            "검색코드":118761,
            "세대수":1309.0,
            "준공년월":"2020-11-25",
            "준공년차":3.0,
            "가까운역이름":"도화",
            "가까운역거리":543.12,
            "역세권여부":"준역세권",
            "30분이내주요거점역":0,
            "30분거점역이름":"[]",
            "1시간이내주요거점역":3,
            "1시간거점역이름":"['송도', '가산디지털단지', '구로디지털단지']",
            "3km이내백화점수":0,
            "5km이내아울렛몰수":0,
            "1km이내대형먀트수":0,
            "500m이내은행수":2,
            "500m이내병원수":0,
            "5km이내대형병원수":9,
            "500m이내공원수":2,
            "3km이내혐오시설수":1,
            "초등학교학업성취도":89.99,
            "중학교학업성취도":70.0,
            "용적률":439,
            "건폐율":35,
            "Y":37.470077,
            "X":126.665153,
            "rank":41.0,
            "area_info":"30평(101.59), 30평(102.31), 34평(114.8), 34평(114.29)",
            "last_sales":"2021-07-03,73000.0,30평(101.59)",
            "rank_history":[
                [
                    "202202",
                    41
                ],
                [
                    "202201",
                    38
                ]
            ],
            "rank_gap":-3
        },
        {
            "index":551,
            "아파트명":"인천학익두산위브",
            "투자타입":"일반",
            "전용면적(m2)":"23.75",
            "전용면적(평)":"7평",
            "법정동주소":"인천시 미추홀구 학익동 739",
            "도로명주소":"인천시 미추홀구 노적산로 43",
            "세대수":50,
            "입주년차":60,
            "용적률점수":"--",
            "건폐율점수":"--",
            "세대당주차수":60,
            "난방방식":100,
            "공급면적":"--",
            "전용률":"--",
            "욕실수":50,
            "현관타입":50,
            "주거총점":58.5,
            "지역구공급총점":0.0,
            "역세권":50,
            "30분내 이동가능 거점":20,
            "1시간내 이동가능 거점":20,
            "교통총점":35.0,
            "백화점":0,
            "아울렛몰":0,
            "대형마트":80,
            "은행":0,
            "병원":0,
            "종합병원":100,
            "공원":100,
            "혐오시설":0,
            "인프라총점":35.0,
            "초등학군":90.0,
            "중학군":44.08,
            "학군총점":53.264,
            "인구수":44.13,
            "인구증감":8.1,
            "인구총점":33.321,
            "일자리":19.14,
            "소득수준":48.52,
            "일자리총점":27.954,
            "가치 총점":42.4396,
            "매매실거래년":20211120.0,
            "매매실거래가":58000.0,
            "전세실거래년":20201111.0,
            "전세실거래가":7000.0,
            "전세가율":84.85,
            "장기전세가율평균":70.76,
            "전세가율거품지수":-14.09,
            "검색코드":27513,
            "세대수":432.0,
            "준공년월":"2011-09-28",
            "준공년차":12.0,
            "가까운역이름":"인하대",
            "가까운역거리":878.79,
            "역세권여부":"준역세권",
            "30분이내주요거점역":1,
            "30분거점역이름":"['송도']",
            "1시간이내주요거점역":2,
            "1시간거점역이름":"['송도', '안산']",
            "3km이내백화점수":0,
            "5km이내아울렛몰수":0,
            "1km이내대형먀트수":1,
            "500m이내은행수":0,
            "500m이내병원수":0,
            "5km이내대형병원수":8,
            "500m이내공원수":3,
            "3km이내혐오시설수":0,
            "초등학교학업성취도":90.0,
            "중학교학업성취도":71.4,
            "용적률":244,
            "건폐율":12,
            "Y":37.44215,
            "X":126.655557,
            "rank":42.0,
            "area_info":"7평(23.75), 7평(25.37), 8평(28.35), 10평(34.08), 10평(36.16), 11평(37.28), 12평(41.07), 17평(59.24), 26평(88.53), 32평(108.52), 33평(110.15), 45평(152.06), 53평(177.77)",
            "last_sales":"2021-11-20,58000.0,33평(110.15)",
            "rank_history":[
                [
                    "202202",
                    42
                ],
                [
                    "202201",
                    48
                ]
            ],
            "rank_gap":6
        },
        {
            "index":173,
            "아파트명":"부성로얄",
            "투자타입":"재건축",
            "전용면적(m2)":"52.89",
            "전용면적(평)":"15평",
            "법정동주소":"인천시 미추홀구 용현동 615-2",
            "도로명주소":"인천시 미추홀구 낙섬동로 50",
            "세대수":0,
            "입주년차":"--",
            "용적률점수":80,
            "건폐율점수":80,
            "세대당주차수":"--",
            "난방방식":"--",
            "공급면적":50,
            "전용률":80,
            "욕실수":"--",
            "현관타입":"--",
            "주거총점":54.5,
            "지역구공급총점":0.0,
            "역세권":50,
            "30분내 이동가능 거점":20,
            "1시간내 이동가능 거점":20,
            "교통총점":35.0,
            "백화점":0,
            "아울렛몰":0,
            "대형마트":80,
            "은행":0,
            "병원":0,
            "종합병원":100,
            "공원":100,
            "혐오시설":0,
            "인프라총점":35.0,
            "초등학군":90.01,
            "중학군":50.24,
            "학군총점":58.194,
            "인구수":44.13,
            "인구증감":8.1,
            "인구총점":33.321,
            "일자리":19.14,
            "소득수준":48.52,
            "일자리총점":27.954,
            "가치 총점":42.3791,
            "매매실거래년":20211206.0,
            "매매실거래가":11000.0,
            "전세실거래년":20210415.0,
            "전세실거래가":7500.0,
            "전세가율":53.57,
            "장기전세가율평균":70.76,
            "전세가율거품지수":17.19,
            "검색코드":8109,
            "세대수":204.0,
            "준공년월":"1987-11-25",
            "준공년차":36.0,
            "가까운역이름":"인하대",
            "가까운역거리":811.97,
            "역세권여부":"준역세권",
            "30분이내주요거점역":1,
            "30분거점역이름":"['송도']",
            "1시간이내주요거점역":2,
            "1시간거점역이름":"['송도', '안산']",
            "3km이내백화점수":0,
            "5km이내아울렛몰수":0,
            "1km이내대형먀트수":1,
            "500m이내은행수":0,
            "500m이내병원수":0,
            "5km이내대형병원수":6,
            "500m이내공원수":4,
            "3km이내혐오시설수":0,
            "초등학교학업성취도":90.01,
            "중학교학업성취도":83.2,
            "용적률":168,
            "건폐율":28,
            "Y":37.450048,
            "X":126.640632,
            "rank":43.0,
            "area_info":"15평(52.89), 17평(56.2), 20평(69.42)",
            "last_sales":"2021-12-06,11000.0,20평(69.42)",
            "rank_history":[
                [
                    "202202",
                    43
                ],
                [
                    "202201",
                    39
                ]
            ],
            "rank_gap":-4
        },
        {
            "index":278,
            "아파트명":"광명4차",
            "투자타입":"재건축",
            "전용면적(m2)":"74.56",
            "전용면적(평)":"22평",
            "법정동주소":"인천시 미추홀구 주안동 26-5",
            "도로명주소":"인천시 미추홀구 석정로 354",
            "세대수":0,
            "입주년차":"--",
            "용적률점수":80,
            "건폐율점수":60,
            "세대당주차수":"--",
            "난방방식":"--",
            "공급면적":50,
            "전용률":80,
            "욕실수":"--",
            "현관타입":"--",
            "주거총점":50.5,
            "지역구공급총점":0.0,
            "역세권":80,
            "30분내 이동가능 거점":0,
            "1시간내 이동가능 거점":50,
            "교통총점":50.0,
            "백화점":0,
            "아울렛몰":0,
            "대형마트":0,
            "은행":0,
            "병원":0,
            "종합병원":100,
            "공원":100,
            "혐오시설":0,
            "인프라총점":23.0,
            "초등학군":89.99,
            "중학군":42.72,
            "학군총점":52.174,
            "인구수":44.13,
            "인구증감":8.1,
            "인구총점":33.321,
            "일자리":19.14,
            "소득수준":48.52,
            "일자리총점":27.954,
            "가치 총점":42.3261,
            "매매실거래년":20211116.0,
            "매매실거래가":15000.0,
            "전세실거래년":20211113.0,
            "전세실거래가":12000.0,
            "전세가율":80.0,
            "장기전세가율평균":70.76,
            "전세가율거품지수":-9.24,
            "검색코드":10474,
            "세대수":105.0,
            "준공년월":"1984-10-12",
            "준공년차":39.0,
            "가까운역이름":"주안",
            "가까운역거리":486.26,
            "역세권여부":"역세권",
            "30분이내주요거점역":0,
            "30분거점역이름":"[]",
            "1시간이내주요거점역":5,
            "1시간거점역이름":"['여의도', '송도', '가산디지털단지', '홍대입구', '구로디지털단지']",
            "3km이내백화점수":0,
            "5km이내아울렛몰수":0,
            "1km이내대형먀트수":0,
            "500m이내은행수":0,
            "500m이내병원수":0,
            "5km이내대형병원수":10,
            "500m이내공원수":2,
            "3km이내혐오시설수":0,
            "초등학교학업성취도":89.99,
            "중학교학업성취도":70.0,
            "용적률":150,
            "건폐율":30,
            "Y":37.466871,
            "X":126.674979,
            "rank":44.0,
            "area_info":"22평(74.56), 24평(80.33), 28평(95.25)",
            "last_sales":"2021-11-16,15000.0,22평(74.56)",
            "rank_history":[
                [
                    "202202",
                    44
                ],
                [
                    "202201",
                    41
                ]
            ],
            "rank_gap":-3
        },
        {
            "index":166,
            "아파트명":"동아(고층)",
            "투자타입":"재건축",
            "전용면적(m2)":"100.14",
            "전용면적(평)":"30평",
            "법정동주소":"인천시 미추홀구 용현동 572-3",
            "도로명주소":"인천시 미추홀구 능해길 32",
            "세대수":30,
            "입주년차":"--",
            "용적률점수":0,
            "건폐율점수":60,
            "세대당주차수":"--",
            "난방방식":"--",
            "공급면적":90,
            "전용률":80,
            "욕실수":"--",
            "현관타입":"--",
            "주거총점":29.5,
            "지역구공급총점":0.0,
            "역세권":80,
            "30분내 이동가능 거점":20,
            "1시간내 이동가능 거점":20,
            "교통총점":50.0,
            "백화점":0,
            "아울렛몰":0,
            "대형마트":80,
            "은행":0,
            "병원":0,
            "종합병원":100,
            "공원":80,
            "혐오시설":0,
            "인프라총점":34.4,
            "초등학군":90.0,
            "중학군":48.96,
            "학군총점":57.168,
            "인구수":44.13,
            "인구증감":8.1,
            "인구총점":33.321,
            "일자리":19.14,
            "소득수준":48.52,
            "일자리총점":27.954,
            "가치 총점":42.2952,
            "매매실거래년":20211001.0,
            "매매실거래가":23000.0,
            "전세실거래년":20211122.0,
            "전세실거래가":16500.0,
            "전세가율":71.74,
            "장기전세가율평균":70.76,
            "전세가율거품지수":-0.98,
            "검색코드":8113,
            "세대수":398.0,
            "준공년월":"1990-12-29",
            "준공년차":33.0,
            "가까운역이름":"숭의",
            "가까운역거리":261.23,
            "역세권여부":"역세권",
            "30분이내주요거점역":1,
            "30분거점역이름":"['송도']",
            "1시간이내주요거점역":2,
            "1시간거점역이름":"['송도', '안산']",
            "3km이내백화점수":0,
            "5km이내아울렛몰수":0,
            "1km이내대형먀트수":1,
            "500m이내은행수":1,
            "500m이내병원수":0,
            "5km이내대형병원수":7,
            "500m이내공원수":1,
            "3km이내혐오시설수":0,
            "초등학교학업성취도":90.0,
            "중학교학업성취도":80.8,
            "용적률":345,
            "건폐율":32,
            "Y":37.45857,
            "X":126.639269,
            "rank":45.0,
            "area_info":"30평(100.14), 30평(100.08)",
            "last_sales":"2021-10-01,23000.0,30평(100.14)",
            "rank_history":[
                [
                    "202202",
                    45
                ],
                [
                    "202201",
                    40
                ]
            ],
            "rank_gap":-5
        },
        {
            "index":422,
            "아파트명":"주안역신일해피트리",
            "투자타입":"일반",
            "전용면적(m2)":"87.53",
            "전용면적(평)":"26평",
            "법정동주소":"인천시 미추홀구 주안동 13-2번지 일원",
            "도로명주소":"인천시 미추홀구 길파로27번길 43",
            "세대수":0,
            "입주년차":100,
            "용적률점수":"--",
            "건폐율점수":"--",
            "세대당주차수":30,
            "난방방식":30,
            "공급면적":"--",
            "전용률":"--",
            "욕실수":100,
            "현관타입":100,
            "주거총점":47.5,
            "지역구공급총점":0.0,
            "역세권":80,
            "30분내 이동가능 거점":0,
            "1시간내 이동가능 거점":50,
            "교통총점":50.0,
            "백화점":0,
            "아울렛몰":0,
            "대형마트":0,
            "은행":0,
            "병원":0,
            "종합병원":100,
            "공원":80,
            "혐오시설":0,
            "인프라총점":22.4,
            "초등학군":89.99,
            "중학군":47.52,
            "학군총점":56.014,
            "인구수":44.13,
            "인구증감":8.1,
            "인구총점":33.321,
            "일자리":19.14,
            "소득수준":48.52,
            "일자리총점":27.954,
            "가치 총점":42.1221,
            "매매실거래년":20211108.0,
            "매매실거래가":44110.0,
            "전세실거래년":null,
            "전세실거래가":null,
            "전세가율":null,
            "장기전세가율평균":70.76,
            "전세가율거품지수":null,
            "검색코드":126434,
            "세대수":244.0,
            "준공년월":"2021-09-01",
            "준공년차":2.0,
            "가까운역이름":"주안",
            "가까운역거리":453.25,
            "역세권여부":"역세권",
            "30분이내주요거점역":0,
            "30분거점역이름":"[]",
            "1시간이내주요거점역":5,
            "1시간거점역이름":"['여의도', '송도', '가산디지털단지', '홍대입구', '구로디지털단지']",
            "3km이내백화점수":0,
            "5km이내아울렛몰수":0,
            "1km이내대형먀트수":0,
            "500m이내은행수":1,
            "500m이내병원수":0,
            "5km이내대형병원수":10,
            "500m이내공원수":1,
            "3km이내혐오시설수":0,
            "초등학교학업성취도":89.99,
            "중학교학업성취도":78.2,
            "용적률":0,
            "건폐율":0,
            "Y":37.467984,
            "X":126.676506,
            "rank":46.0,
            "area_info":"26평(87.53), 27평(92.11), 29평(98.05), 32평(109.08), 33평(109.14)",
            "last_sales":"2021-11-08,44110.0,29평(98.05)",
            "rank_history":[
                [
                    "202202",
                    46
                ],
                [
                    "202201",
                    43
                ]
            ],
            "rank_gap":-3
        },
        {
            "index":91,
            "아파트명":"태화",
            "투자타입":"재건축",
            "전용면적(m2)":"76.82",
            "전용면적(평)":"23평",
            "법정동주소":"인천시 미추홀구 도화동 105-1",
            "도로명주소":"인천시 미추홀구 석정로 291",
            "세대수":0,
            "입주년차":"--",
            "용적률점수":80,
            "건폐율점수":60,
            "세대당주차수":"--",
            "난방방식":"--",
            "공급면적":50,
            "전용률":80,
            "욕실수":"--",
            "현관타입":"--",
            "주거총점":50.5,
            "지역구공급총점":0.0,
            "역세권":80,
            "30분내 이동가능 거점":0,
            "1시간내 이동가능 거점":30,
            "교통총점":46.0,
            "백화점":0,
            "아울렛몰":0,
            "대형마트":0,
            "은행":20,
            "병원":0,
            "종합병원":100,
            "공원":80,
            "혐오시설":0,
            "인프라총점":24.4,
            "초등학군":89.99,
            "중학군":42.72,
            "학군총점":52.174,
            "인구수":44.13,
            "인구증감":8.1,
            "인구총점":33.321,
            "일자리":19.14,
            "소득수준":48.52,
            "일자리총점":27.954,
            "가치 총점":41.3461,
            "매매실거래년":20220107.0,
            "매매실거래가":17000.0,
            "전세실거래년":20211106.0,
            "전세실거래가":9500.0,
            "전세가율":55.88,
            "장기전세가율평균":70.76,
            "전세가율거품지수":14.88,
            "검색코드":8952,
            "세대수":180.0,
            "준공년월":"1984-04-09",
            "준공년차":39.0,
            "가까운역이름":"도화",
            "가까운역거리":333.33,
            "역세권여부":"역세권",
            "30분이내주요거점역":0,
            "30분거점역이름":"[]",
            "1시간이내주요거점역":3,
            "1시간거점역이름":"['송도', '가산디지털단지', '구로디지털단지']",
            "3km이내백화점수":0,
            "5km이내아울렛몰수":0,
            "1km이내대형먀트수":0,
            "500m이내은행수":2,
            "500m이내병원수":0,
            "5km이내대형병원수":9,
            "500m이내공원수":1,
            "3km이내혐오시설수":0,
            "초등학교학업성취도":89.99,
            "중학교학업성취도":70.0,
            "용적률":152,
            "건폐율":30,
            "Y":37.46892,
            "X":126.667501,
            "rank":47.0,
            "area_info":"23평(76.82), 25평(83.52)",
            "last_sales":"2022-01-07,17000.0,23평(76.82)",
            "rank_history":[
                [
                    "202202",
                    47
                ],
                [
                    "202201",
                    45
                ]
            ],
            "rank_gap":-2
        },
        {
            "index":434,
            "아파트명":"주안프라움에스(도시형)",
            "투자타입":"일반",
            "전용면적(m2)":"23.25",
            "전용면적(평)":"7평",
            "법정동주소":"인천시 미추홀구 주안동 23-1",
            "도로명주소":"인천시 미추홀구 주염로 8",
            "세대수":0,
            "입주년차":60,
            "용적률점수":"--",
            "건폐율점수":"--",
            "세대당주차수":0,
            "난방방식":30,
            "공급면적":"--",
            "전용률":"--",
            "욕실수":50,
            "현관타입":10,
            "주거총점":21.0,
            "지역구공급총점":0.0,
            "역세권":80,
            "30분내 이동가능 거점":0,
            "1시간내 이동가능 거점":60,
            "교통총점":52.0,
            "백화점":0,
            "아울렛몰":0,
            "대형마트":80,
            "은행":0,
            "병원":0,
            "종합병원":100,
            "공원":80,
            "혐오시설":0,
            "인프라총점":34.4,
            "초등학군":89.99,
            "중학군":47.52,
            "학군총점":56.014,
            "인구수":44.13,
            "인구증감":8.1,
            "인구총점":33.321,
            "일자리":19.14,
            "소득수준":48.52,
            "일자리총점":27.954,
            "가치 총점":41.1221,
            "매매실거래년":20210812.0,
            "매매실거래가":8300.0,
            "전세실거래년":20210801.0,
            "전세실거래가":5500.0,
            "전세가율":66.27,
            "장기전세가율평균":70.76,
            "전세가율거품지수":4.49,
            "검색코드":117844,
            "세대수":149.0,
            "준공년월":"2013-11-19",
            "준공년차":10.0,
            "가까운역이름":"주안",
            "가까운역거리":242.28,
            "역세권여부":"역세권",
            "30분이내주요거점역":0,
            "30분거점역이름":"[]",
            "1시간이내주요거점역":6,
            "1시간거점역이름":"['여의도', '송도', '가산디지털단지', '홍대입구', '구로디지털단지', '마곡']",
            "3km이내백화점수":0,
            "5km이내아울렛몰수":0,
            "1km이내대형먀트수":1,
            "500m이내은행수":1,
            "500m이내병원수":0,
            "5km이내대형병원수":10,
            "500m이내공원수":1,
            "3km이내혐오시설수":0,
            "초등학교학업성취도":89.99,
            "중학교학업성취도":78.2,
            "용적률":249,
            "건폐율":52,
            "Y":37.466348,
            "X":126.682019,
            "rank":48.0,
            "area_info":"7평(23.25), 14평(46.77)",
            "last_sales":"2021-08-12,8300.0,7평(23.25)",
            "rank_history":[
                [
                    "202202",
                    48
                ],
                [
                    "202201",
                    47
                ]
            ],
            "rank_gap":-1
        },
        {
            "index":163,
            "아파트명":"대진(574-3)",
            "투자타입":"재건축",
            "전용면적(m2)":"52.57",
            "전용면적(평)":"15평",
            "법정동주소":"인천시 미추홀구 용현동 574-3",
            "도로명주소":"인천시 미추홀구 능해길46번길 38",
            "세대수":0,
            "입주년차":"--",
            "용적률점수":60,
            "건폐율점수":40,
            "세대당주차수":"--",
            "난방방식":"--",
            "공급면적":50,
            "전용률":60,
            "욕실수":"--",
            "현관타입":"--",
            "주거총점":37.5,
            "지역구공급총점":0.0,
            "역세권":80,
            "30분내 이동가능 거점":20,
            "1시간내 이동가능 거점":20,
            "교통총점":50.0,
            "백화점":0,
            "아울렛몰":0,
            "대형마트":0,
            "은행":20,
            "병원":0,
            "종합병원":100,
            "공원":100,
            "혐오시설":0,
            "인프라총점":25.0,
            "초등학군":90.0,
            "중학군":48.96,
            "학군총점":57.168,
            "인구수":44.13,
            "인구증감":8.1,
            "인구총점":33.321,
            "일자리":19.14,
            "소득수준":48.52,
            "일자리총점":27.954,
            "가치 총점":41.0752,
            "매매실거래년":20211120.0,
            "매매실거래가":13000.0,
            "전세실거래년":20210406.0,
            "전세실거래가":7000.0,
            "전세가율":53.85,
            "장기전세가율평균":70.76,
            "전세가율거품지수":16.91,
            "검색코드":9830,
            "세대수":168.0,
            "준공년월":"1989-06-30",
            "준공년차":34.0,
            "가까운역이름":"숭의",
            "가까운역거리":392.7,
            "역세권여부":"역세권",
            "30분이내주요거점역":1,
            "30분거점역이름":"['송도']",
            "1시간이내주요거점역":2,
            "1시간거점역이름":"['송도', '안산']",
            "3km이내백화점수":0,
            "5km이내아울렛몰수":0,
            "1km이내대형먀트수":0,
            "500m이내은행수":2,
            "500m이내병원수":0,
            "5km이내대형병원수":6,
            "500m이내공원수":2,
            "3km이내혐오시설수":0,
            "초등학교학업성취도":90.0,
            "중학교학업성취도":80.8,
            "용적률":194,
            "건폐율":38,
            "Y":37.45726,
            "X":126.63847,
            "rank":49.0,
            "area_info":"15평(52.57), 20평(66.88), 21평(70.56)",
            "last_sales":"2021-11-20,13000.0,15평(52.57)",
            "rank_history":[
                [
                    "202202",
                    49
                ],
                [
                    "202201",
                    46
                ]
            ],
            "rank_gap":-3
        },
        {
            "index":114,
            "아파트명":"대준블루온",
            "투자타입":"일반",
            "전용면적(m2)":"43.58",
            "전용면적(평)":"13평",
            "법정동주소":"인천시 미추홀구 숭의동 342-31",
            "도로명주소":"인천시 미추홀구 제물량로24번길 85",
            "세대수":0,
            "입주년차":80,
            "용적률점수":"--",
            "건폐율점수":"--",
            "세대당주차수":0,
            "난방방식":30,
            "공급면적":"--",
            "전용률":"--",
            "욕실수":50,
            "현관타입":100,
            "주거총점":34.0,
            "지역구공급총점":0.0,
            "역세권":80,
            "30분내 이동가능 거점":20,
            "1시간내 이동가능 거점":20,
            "교통총점":50.0,
            "백화점":0,
            "아울렛몰":0,
            "대형마트":80,
            "은행":0,
            "병원":0,
            "종합병원":100,
            "공원":0,
            "혐오시설":0,
            "인프라총점":32.0,
            "초등학군":90.0,
            "중학군":36.24,
            "학군총점":46.992,
            "인구수":44.13,
            "인구증감":8.1,
            "인구총점":33.321,
            "일자리":19.14,
            "소득수준":48.52,
            "일자리총점":27.954,
            "가치 총점":40.9488,
            "매매실거래년":20201210.0,
            "매매실거래가":16700.0,
            "전세실거래년":null,
            "전세실거래가":null,
            "전세가율":null,
            "장기전세가율평균":70.76,
            "전세가율거품지수":null,
            "검색코드":110163,
            "세대수":174.0,
            "준공년월":"2016-05-01",
            "준공년차":7.0,
            "가까운역이름":"숭의",
            "가까운역거리":324.92,
            "역세권여부":"역세권",
            "30분이내주요거점역":1,
            "30분거점역이름":"['송도']",
            "1시간이내주요거점역":2,
            "1시간거점역이름":"['송도', '안산']",
            "3km이내백화점수":0,
            "5km이내아울렛몰수":0,
            "1km이내대형먀트수":1,
            "500m이내은행수":0,
            "500m이내병원수":0,
            "5km이내대형병원수":7,
            "500m이내공원수":0,
            "3km이내혐오시설수":0,
            "초등학교학업성취도":90.0,
            "중학교학업성취도":60.4,
            "용적률":790,
            "건폐율":79,
            "Y":37.461241,
            "X":126.641934,
            "rank":50.0,
            "area_info":"13평(43.58), 16평(54.87), 18평(60.96), 18평(62.22), 19평(63.89), 20평(68.66), 21평(69.48), 21평(69.49), 21평(69.94)",
            "last_sales":"2020-12-10,16700.0,21평(69.94)",
            "rank_history":[
                [
                    "202202",
                    50
                ],
                [
                    "202201",
                    55
                ]
            ],
            "rank_gap":5
        },
        {
            "index":16,
            "아파트명":"e편한세상도화5단지(민간임대)",
            "투자타입":"일반",
            "전용면적(m2)":"82.69",
            "전용면적(평)":"25평",
            "법정동주소":"인천시 미추홀구 도화동 1004",
            "도로명주소":"인천시 미추홀구 숙골로112번길 11",
            "세대수":90,
            "입주년차":80,
            "용적률점수":"--",
            "건폐율점수":"--",
            "세대당주차수":30,
            "난방방식":100,
            "공급면적":"--",
            "전용률":"--",
            "욕실수":100,
            "현관타입":100,
            "주거총점":82.0,
            "지역구공급총점":0.0,
            "역세권":50,
            "30분내 이동가능 거점":0,
            "1시간내 이동가능 거점":20,
            "교통총점":29.0,
            "백화점":0,
            "아울렛몰":0,
            "대형마트":0,
            "은행":0,
            "병원":0,
            "종합병원":100,
            "공원":80,
            "혐오시설":-50,
            "인프라총점":21.4,
            "초등학군":90.01,
            "중학군":42.72,
            "학군총점":52.178,
            "인구수":44.13,
            "인구증감":8.1,
            "인구총점":33.321,
            "일자리":19.14,
            "소득수준":48.52,
            "일자리총점":27.954,
            "가치 총점":40.7967,
            "매매실거래년":"18000101",
            "매매실거래가":null,
            "전세실거래년":null,
            "전세실거래가":null,
            "전세가율":null,
            "장기전세가율평균":70.76,
            "전세가율거품지수":null,
            "검색코드":119591,
            "세대수":932.0,
            "준공년월":"2018-01-25",
            "준공년차":5.0,
            "가까운역이름":"제물포",
            "가까운역거리":909.17,
            "역세권여부":"준역세권",
            "30분이내주요거점역":0,
            "30분거점역이름":"[]",
            "1시간이내주요거점역":2,
            "1시간거점역이름":"['송도', '구로디지털단지']",
            "3km이내백화점수":0,
            "5km이내아울렛몰수":0,
            "1km이내대형먀트수":0,
            "500m이내은행수":1,
            "500m이내병원수":0,
            "5km이내대형병원수":9,
            "500m이내공원수":1,
            "3km이내혐오시설수":1,
            "초등학교학업성취도":90.01,
            "중학교학업성취도":70.0,
            "용적률":249,
            "건폐율":14,
            "Y":37.473437,
            "X":126.662628,
            "rank":51.0,
            "area_info":"25평(82.69), 33평(109.72), 33평(110.2), 33평(110.22)",
            "last_sales":"1800-01-01,nan,25평(82.69)",
            "rank_history":[
                [
                    "202202",
                    51
                ],
                [
                    "202201",
                    54
                ]
            ],
            "rank_gap":3
        },
        {
            "index":47,
            "아파트명":"도화역대성유니드",
            "투자타입":"일반",
            "전용면적(m2)":"86.02",
            "전용면적(평)":"26평",
            "법정동주소":"인천시 미추홀구 도화동 984",
            "도로명주소":"인천시 미추홀구 숙골로8번길 15",
            "세대수":0,
            "입주년차":80,
            "용적률점수":"--",
            "건폐율점수":"--",
            "세대당주차수":30,
            "난방방식":30,
            "공급면적":"--",
            "전용률":"--",
            "욕실수":100,
            "현관타입":100,
            "주거총점":43.5,
            "지역구공급총점":0.0,
            "역세권":80,
            "30분내 이동가능 거점":0,
            "1시간내 이동가능 거점":60,
            "교통총점":52.0,
            "백화점":0,
            "아울렛몰":0,
            "대형마트":0,
            "은행":0,
            "병원":0,
            "종합병원":100,
            "공원":0,
            "혐오시설":0,
            "인프라총점":20.0,
            "초등학군":89.98,
            "중학군":42.72,
            "학군총점":52.172,
            "인구수":44.13,
            "인구증감":8.1,
            "인구총점":33.321,
            "일자리":19.14,
            "소득수준":48.52,
            "일자리총점":27.954,
            "가치 총점":40.7258,
            "매매실거래년":20211223.0,
            "매매실거래가":38000.0,
            "전세실거래년":20201026.0,
            "전세실거래가":16000.0,
            "전세가율":48.93,
            "장기전세가율평균":70.76,
            "전세가율거품지수":21.83,
            "검색코드":104885,
            "세대수":265.0,
            "준공년월":"2014-09-11",
            "준공년차":9.0,
            "가까운역이름":"도화",
            "가까운역거리":101.41,
            "역세권여부":"역세권",
            "30분이내주요거점역":0,
            "30분거점역이름":"[]",
            "1시간이내주요거점역":6,
            "1시간거점역이름":"['여의도', '송도', '가산디지털단지', '홍대입구', '구로디지털단지', '안산']",
            "3km이내백화점수":0,
            "5km이내아울렛몰수":0,
            "1km이내대형먀트수":0,
            "500m이내은행수":1,
            "500m이내병원수":0,
            "5km이내대형병원수":9,
            "500m이내공원수":0,
            "3km이내혐오시설수":0,
            "초등학교학업성취도":89.98,
            "중학교학업성취도":70.0,
            "용적률":278,
            "건폐율":24,
            "Y":37.465158,
            "X":126.668675,
            "rank":52.0,
            "area_info":"26평(86.02), 33평(111.61), 42평(141.02)",
            "last_sales":"2021-12-23,38000.0,42평(141.02)",
            "rank_history":[
                [
                    "202202",
                    52
                ],
                [
                    "202201",
                    49
                ]
            ],
            "rank_gap":-3
        },
        {
            "index":498,
            "아파트명":"신동아1,2차",
            "투자타입":"재건축",
            "전용면적(m2)":"51.89",
            "전용면적(평)":"15평",
            "법정동주소":"인천시 미추홀구 학익동 125-1",
            "도로명주소":"인천시 미추홀구 소성로 211",
            "세대수":90,
            "입주년차":"--",
            "용적률점수":60,
            "건폐율점수":100,
            "세대당주차수":"--",
            "난방방식":"--",
            "공급면적":50,
            "전용률":80,
            "욕실수":"--",
            "현관타입":"--",
            "주거총점":77.5,
            "지역구공급총점":0.0,
            "역세권":0,
            "30분내 이동가능 거점":0,
            "1시간내 이동가능 거점":10,
            "교통총점":2.0,
            "백화점":100,
            "아울렛몰":0,
            "대형마트":0,
            "은행":20,
            "병원":0,
            "종합병원":100,
            "공원":100,
            "혐오시설":0,
            "인프라총점":55.0,
            "초등학군":89.99,
            "중학군":44.16,
            "학군총점":53.326,
            "인구수":44.13,
            "인구증감":8.1,
            "인구총점":33.321,
            "일자리":19.14,
            "소득수준":48.52,
            "일자리총점":27.954,
            "가치 총점":40.6989,
            "매매실거래년":20210403.0,
            "매매실거래가":25100.0,
            "전세실거래년":null,
            "전세실거래가":null,
            "전세가율":null,
            "장기전세가율평균":70.76,
            "전세가율거품지수":null,
            "검색코드":2463,
            "세대수":938.0,
            "준공년월":"1988-11-30",
            "준공년차":35.0,
            "가까운역이름":"송도",
            "가까운역거리":1860.36,
            "역세권여부":"비역세권",
            "30분이내주요거점역":0,
            "30분거점역이름":"[]",
            "1시간이내주요거점역":1,
            "1시간거점역이름":"['송도']",
            "3km이내백화점수":1,
            "5km이내아울렛몰수":0,
            "1km이내대형먀트수":0,
            "500m이내은행수":2,
            "500m이내병원수":0,
            "5km이내대형병원수":7,
            "500m이내공원수":5,
            "3km이내혐오시설수":0,
            "초등학교학업성취도":89.99,
            "중학교학업성취도":73.0,
            "용적률":192,
            "건폐율":17,
            "Y":37.441178,
            "X":126.671541,
            "rank":53.0,
            "area_info":"15평(51.89), 15평(52.04), 18평(61.44), 18평(61.09), 21평(70.53), 21평(70.09), 24평(79.71), 24평(80.1), 27평(89.71), 31평(102.89)",
            "last_sales":"2021-04-03,25100.0,31평(102.89)",
            "rank_history":[
                [
                    "202202",
                    53
                ],
                [
                    "202201",
                    52
                ]
            ],
            "rank_gap":-1
        },
        {
            "index":20,
            "아파트명":"e편한세상도화6-1단지(민간임대)",
            "투자타입":"일반",
            "전용면적(m2)":"84.8",
            "전용면적(평)":"25평",
            "법정동주소":"인천시 미추홀구 도화동 1009",
            "도로명주소":"인천시 미추홀구 숙골로88번길 46",
            "세대수":90,
            "입주년차":80,
            "용적률점수":"--",
            "건폐율점수":"--",
            "세대당주차수":30,
            "난방방식":100,
            "공급면적":"--",
            "전용률":"--",
            "욕실수":100,
            "현관타입":100,
            "주거총점":82.0,
            "지역구공급총점":0.0,
            "역세권":50,
            "30분내 이동가능 거점":0,
            "1시간내 이동가능 거점":20,
            "교통총점":29.0,
            "백화점":0,
            "아울렛몰":0,
            "대형마트":0,
            "은행":0,
            "병원":0,
            "종합병원":100,
            "공원":100,
            "혐오시설":-100,
            "인프라총점":21.0,
            "초등학군":90.01,
            "중학군":42.72,
            "학군총점":52.178,
            "인구수":44.13,
            "인구증감":8.1,
            "인구총점":33.321,
            "일자리":19.14,
            "소득수준":48.52,
            "일자리총점":27.954,
            "가치 총점":40.6767,
            "매매실거래년":"18000101",
            "매매실거래가":null,
            "전세실거래년":null,
            "전세실거래가":null,
            "전세가율":null,
            "장기전세가율평균":70.76,
            "전세가율거품지수":null,
            "검색코드":119595,
            "세대수":1173.0,
            "준공년월":"2018-01-25",
            "준공년차":5.0,
            "가까운역이름":"도화",
            "가까운역거리":906.99,
            "역세권여부":"준역세권",
            "30분이내주요거점역":0,
            "30분거점역이름":"[]",
            "1시간이내주요거점역":2,
            "1시간거점역이름":"['송도', '가산디지털단지']",
            "3km이내백화점수":0,
            "5km이내아울렛몰수":0,
            "1km이내대형먀트수":0,
            "500m이내은행수":1,
            "500m이내병원수":0,
            "5km이내대형병원수":9,
            "500m이내공원수":2,
            "3km이내혐오시설수":2,
            "초등학교학업성취도":90.01,
            "중학교학업성취도":70.0,
            "용적률":245,
            "건폐율":15,
            "Y":37.473937,
            "X":126.665957,
            "rank":54.0,
            "area_info":"25평(84.8), 25평(85.6), 28평(95.15), 29평(96.19), 29평(96.39), 29평(96.19), 29평(96.39), 33평(110.35), 33평(110.85), 33평(110.82)",
            "last_sales":"1800-01-01,nan,25평(84.8)",
            "rank_history":[
                [
                    "202202",
                    54
                ],
                [
                    "202201",
                    57
                ]
            ],
            "rank_gap":3
        },
        {
            "index":36,
            "아파트명":"더샵인천스카이타워2단지",
            "투자타입":"일반",
            "전용면적(m2)":"101.83",
            "전용면적(평)":"30평",
            "법정동주소":"인천시 미추홀구 도화동 1002",
            "도로명주소":"인천시 미추홀구 숙골로87번길 5",
            "세대수":50,
            "입주년차":100,
            "용적률점수":"--",
            "건폐율점수":"--",
            "세대당주차수":60,
            "난방방식":30,
            "공급면적":"--",
            "전용률":"--",
            "욕실수":100,
            "현관타입":100,
            "주거총점":69.5,
            "지역구공급총점":0.0,
            "역세권":50,
            "30분내 이동가능 거점":0,
            "1시간내 이동가능 거점":40,
            "교통총점":33.0,
            "백화점":0,
            "아울렛몰":0,
            "대형마트":0,
            "은행":20,
            "병원":0,
            "종합병원":100,
            "공원":80,
            "혐오시설":0,
            "인프라총점":24.4,
            "초등학군":89.99,
            "중학군":42.72,
            "학군총점":52.174,
            "인구수":44.13,
            "인구증감":8.1,
            "인구총점":33.321,
            "일자리":19.14,
            "소득수준":48.52,
            "일자리총점":27.954,
            "가치 총점":40.5961,
            "매매실거래년":20210516.0,
            "매매실거래가":58500.0,
            "전세실거래년":20211221.0,
            "전세실거래가":32000.0,
            "전세가율":53.33,
            "장기전세가율평균":70.76,
            "전세가율거품지수":17.43,
            "검색코드":118759,
            "세대수":588.0,
            "준공년월":"2020-11-25",
            "준공년차":3.0,
            "가까운역이름":"도화",
            "가까운역거리":579.2,
            "역세권여부":"준역세권",
            "30분이내주요거점역":0,
            "30분거점역이름":"[]",
            "1시간이내주요거점역":4,
            "1시간거점역이름":"['여의도', '송도', '가산디지털단지', '구로디지털단지']",
            "3km이내백화점수":0,
            "5km이내아울렛몰수":0,
            "1km이내대형먀트수":0,
            "500m이내은행수":2,
            "500m이내병원수":0,
            "5km이내대형병원수":9,
            "500m이내공원수":1,
            "3km이내혐오시설수":0,
            "초등학교학업성취도":89.99,
            "중학교학업성취도":70.0,
            "용적률":439,
            "건폐율":39,
            "Y":37.469205,
            "X":126.663431,
            "rank":55.0,
            "area_info":"30평(101.83), 34평(113.75), 34평(114.26)",
            "last_sales":"2021-05-16,58500.0,34평(114.26)",
            "rank_history":[
                [
                    "202202",
                    55
                ],
                [
                    "202201",
                    50
                ]
            ],
            "rank_gap":-5
        },
        {
            "index":95,
            "아파트명":"광해리드빌",
            "투자타입":"일반",
            "전용면적(m2)":"91.49",
            "전용면적(평)":"27평",
            "법정동주소":"인천시 미추홀구 숭의동 159-1",
            "도로명주소":"인천시 미추홀구 미추로 61",
            "세대수":0,
            "입주년차":20,
            "용적률점수":"--",
            "건폐율점수":"--",
            "세대당주차수":0,
            "난방방식":30,
            "공급면적":"--",
            "전용률":"--",
            "욕실수":100,
            "현관타입":100,
            "주거총점":27.0,
            "지역구공급총점":0.0,
            "역세권":80,
            "30분내 이동가능 거점":20,
            "1시간내 이동가능 거점":30,
            "교통총점":52.0,
            "백화점":0,
            "아울렛몰":0,
            "대형마트":80,
            "은행":0,
            "병원":0,
            "종합병원":100,
            "공원":0,
            "혐오시설":0,
            "인프라총점":32.0,
            "초등학군":90.04,
            "중학군":36.24,
            "학군총점":47.0,
            "인구수":44.13,
            "인구증감":8.1,
            "인구총점":33.321,
            "일자리":19.14,
            "소득수준":48.52,
            "일자리총점":27.954,
            "가치 총점":40.25,
            "매매실거래년":20211006.0,
            "매매실거래가":29700.0,
            "전세실거래년":20210414.0,
            "전세실거래가":17500.0,
            "전세가율":88.38,
            "장기전세가율평균":70.76,
            "전세가율거품지수":-17.62,
            "검색코드":25754,
            "세대수":117.0,
            "준공년월":"2003-12-22",
            "준공년차":20.0,
            "가까운역이름":"도원",
            "가까운역거리":440.21,
            "역세권여부":"역세권",
            "30분이내주요거점역":1,
            "30분거점역이름":"['송도']",
            "1시간이내주요거점역":3,
            "1시간거점역이름":"['송도', '가산디지털단지', '안산']",
            "3km이내백화점수":0,
            "5km이내아울렛몰수":0,
            "1km이내대형먀트수":1,
            "500m이내은행수":1,
            "500m이내병원수":0,
            "5km이내대형병원수":7,
            "500m이내공원수":0,
            "3km이내혐오시설수":0,
            "초등학교학업성취도":90.04,
            "중학교학업성취도":60.4,
            "용적률":563,
            "건폐율":46,
            "Y":37.465054,
            "X":126.645278,
            "rank":56.0,
            "area_info":"27평(91.49), 31평(105.65), 33평(109.59), 33평(109.61)",
            "last_sales":"2021-10-06,29700.0,33평(109.61)",
            "rank_history":[
                [
                    "202202",
                    56
                ],
                [
                    "202201",
                    60
                ]
            ],
            "rank_gap":4
        },
        {
            "index":289,
            "아파트명":"광성(1575-15)",
            "투자타입":"재건축",
            "전용면적(m2)":"50.01",
            "전용면적(평)":"15평",
            "법정동주소":"인천시 미추홀구 주안동 1575-15",
            "도로명주소":"인천시 미추홀구 구월남로48번길 52",
            "세대수":0,
            "입주년차":"--",
            "용적률점수":0,
            "건폐율점수":0,
            "세대당주차수":"--",
            "난방방식":"--",
            "공급면적":50,
            "전용률":60,
            "욕실수":"--",
            "현관타입":"--",
            "주거총점":5.5,
            "지역구공급총점":0.0,
            "역세권":50,
            "30분내 이동가능 거점":0,
            "1시간내 이동가능 거점":30,
            "교통총점":31.0,
            "백화점":100,
            "아울렛몰":0,
            "대형마트":80,
            "은행":20,
            "병원":0,
            "종합병원":100,
            "공원":80,
            "혐오시설":0,
            "인프라총점":66.4,
            "초등학군":89.99,
            "중학군":46.82,
            "학군총점":55.454,
            "인구수":44.13,
            "인구증감":8.1,
            "인구총점":33.321,
            "일자리":19.14,
            "소득수준":48.52,
            "일자리총점":27.954,
            "가치 총점":40.1881,
            "매매실거래년":20190629.0,
            "매매실거래가":13250.0,
            "전세실거래년":20150404.0,
            "전세실거래가":5500.0,
            "전세가율":39.57,
            "장기전세가율평균":70.76,
            "전세가율거품지수":31.19,
            "검색코드":9592,
            "세대수":115.0,
            "준공년월":"1987-02-02",
            "준공년차":36.0,
            "가까운역이름":"석바위시장",
            "가까운역거리":677.88,
            "역세권여부":"준역세권",
            "30분이내주요거점역":0,
            "30분거점역이름":"[]",
            "1시간이내주요거점역":3,
            "1시간거점역이름":"['송도', '구로디지털단지', '안산']",
            "3km이내백화점수":1,
            "5km이내아울렛몰수":0,
            "1km이내대형먀트수":1,
            "500m이내은행수":2,
            "500m이내병원수":0,
            "5km이내대형병원수":6,
            "500m이내공원수":1,
            "3km이내혐오시설수":0,
            "초등학교학업성취도":89.99,
            "중학교학업성취도":76.3,
            "용적률":0,
            "건폐율":0,
            "Y":37.451565,
            "X":126.69356,
            "rank":57.0,
            "area_info":"15평(50.01), 15평(52.58), 16평(53.01), 16평(53.2)",
            "last_sales":"2019-06-29,13250.0,16평(53.2)",
            "rank_history":[
                [
                    "202202",
                    57
                ],
                [
                    "202201",
                    59
                ]
            ],
            "rank_gap":2
        },
        {
            "index":295,
            "아파트명":"남광로얄(1443)",
            "투자타입":"재건축",
            "전용면적(m2)":"50.26",
            "전용면적(평)":"15평",
            "법정동주소":"인천시 미추홀구 주안동 1443",
            "도로명주소":"인천시 미추홀구 인주대로366번길 23",
            "세대수":50,
            "입주년차":"--",
            "용적률점수":20,
            "건폐율점수":0,
            "세대당주차수":"--",
            "난방방식":"--",
            "공급면적":50,
            "전용률":100,
            "욕실수":"--",
            "현관타입":"--",
            "주거총점":30.5,
            "지역구공급총점":0.0,
            "역세권":50,
            "30분내 이동가능 거점":0,
            "1시간내 이동가능 거점":20,
            "교통총점":29.0,
            "백화점":100,
            "아울렛몰":0,
            "대형마트":0,
            "은행":0,
            "병원":0,
            "종합병원":100,
            "공원":80,
            "혐오시설":0,
            "인프라총점":52.4,
            "초등학군":89.98,
            "중학군":44.96,
            "학군총점":53.964,
            "인구수":44.13,
            "인구증감":8.1,
            "인구총점":33.321,
            "일자리":19.14,
            "소득수준":48.52,
            "일자리총점":27.954,
            "가치 총점":40.0646,
            "매매실거래년":20220107.0,
            "매매실거래가":20000.0,
            "전세실거래년":20211025.0,
            "전세실거래가":8000.0,
            "전세가율":40.0,
            "장기전세가율평균":70.76,
            "전세가율거품지수":30.76,
            "검색코드":2443,
            "세대수":474.0,
            "준공년월":"1980-02-21",
            "준공년차":43.0,
            "가까운역이름":"시민공원",
            "가까운역거리":924.0,
            "역세권여부":"준역세권",
            "30분이내주요거점역":0,
            "30분거점역이름":"[]",
            "1시간이내주요거점역":2,
            "1시간거점역이름":"['송도', '안산']",
            "3km이내백화점수":1,
            "5km이내아울렛몰수":0,
            "1km이내대형먀트수":0,
            "500m이내은행수":0,
            "500m이내병원수":0,
            "5km이내대형병원수":9,
            "500m이내공원수":1,
            "3km이내혐오시설수":0,
            "초등학교학업성취도":89.98,
            "중학교학업성취도":74.4,
            "용적률":211,
            "건폐율":0,
            "Y":37.450371,
            "X":126.678204,
            "rank":58.0,
            "area_info":"15평(50.26), 16평(53.16), 19평(65.94), 20평(67.29), 22평(73.14), 22평(74.64), 22평(74.86), 25평(83.16), 25평(83.0), 25평(84.15), 25평(84.75), 26평(86.04), 26평(86.81), 31평(103.96), 40평(132.44), 40평(132.48)",
            "last_sales":"2022-01-07,20000.0,15평(50.26)",
            "rank_history":[
                [
                    "202202",
                    58
                ],
                [
                    "202201",
                    51
                ]
            ],
            "rank_gap":-7
        },
        {
            "index":332,
            "아파트명":"명주아르디에(도시형)",
            "투자타입":"일반",
            "전용면적(m2)":"21.25",
            "전용면적(평)":"6평",
            "법정동주소":"인천시 미추홀구 주안동 220-1",
            "도로명주소":"인천시 미추홀구 미추홀대로733번길 27",
            "세대수":0,
            "입주년차":60,
            "용적률점수":"--",
            "건폐율점수":"--",
            "세대당주차수":0,
            "난방방식":30,
            "공급면적":"--",
            "전용률":"--",
            "욕실수":50,
            "현관타입":10,
            "주거총점":21.0,
            "지역구공급총점":0.0,
            "역세권":80,
            "30분내 이동가능 거점":0,
            "1시간내 이동가능 거점":60,
            "교통총점":52.0,
            "백화점":0,
            "아울렛몰":0,
            "대형마트":0,
            "은행":70,
            "병원":0,
            "종합병원":100,
            "공원":100,
            "혐오시설":0,
            "인프라총점":30.0,
            "초등학군":89.99,
            "중학군":47.52,
            "학군총점":56.014,
            "인구수":44.13,
            "인구증감":8.1,
            "인구총점":33.321,
            "일자리":19.14,
            "소득수준":48.52,
            "일자리총점":27.954,
            "가치 총점":39.8021,
            "매매실거래년":20210916.0,
            "매매실거래가":8560.0,
            "전세실거래년":null,
            "전세실거래가":null,
            "전세가율":null,
            "장기전세가율평균":70.76,
            "전세가율거품지수":null,
            "검색코드":103194,
            "세대수":129.0,
            "준공년월":"2012-09-14",
            "준공년차":11.0,
            "가까운역이름":"주안",
            "가까운역거리":250.62,
            "역세권여부":"역세권",
            "30분이내주요거점역":0,
            "30분거점역이름":"[]",
            "1시간이내주요거점역":6,
            "1시간거점역이름":"['여의도', '송도', '가산디지털단지', '홍대입구', '구로디지털단지', '마곡']",
            "3km이내백화점수":0,
            "5km이내아울렛몰수":0,
            "1km이내대형먀트수":0,
            "500m이내은행수":3,
            "500m이내병원수":0,
            "5km이내대형병원수":9,
            "500m이내공원수":2,
            "3km이내혐오시설수":0,
            "초등학교학업성취도":89.99,
            "중학교학업성취도":78.2,
            "용적률":674,
            "건폐율":78,
            "Y":37.462956,
            "X":126.678578,
            "rank":59.0,
            "area_info":"6평(21.25), 6평(22.96), 6평(22.38), 7평(24.24), 7평(24.7), 7평(25.75), 7평(25.51), 7평(25.75), 7평(25.39), 7평(25.78), 7평(26.31), 8평(26.87), 8평(27.83), 8평(28.52), 8평(28.93), 9평(31.88), 9평(32.35), 10평(34.11), 11평(37.26), 11평(38.05), 11평(39.09), 11평(39.14), 12평(39.73), 12평(40.69), 12평(40.94), 12평(42.75), 12평(42.06), 13평(43.07), 13평(45.66), 14평(47.7), 14평(49.13), 16평(55.62), 18평(61.14)",
            "last_sales":"2021-09-16,8560.0,11평(39.14)",
            "rank_history":[
                [
                    "202202",
                    59
                ],
                [
                    "202201",
                    53
                ]
            ],
            "rank_gap":-6
        },
        {
            "index":123,
            "아파트명":"숭의아르떼노블(도시형)",
            "투자타입":"일반",
            "전용면적(m2)":"27.67",
            "전용면적(평)":"8평",
            "법정동주소":"인천시 미추홀구 숭의동 78-9",
            "도로명주소":"인천시 미추홀구 경인로 99",
            "세대수":0,
            "입주년차":80,
            "용적률점수":"--",
            "건폐율점수":"--",
            "세대당주차수":0,
            "난방방식":30,
            "공급면적":"--",
            "전용률":"--",
            "욕실수":50,
            "현관타입":10,
            "주거총점":25.0,
            "지역구공급총점":0.0,
            "역세권":80,
            "30분내 이동가능 거점":0,
            "1시간내 이동가능 거점":50,
            "교통총점":50.0,
            "백화점":0,
            "아울렛몰":0,
            "대형마트":80,
            "은행":20,
            "병원":0,
            "종합병원":100,
            "공원":0,
            "혐오시설":0,
            "인프라총점":34.0,
            "초등학군":89.99,
            "중학군":35.22,
            "학군총점":46.174,
            "인구수":44.13,
            "인구증감":8.1,
            "인구총점":33.321,
            "일자리":19.14,
            "소득수준":48.52,
            "일자리총점":27.954,
            "가치 총점":39.6261,
            "매매실거래년":20211227.0,
            "매매실거래가":5900.0,
            "전세실거래년":null,
            "전세실거래가":null,
            "전세가율":null,
            "장기전세가율평균":70.76,
            "전세가율거품지수":null,
            "검색코드":106061,
            "세대수":140.0,
            "준공년월":"2014-02-14",
            "준공년차":9.0,
            "가까운역이름":"제물포",
            "가까운역거리":267.74,
            "역세권여부":"역세권",
            "30분이내주요거점역":0,
            "30분거점역이름":"[]",
            "1시간이내주요거점역":5,
            "1시간거점역이름":"['여의도', '송도', '가산디지털단지', '홍대입구', '구로디지털단지']",
            "3km이내백화점수":0,
            "5km이내아울렛몰수":0,
            "1km이내대형먀트수":1,
            "500m이내은행수":2,
            "500m이내병원수":0,
            "5km이내대형병원수":7,
            "500m이내공원수":0,
            "3km이내혐오시설수":0,
            "초등학교학업성취도":89.99,
            "중학교학업성취도":57.7,
            "용적률":688,
            "건폐율":67,
            "Y":37.466502,
            "X":126.653651,
            "rank":60.0,
            "area_info":"8평(27.67), 8평(27.51), 8평(27.6), 8평(27.95), 8평(28.24), 8평(28.07), 8평(28.02), 8평(28.06), 9평(31.53), 11평(38.19)",
            "last_sales":"2021-12-27,5900.0,11평(38.19)",
            "rank_history":[
                [
                    "202202",
                    60
                ],
                [
                    "202201",
                    58
                ]
            ],
            "rank_gap":-2
        },
        {
            "index":380,
            "아파트명":"쌍용주안",
            "투자타입":"재건축",
            "전용면적(m2)":"76.81",
            "전용면적(평)":"23평",
            "법정동주소":"인천시 미추홀구 주안동 1250",
            "도로명주소":"인천시 미추홀구 인하로 292",
            "세대수":80,
            "입주년차":"--",
            "용적률점수":60,
            "건폐율점수":100,
            "세대당주차수":"--",
            "난방방식":"--",
            "공급면적":50,
            "전용률":100,
            "욕실수":"--",
            "현관타입":"--",
            "주거총점":75.5,
            "지역구공급총점":0.0,
            "역세권":0,
            "30분내 이동가능 거점":0,
            "1시간내 이동가능 거점":10,
            "교통총점":2.0,
            "백화점":100,
            "아울렛몰":0,
            "대형마트":0,
            "은행":0,
            "병원":0,
            "종합병원":100,
            "공원":80,
            "혐오시설":0,
            "인프라총점":52.4,
            "초등학군":89.98,
            "중학군":44.96,
            "학군총점":53.964,
            "인구수":44.13,
            "인구증감":8.1,
            "인구총점":33.321,
            "일자리":19.14,
            "소득수준":48.52,
            "일자리총점":27.954,
            "가치 총점":39.6146,
            "매매실거래년":20211030.0,
            "매매실거래가":28000.0,
            "전세실거래년":20201019.0,
            "전세실거래가":15000.0,
            "전세가율":53.57,
            "장기전세가율평균":70.76,
            "전세가율거품지수":17.19,
            "검색코드":2444,
            "세대수":768.0,
            "준공년월":"1984-11-26",
            "준공년차":39.0,
            "가까운역이름":"시민공원",
            "가까운역거리":1260.26,
            "역세권여부":"비역세권",
            "30분이내주요거점역":0,
            "30분거점역이름":"[]",
            "1시간이내주요거점역":1,
            "1시간거점역이름":"['송도']",
            "3km이내백화점수":1,
            "5km이내아울렛몰수":0,
            "1km이내대형먀트수":0,
            "500m이내은행수":0,
            "500m이내병원수":0,
            "5km이내대형병원수":8,
            "500m이내공원수":1,
            "3km이내혐오시설수":0,
            "초등학교학업성취도":89.98,
            "중학교학업성취도":74.4,
            "용적률":186,
            "건폐율":17,
            "Y":37.447024,
            "X":126.680287,
            "rank":61.0,
            "area_info":"23평(76.81), 23평(76.8), 27평(89.63), 27평(89.64), 27평(90.94), 31평(102.94), 31평(102.79), 31평(102.95), 41평(138.79), 41평(138.81)",
            "last_sales":"2021-10-30,28000.0,23평(76.81)",
            "rank_history":[
                [
                    "202202",
                    61
                ],
                [
                    "202201",
                    56
                ]
            ],
            "rank_gap":-5
        },
        {
            "index":141,
            "아파트명":"현대",
            "투자타입":"재건축",
            "전용면적(m2)":"79.1",
            "전용면적(평)":"23평",
            "법정동주소":"인천시 미추홀구 숭의동 129-96",
            "도로명주소":"인천시 미추홀구 독정이로 117",
            "세대수":0,
            "입주년차":"--",
            "용적률점수":80,
            "건폐율점수":100,
            "세대당주차수":"--",
            "난방방식":"--",
            "공급면적":50,
            "전용률":60,
            "욕실수":"--",
            "현관타입":"--",
            "주거총점":57.5,
            "지역구공급총점":0.0,
            "역세권":50,
            "30분내 이동가능 거점":0,
            "1시간내 이동가능 거점":40,
            "교통총점":33.0,
            "백화점":0,
            "아울렛몰":0,
            "대형마트":80,
            "은행":0,
            "병원":0,
            "종합병원":100,
            "공원":0,
            "혐오시설":0,
            "인프라총점":32.0,
            "초등학군":89.99,
            "중학군":35.22,
            "학군총점":46.174,
            "인구수":44.13,
            "인구증감":8.1,
            "인구총점":33.321,
            "일자리":19.14,
            "소득수준":48.52,
            "일자리총점":27.954,
            "가치 총점":39.5761,
            "매매실거래년":20210901.0,
            "매매실거래가":18600.0,
            "전세실거래년":20211025.0,
            "전세실거래가":12000.0,
            "전세가율":64.52,
            "장기전세가율평균":70.76,
            "전세가율거품지수":6.24,
            "검색코드":9220,
            "세대수":134.0,
            "준공년월":"1986-08-30",
            "준공년차":37.0,
            "가까운역이름":"도원",
            "가까운역거리":619.27,
            "역세권여부":"준역세권",
            "30분이내주요거점역":0,
            "30분거점역이름":"[]",
            "1시간이내주요거점역":4,
            "1시간거점역이름":"['송도', '가산디지털단지', '구로디지털단지', '안산']",
            "3km이내백화점수":0,
            "5km이내아울렛몰수":0,
            "1km이내대형먀트수":1,
            "500m이내은행수":1,
            "500m이내병원수":0,
            "5km이내대형병원수":7,
            "500m이내공원수":0,
            "3km이내혐오시설수":0,
            "초등학교학업성취도":89.99,
            "중학교학업성취도":57.7,
            "용적률":154,
            "건폐율":16,
            "Y":37.465617,
            "X":126.64875,
            "rank":62.0,
            "area_info":"23평(79.1), 27평(89.37)",
            "last_sales":"2021-09-01,18600.0,23평(79.1)",
            "rank_history":[
                [
                    "202202",
                    62
                ],
                [
                    "202201",
                    64
                ]
            ],
            "rank_gap":2
        },
        {
            "index":199,
            "아파트명":"신창미션힐",
            "투자타입":"일반",
            "전용면적(m2)":"83.08",
            "전용면적(평)":"25평",
            "법정동주소":"인천시 미추홀구 용현동 627-534",
            "도로명주소":"인천시 미추홀구 매소홀로 171",
            "세대수":80,
            "입주년차":40,
            "용적률점수":"--",
            "건폐율점수":"--",
            "세대당주차수":0,
            "난방방식":30,
            "공급면적":"--",
            "전용률":"--",
            "욕실수":100,
            "현관타입":100,
            "주거총점":59.0,
            "지역구공급총점":0.0,
            "역세권":50,
            "30분내 이동가능 거점":0,
            "1시간내 이동가능 거점":20,
            "교통총점":29.0,
            "백화점":0,
            "아울렛몰":0,
            "대형마트":80,
            "은행":0,
            "병원":0,
            "종합병원":100,
            "공원":0,
            "혐오시설":-50,
            "인프라총점":31.0,
            "초등학군":89.99,
            "중학군":44.5,
            "학군총점":53.598,
            "인구수":44.13,
            "인구증감":8.1,
            "인구총점":33.321,
            "일자리":19.14,
            "소득수준":48.52,
            "일자리총점":27.954,
            "가치 총점":39.2897,
            "매매실거래년":20211210.0,
            "매매실거래가":50000.0,
            "전세실거래년":20220125.0,
            "전세실거래가":32000.0,
            "전세가율":73.06,
            "장기전세가율평균":70.76,
            "전세가율거품지수":-2.3,
            "검색코드":9163,
            "세대수":821.0,
            "준공년월":"2004-04-30",
            "준공년차":19.0,
            "가까운역이름":"인하대",
            "가까운역거리":776.11,
            "역세권여부":"준역세권",
            "30분이내주요거점역":0,
            "30분거점역이름":"[]",
            "1시간이내주요거점역":2,
            "1시간거점역이름":"['송도', '안산']",
            "3km이내백화점수":0,
            "5km이내아울렛몰수":0,
            "1km이내대형먀트수":1,
            "500m이내은행수":1,
            "500m이내병원수":0,
            "5km이내대형병원수":7,
            "500m이내공원수":0,
            "3km이내혐오시설수":1,
            "초등학교학업성취도":89.99,
            "중학교학업성취도":71.3,
            "용적률":249,
            "건폐율":16,
            "Y":37.445041,
            "X":126.641978,
            "rank":63.0,
            "area_info":"25평(83.08), 32평(106.41)",
            "last_sales":"2021-12-10,50000.0,32평(106.41)",
            "rank_history":[
                [
                    "202202",
                    63
                ],
                [
                    "202201",
                    71
                ]
            ],
            "rank_gap":8
        },
        {
            "index":319,
            "아파트명":"드림시티(도시형)",
            "투자타입":"일반",
            "전용면적(m2)":"23.97",
            "전용면적(평)":"7평",
            "법정동주소":"인천시 미추홀구 주안동 29-1",
            "도로명주소":"인천시 미추홀구 염창로 38",
            "세대수":0,
            "입주년차":80,
            "용적률점수":"--",
            "건폐율점수":"--",
            "세대당주차수":0,
            "난방방식":30,
            "공급면적":"--",
            "전용률":"--",
            "욕실수":50,
            "현관타입":10,
            "주거총점":25.0,
            "지역구공급총점":0.0,
            "역세권":80,
            "30분내 이동가능 거점":0,
            "1시간내 이동가능 거점":60,
            "교통총점":52.0,
            "백화점":0,
            "아울렛몰":0,
            "대형마트":0,
            "은행":20,
            "병원":0,
            "종합병원":100,
            "공원":100,
            "혐오시설":0,
            "인프라총점":25.0,
            "초등학군":89.99,
            "중학군":47.52,
            "학군총점":56.014,
            "인구수":44.13,
            "인구증감":8.1,
            "인구총점":33.321,
            "일자리":19.14,
            "소득수준":48.52,
            "일자리총점":27.954,
            "가치 총점":39.1021,
            "매매실거래년":20211231.0,
            "매매실거래가":7500.0,
            "전세실거래년":20220117.0,
            "전세실거래가":7000.0,
            "전세가율":93.33,
            "장기전세가율평균":70.76,
            "전세가율거품지수":-22.57,
            "검색코드":110316,
            "세대수":264.0,
            "준공년월":"2015-05-29",
            "준공년차":8.0,
            "가까운역이름":"주안",
            "가까운역거리":209.85,
            "역세권여부":"역세권",
            "30분이내주요거점역":0,
            "30분거점역이름":"[]",
            "1시간이내주요거점역":6,
            "1시간거점역이름":"['여의도', '송도', '가산디지털단지', '홍대입구', '구로디지털단지', '마곡']",
            "3km이내백화점수":0,
            "5km이내아울렛몰수":0,
            "1km이내대형먀트수":0,
            "500m이내은행수":2,
            "500m이내병원수":0,
            "5km이내대형병원수":10,
            "500m이내공원수":2,
            "3km이내혐오시설수":0,
            "초등학교학업성취도":89.99,
            "중학교학업성취도":78.2,
            "용적률":539,
            "건폐율":50,
            "Y":37.465674,
            "X":126.677732,
            "rank":64.0,
            "area_info":"7평(23.97), 13평(46.25), 14평(48.66), 21평(69.81)",
            "last_sales":"2021-12-31,7500.0,7평(23.97)",
            "rank_history":[
                [
                    "202202",
                    64
                ],
                [
                    "202201",
                    61
                ]
            ],
            "rank_gap":-3
        },
        {
            "index":397,
            "아파트명":"인천관교한신휴플러스",
            "투자타입":"일반",
            "전용면적(m2)":"65.58",
            "전용면적(평)":"19평",
            "법정동주소":"인천시 미추홀구 주안동 1621",
            "도로명주소":"인천시 미추홀구 경원대로 717",
            "세대수":100,
            "입주년차":60,
            "용적률점수":"--",
            "건폐율점수":"--",
            "세대당주차수":30,
            "난방방식":30,
            "공급면적":"--",
            "전용률":"--",
            "욕실수":50,
            "현관타입":100,
            "주거총점":69.5,
            "지역구공급총점":0.0,
            "역세권":0,
            "30분내 이동가능 거점":0,
            "1시간내 이동가능 거점":10,
            "교통총점":2.0,
            "백화점":100,
            "아울렛몰":0,
            "대형마트":0,
            "은행":0,
            "병원":0,
            "종합병원":100,
            "공원":100,
            "혐오시설":0,
            "인프라총점":53.0,
            "초등학군":89.99,
            "중학군":48.6,
            "학군총점":56.878,
            "인구수":44.13,
            "인구증감":8.1,
            "인구총점":33.321,
            "일자리":19.14,
            "소득수준":48.52,
            "일자리총점":27.954,
            "가치 총점":39.0317,
            "매매실거래년":20211221.0,
            "매매실거래가":43000.0,
            "전세실거래년":20211108.0,
            "전세실거래가":24000.0,
            "전세가율":76.19,
            "장기전세가율평균":70.76,
            "전세가율거품지수":-5.43,
            "검색코드":26265,
            "세대수":1509.0,
            "준공년월":"2010-07-30",
            "준공년차":13.0,
            "가까운역이름":"인천터미널",
            "가까운역거리":1191.55,
            "역세권여부":"비역세권",
            "30분이내주요거점역":0,
            "30분거점역이름":"[]",
            "1시간이내주요거점역":1,
            "1시간거점역이름":"['송도']",
            "3km이내백화점수":1,
            "5km이내아울렛몰수":0,
            "1km이내대형먀트수":0,
            "500m이내은행수":0,
            "500m이내병원수":0,
            "5km이내대형병원수":7,
            "500m이내공원수":3,
            "3km이내혐오시설수":0,
            "초등학교학업성취도":89.99,
            "중학교학업성취도":80.4,
            "용적률":249,
            "건폐율":18,
            "Y":37.44688,
            "X":126.687455,
            "rank":65.0,
            "area_info":"19평(65.58), 24평(80.17), 33평(110.75), 33평(110.49), 34평(114.5), 44평(148.37)",
            "last_sales":"2021-12-21,43000.0,34평(114.5)",
            "rank_history":[
                [
                    "202202",
                    65
                ],
                [
                    "202201",
                    67
                ]
            ],
            "rank_gap":2
        },
        {
            "index":57,
            "아파트명":"세림펠리체(도시형)",
            "투자타입":"일반",
            "전용면적(m2)":"52.78",
            "전용면적(평)":"15평",
            "법정동주소":"인천시 미추홀구 도화동 550-7",
            "도로명주소":"인천시 미추홀구 경인로 255",
            "세대수":0,
            "입주년차":100,
            "용적률점수":"--",
            "건폐율점수":"--",
            "세대당주차수":0,
            "난방방식":30,
            "공급면적":"--",
            "전용률":"--",
            "욕실수":50,
            "현관타입":10,
            "주거총점":29.0,
            "지역구공급총점":0.0,
            "역세권":80,
            "30분내 이동가능 거점":20,
            "1시간내 이동가능 거점":40,
            "교통총점":54.0,
            "백화점":0,
            "아울렛몰":0,
            "대형마트":0,
            "은행":0,
            "병원":0,
            "종합병원":100,
            "공원":0,
            "혐오시설":0,
            "인프라총점":20.0,
            "초등학군":89.98,
            "중학군":42.72,
            "학군총점":52.172,
            "인구수":44.13,
            "인구증감":8.1,
            "인구총점":33.321,
            "일자리":19.14,
            "소득수준":48.52,
            "일자리총점":27.954,
            "가치 총점":38.5258,
            "매매실거래년":"18000101",
            "매매실거래가":null,
            "전세실거래년":20220120.0,
            "전세실거래가":13800.0,
            "전세가율":null,
            "장기전세가율평균":70.76,
            "전세가율거품지수":null,
            "검색코드":127680,
            "세대수":120.0,
            "준공년월":"2019-08-30",
            "준공년차":4.0,
            "가까운역이름":"도화",
            "가까운역거리":362.64,
            "역세권여부":"역세권",
            "30분이내주요거점역":1,
            "30분거점역이름":"['송도']",
            "1시간이내주요거점역":4,
            "1시간거점역이름":"['송도', '가산디지털단지', '구로디지털단지', '안산']",
            "3km이내백화점수":0,
            "5km이내아울렛몰수":0,
            "1km이내대형먀트수":0,
            "500m이내은행수":0,
            "500m이내병원수":0,
            "5km이내대형병원수":8,
            "500m이내공원수":0,
            "3km이내혐오시설수":0,
            "초등학교학업성취도":89.98,
            "중학교학업성취도":70.0,
            "용적률":738,
            "건폐율":52,
            "Y":37.46323,
            "X":126.670692,
            "rank":66.0,
            "area_info":"15평(52.78), 15평(52.26), 15평(52.72), 15평(52.78), 15평(52.68), 16평(53.98), 16평(53.96), 16평(53.96), 16평(53.2), 16평(53.16), 16평(54.09), 16평(54.11)",
            "last_sales":"1800-01-01,nan,15평(52.78)",
            "rank_history":[
                [
                    "202202",
                    66
                ],
                [
                    "202201",
                    69
                ]
            ],
            "rank_gap":3
        },
        {
            "index":599,
            "아파트명":"한국공영",
            "투자타입":"재건축",
            "전용면적(m2)":"52.84",
            "전용면적(평)":"15평",
            "법정동주소":"인천시 미추홀구 학익동 38",
            "도로명주소":"인천시 미추홀구 학익소로63번길 37",
            "세대수":0,
            "입주년차":"--",
            "용적률점수":100,
            "건폐율점수":100,
            "세대당주차수":"--",
            "난방방식":"--",
            "공급면적":50,
            "전용률":80,
            "욕실수":"--",
            "현관타입":"--",
            "주거총점":66.5,
            "지역구공급총점":0.0,
            "역세권":0,
            "30분내 이동가능 거점":0,
            "1시간내 이동가능 거점":10,
            "교통총점":2.0,
            "백화점":100,
            "아울렛몰":0,
            "대형마트":0,
            "은행":20,
            "병원":0,
            "종합병원":100,
            "공원":100,
            "혐오시설":0,
            "인프라총점":55.0,
            "초등학군":89.99,
            "중학군":44.16,
            "학군총점":53.326,
            "인구수":44.13,
            "인구증감":8.1,
            "인구총점":33.321,
            "일자리":19.14,
            "소득수준":48.52,
            "일자리총점":27.954,
            "가치 총점":38.4989,
            "매매실거래년":20220108.0,
            "매매실거래가":12500.0,
            "전세실거래년":20220118.0,
            "전세실거래가":4500.0,
            "전세가율":36.0,
            "장기전세가율평균":70.76,
            "전세가율거품지수":34.76,
            "검색코드":11101,
            "세대수":200.0,
            "준공년월":"1982-12-30",
            "준공년차":41.0,
            "가까운역이름":"송도",
            "가까운역거리":1961.39,
            "역세권여부":"비역세권",
            "30분이내주요거점역":0,
            "30분거점역이름":"[]",
            "1시간이내주요거점역":1,
            "1시간거점역이름":"['송도']",
            "3km이내백화점수":1,
            "5km이내아울렛몰수":0,
            "1km이내대형먀트수":0,
            "500m이내은행수":2,
            "500m이내병원수":0,
            "5km이내대형병원수":7,
            "500m이내공원수":4,
            "3km이내혐오시설수":0,
            "초등학교학업성취도":89.99,
            "중학교학업성취도":73.0,
            "용적률":98,
            "건폐율":19,
            "Y":37.441436,
            "X":126.672893,
            "rank":67.0,
            "area_info":"15평(52.84)",
            "last_sales":"2022-01-08,12500.0,15평(52.84)",
            "rank_history":[
                [
                    "202202",
                    67
                ],
                [
                    "202201",
                    62
                ]
            ],
            "rank_gap":-5
        },
        {
            "index":368,
            "아파트명":"베스티움(도시형)",
            "투자타입":"일반",
            "전용면적(m2)":"22.76",
            "전용면적(평)":"6평",
            "법정동주소":"인천시 미추홀구 주안동 25-34",
            "도로명주소":"인천시 미추홀구 염창로 35",
            "세대수":0,
            "입주년차":60,
            "용적률점수":"--",
            "건폐율점수":"--",
            "세대당주차수":0,
            "난방방식":30,
            "공급면적":"--",
            "전용률":"--",
            "욕실수":50,
            "현관타입":10,
            "주거총점":21.0,
            "지역구공급총점":0.0,
            "역세권":80,
            "30분내 이동가능 거점":0,
            "1시간내 이동가능 거점":60,
            "교통총점":52.0,
            "백화점":0,
            "아울렛몰":0,
            "대형마트":0,
            "은행":20,
            "병원":0,
            "종합병원":100,
            "공원":100,
            "혐오시설":0,
            "인프라총점":25.0,
            "초등학군":89.99,
            "중학군":47.52,
            "학군총점":56.014,
            "인구수":44.13,
            "인구증감":8.1,
            "인구총점":33.321,
            "일자리":19.14,
            "소득수준":48.52,
            "일자리총점":27.954,
            "가치 총점":38.3021,
            "매매실거래년":20220111.0,
            "매매실거래가":5000.0,
            "전세실거래년":20211126.0,
            "전세실거래가":6300.0,
            "전세가율":92.65,
            "장기전세가율평균":70.76,
            "전세가율거품지수":-21.89,
            "검색코드":104381,
            "세대수":149.0,
            "준공년월":"2012-10-31",
            "준공년차":11.0,
            "가까운역이름":"주안",
            "가까운역거리":228.61,
            "역세권여부":"역세권",
            "30분이내주요거점역":0,
            "30분거점역이름":"[]",
            "1시간이내주요거점역":6,
            "1시간거점역이름":"['여의도', '송도', '가산디지털단지', '홍대입구', '구로디지털단지', '마곡']",
            "3km이내백화점수":0,
            "5km이내아울렛몰수":0,
            "1km이내대형먀트수":0,
            "500m이내은행수":2,
            "500m이내병원수":0,
            "5km이내대형병원수":10,
            "500m이내공원수":2,
            "3km이내혐오시설수":0,
            "초등학교학업성취도":89.99,
            "중학교학업성취도":78.2,
            "용적률":530,
            "건폐율":51,
            "Y":37.466217,
            "X":126.677892,
            "rank":68.0,
            "area_info":"6평(22.76), 7평(23.97), 7평(23.72)",
            "last_sales":"2022-01-11,5000.0,7평(23.72)",
            "rank_history":[
                [
                    "202202",
                    68
                ],
                [
                    "202201",
                    63
                ]
            ],
            "rank_gap":-5
        },
        {
            "index":376,
            "아파트명":"시영(주안)",
            "투자타입":"재건축",
            "전용면적(m2)":"48.8",
            "전용면적(평)":"14평",
            "법정동주소":"인천시 미추홀구 주안동 1210-3",
            "도로명주소":"인천시 미추홀구 주승로 141-21",
            "세대수":0,
            "입주년차":"--",
            "용적률점수":100,
            "건폐율점수":100,
            "세대당주차수":"--",
            "난방방식":"--",
            "공급면적":50,
            "전용률":60,
            "욕실수":"--",
            "현관타입":"--",
            "주거총점":65.5,
            "지역구공급총점":0.0,
            "역세권":0,
            "30분내 이동가능 거점":0,
            "1시간내 이동가능 거점":10,
            "교통총점":2.0,
            "백화점":100,
            "아울렛몰":0,
            "대형마트":0,
            "은행":0,
            "병원":0,
            "종합병원":100,
            "공원":100,
            "혐오시설":0,
            "인프라총점":53.0,
            "초등학군":89.99,
            "중학군":48.6,
            "학군총점":56.878,
            "인구수":44.13,
            "인구증감":8.1,
            "인구총점":33.321,
            "일자리":19.14,
            "소득수준":48.52,
            "일자리총점":27.954,
            "가치 총점":38.2317,
            "매매실거래년":20211209.0,
            "매매실거래가":13900.0,
            "전세실거래년":20220120.0,
            "전세실거래가":8700.0,
            "전세가율":62.59,
            "장기전세가율평균":70.76,
            "전세가율거품지수":8.17,
            "검색코드":14800,
            "세대수":110.0,
            "준공년월":"1986-12-31",
            "준공년차":37.0,
            "가까운역이름":"인천터미널",
            "가까운역거리":1347.02,
            "역세권여부":"비역세권",
            "30분이내주요거점역":0,
            "30분거점역이름":"[]",
            "1시간이내주요거점역":1,
            "1시간거점역이름":"['송도']",
            "3km이내백화점수":1,
            "5km이내아울렛몰수":0,
            "1km이내대형먀트수":0,
            "500m이내은행수":0,
            "500m이내병원수":0,
            "5km이내대형병원수":7,
            "500m이내공원수":3,
            "3km이내혐오시설수":0,
            "초등학교학업성취도":89.99,
            "중학교학업성취도":80.4,
            "용적률":72,
            "건폐율":15,
            "Y":37.446233,
            "X":126.685239,
            "rank":69.0,
            "area_info":"14평(48.8), 16평(55.53)",
            "last_sales":"2021-12-09,13900.0,14평(48.8)",
            "rank_history":[
                [
                    "202202",
                    69
                ],
                [
                    "202201",
                    72
                ]
            ],
            "rank_gap":3
        },
        {
            "index":75,
            "아파트명":"쑥골마을봉림,백영",
            "투자타입":"일반",
            "전용면적(m2)":"37.97",
            "전용면적(평)":"11평",
            "법정동주소":"인천시 미추홀구 도화동 534-24",
            "도로명주소":"인천시 미추홀구 경인로 256",
            "세대수":0,
            "입주년차":20,
            "용적률점수":"--",
            "건폐율점수":"--",
            "세대당주차수":0,
            "난방방식":30,
            "공급면적":"--",
            "전용률":"--",
            "욕실수":50,
            "현관타입":100,
            "주거총점":22.0,
            "지역구공급총점":0.0,
            "역세권":80,
            "30분내 이동가능 거점":20,
            "1시간내 이동가능 거점":50,
            "교통총점":56.0,
            "백화점":0,
            "아울렛몰":0,
            "대형마트":0,
            "은행":0,
            "병원":0,
            "종합병원":100,
            "공원":0,
            "혐오시설":0,
            "인프라총점":20.0,
            "초등학군":89.98,
            "중학군":42.72,
            "학군총점":52.172,
            "인구수":44.13,
            "인구증감":8.1,
            "인구총점":33.321,
            "일자리":19.14,
            "소득수준":48.52,
            "일자리총점":27.954,
            "가치 총점":37.8258,
            "매매실거래년":20110118.0,
            "매매실거래가":10600.0,
            "전세실거래년":null,
            "전세실거래가":null,
            "전세가율":null,
            "장기전세가율평균":70.76,
            "전세가율거품지수":null,
            "검색코드":101990,
            "세대수":153.0,
            "준공년월":"2002-03-19",
            "준공년차":21.0,
            "가까운역이름":"도화",
            "가까운역거리":410.96,
            "역세권여부":"역세권",
            "30분이내주요거점역":1,
            "30분거점역이름":"['송도']",
            "1시간이내주요거점역":5,
            "1시간거점역이름":"['여의도', '송도', '가산디지털단지', '구로디지털단지', '안산']",
            "3km이내백화점수":0,
            "5km이내아울렛몰수":0,
            "1km이내대형먀트수":0,
            "500m이내은행수":1,
            "500m이내병원수":0,
            "5km이내대형병원수":8,
            "500m이내공원수":0,
            "3km이내혐오시설수":0,
            "초등학교학업성취도":89.98,
            "중학교학업성취도":70.0,
            "용적률":0,
            "건폐율":0,
            "Y":37.462495,
            "X":126.669853,
            "rank":70.0,
            "area_info":"11평(37.97), 11평(39.37), 12평(42.36), 15평(49.75), 15평(50.93), 15평(51.49), 15평(51.67), 15평(51.54), 18평(60.56), 18평(60.86), 18평(62.61), 19평(63.55), 20평(66.68), 19평(66.11)",
            "last_sales":"2011-01-18,10600.0,19평(66.11)",
            "rank_history":[
                [
                    "202202",
                    70
                ],
                [
                    "202201",
                    75
                ]
            ],
            "rank_gap":5
        },
        {
            "index":50,
            "아파트명":"동아",
            "투자타입":"재건축",
            "전용면적(m2)":"101.29",
            "전용면적(평)":"30평",
            "법정동주소":"인천시 미추홀구 도화동 601-1",
            "도로명주소":"인천시 미추홀구 경인로 203-12",
            "세대수":50,
            "입주년차":"--",
            "용적률점수":0,
            "건폐율점수":80,
            "세대당주차수":"--",
            "난방방식":"--",
            "공급면적":90,
            "전용률":80,
            "욕실수":"--",
            "현관타입":"--",
            "주거총점":39.5,
            "지역구공급총점":0.0,
            "역세권":80,
            "30분내 이동가능 거점":0,
            "1시간내 이동가능 거점":30,
            "교통총점":46.0,
            "백화점":0,
            "아울렛몰":0,
            "대형마트":0,
            "은행":0,
            "병원":0,
            "종합병원":100,
            "공원":0,
            "혐오시설":0,
            "인프라총점":20.0,
            "초등학군":89.98,
            "중학군":42.72,
            "학군총점":52.172,
            "인구수":44.13,
            "인구증감":8.1,
            "인구총점":33.321,
            "일자리":19.14,
            "소득수준":48.52,
            "일자리총점":27.954,
            "가치 총점":37.8258,
            "매매실거래년":20211212.0,
            "매매실거래가":30000.0,
            "전세실거래년":20211211.0,
            "전세실거래가":21000.0,
            "전세가율":70.0,
            "장기전세가율평균":70.76,
            "전세가율거품지수":0.76,
            "검색코드":8953,
            "세대수":496.0,
            "준공년월":"1992-02-29",
            "준공년차":31.0,
            "가까운역이름":"도화",
            "가까운역거리":212.67,
            "역세권여부":"역세권",
            "30분이내주요거점역":0,
            "30분거점역이름":"[]",
            "1시간이내주요거점역":3,
            "1시간거점역이름":"['송도', '가산디지털단지', '구로디지털단지']",
            "3km이내백화점수":0,
            "5km이내아울렛몰수":0,
            "1km이내대형먀트수":0,
            "500m이내은행수":1,
            "500m이내병원수":0,
            "5km이내대형병원수":9,
            "500m이내공원수":0,
            "3km이내혐오시설수":0,
            "초등학교학업성취도":89.98,
            "중학교학업성취도":70.0,
            "용적률":316,
            "건폐율":21,
            "Y":37.465852,
            "X":126.666278,
            "rank":70.0,
            "area_info":"30평(101.29)",
            "last_sales":"2021-12-12,30000.0,30평(101.29)",
            "rank_history":[
                [
                    "202202",
                    70
                ],
                [
                    "202201",
                    65
                ]
            ],
            "rank_gap":-5
        },
        {
            "index":89,
            "아파트명":"올레오",
            "투자타입":"일반",
            "전용면적(m2)":"82.66",
            "전용면적(평)":"25평",
            "법정동주소":"인천시 미추홀구 도화동 432-2",
            "도로명주소":"인천시 미추홀구 경인로 306",
            "세대수":0,
            "입주년차":80,
            "용적률점수":"--",
            "건폐율점수":"--",
            "세대당주차수":0,
            "난방방식":30,
            "공급면적":"--",
            "전용률":"--",
            "욕실수":100,
            "현관타입":100,
            "주거총점":39.0,
            "지역구공급총점":0.0,
            "역세권":50,
            "30분내 이동가능 거점":20,
            "1시간내 이동가능 거점":50,
            "교통총점":41.0,
            "백화점":0,
            "아울렛몰":0,
            "대형마트":0,
            "은행":20,
            "병원":0,
            "종합병원":100,
            "공원":100,
            "혐오시설":0,
            "인프라총점":25.0,
            "초등학군":90.01,
            "중학군":44.96,
            "학군총점":53.97,
            "인구수":44.13,
            "인구증감":8.1,
            "인구총점":33.321,
            "일자리":19.14,
            "소득수준":48.52,
            "일자리총점":27.954,
            "가치 총점":37.7455,
            "매매실거래년":"18000101",
            "매매실거래가":null,
            "전세실거래년":20220110.0,
            "전세실거래가":12000.0,
            "전세가율":null,
            "장기전세가율평균":70.76,
            "전세가율거품지수":null,
            "검색코드":123251,
            "세대수":104.0,
            "준공년월":"2018-10-17",
            "준공년차":5.0,
            "가까운역이름":"시민공원",
            "가까운역거리":641.91,
            "역세권여부":"준역세권",
            "30분이내주요거점역":1,
            "30분거점역이름":"['송도']",
            "1시간이내주요거점역":5,
            "1시간거점역이름":"['여의도', '송도', '가산디지털단지', '구로디지털단지', '안산']",
            "3km이내백화점수":0,
            "5km이내아울렛몰수":0,
            "1km이내대형먀트수":0,
            "500m이내은행수":2,
            "500m이내병원수":0,
            "5km이내대형병원수":8,
            "500m이내공원수":2,
            "3km이내혐오시설수":0,
            "초등학교학업성취도":90.01,
            "중학교학업성취도":74.4,
            "용적률":770,
            "건폐율":70,
            "Y":37.45984,
            "X":126.674171,
            "rank":71.0,
            "area_info":"25평(82.66), 28평(95.06)",
            "last_sales":"1800-01-01,nan,25평(82.66)",
            "rank_history":[
                [
                    "202202",
                    71
                ],
                [
                    "202201",
                    68
                ]
            ],
            "rank_gap":-3
        },
        {
            "index":217,
            "아파트명":"용현유원",
            "투자타입":"재건축",
            "전용면적(m2)":"81.38",
            "전용면적(평)":"24평",
            "법정동주소":"인천시 미추홀구 용현동 557-1",
            "도로명주소":"인천시 미추홀구 낙섬중로 102",
            "세대수":90,
            "입주년차":"--",
            "용적률점수":0,
            "건폐율점수":80,
            "세대당주차수":"--",
            "난방방식":"--",
            "공급면적":70,
            "전용률":60,
            "욕실수":"--",
            "현관타입":"--",
            "주거총점":49.5,
            "지역구공급총점":0.0,
            "역세권":50,
            "30분내 이동가능 거점":20,
            "1시간내 이동가능 거점":20,
            "교통총점":35.0,
            "백화점":0,
            "아울렛몰":0,
            "대형마트":0,
            "은행":0,
            "병원":0,
            "종합병원":100,
            "공원":80,
            "혐오시설":0,
            "인프라총점":22.4,
            "초등학군":90.0,
            "중학군":50.24,
            "학군총점":58.192,
            "인구수":44.13,
            "인구증감":8.1,
            "인구총점":33.321,
            "일자리":19.14,
            "소득수준":48.52,
            "일자리총점":27.954,
            "가치 총점":37.5988,
            "매매실거래년":20211030.0,
            "매매실거래가":40000.0,
            "전세실거래년":20210823.0,
            "전세실거래가":10700.0,
            "전세가율":41.63,
            "장기전세가율평균":70.76,
            "전세가율거품지수":29.13,
            "검색코드":2419,
            "세대수":940.0,
            "준공년월":"1989-10-30",
            "준공년차":34.0,
            "가까운역이름":"숭의",
            "가까운역거리":659.73,
            "역세권여부":"준역세권",
            "30분이내주요거점역":1,
            "30분거점역이름":"['송도']",
            "1시간이내주요거점역":2,
            "1시간거점역이름":"['송도', '안산']",
            "3km이내백화점수":0,
            "5km이내아울렛몰수":0,
            "1km이내대형먀트수":0,
            "500m이내은행수":0,
            "500m이내병원수":0,
            "5km이내대형병원수":7,
            "500m이내공원수":1,
            "3km이내혐오시설수":0,
            "초등학교학업성취도":90.0,
            "중학교학업성취도":83.2,
            "용적률":241,
            "건폐율":24,
            "Y":37.455904,
            "X":126.642539,
            "rank":72.0,
            "area_info":"24평(81.38), 27평(91.11), 28평(94.58), 30평(101.59), 30평(101.84), 40평(133.83)",
            "last_sales":"2021-10-30,40000.0,40평(133.83)",
            "rank_history":[
                [
                    "202202",
                    72
                ],
                [
                    "202201",
                    66
                ]
            ],
            "rank_gap":-6
        },
        {
            "index":530,
            "아파트명":"신동아6차",
            "투자타입":"재건축",
            "전용면적(m2)":"84.52",
            "전용면적(평)":"25평",
            "법정동주소":"인천시 미추홀구 학익동 41-3",
            "도로명주소":"인천시 미추홀구 학익소로63번길 59",
            "세대수":0,
            "입주년차":"--",
            "용적률점수":80,
            "건폐율점수":100,
            "세대당주차수":"--",
            "난방방식":"--",
            "공급면적":70,
            "전용률":80,
            "욕실수":"--",
            "현관타입":"--",
            "주거총점":59.5,
            "지역구공급총점":0.0,
            "역세권":0,
            "30분내 이동가능 거점":0,
            "1시간내 이동가능 거점":10,
            "교통총점":2.0,
            "백화점":100,
            "아울렛몰":0,
            "대형마트":0,
            "은행":20,
            "병원":0,
            "종합병원":100,
            "공원":100,
            "혐오시설":0,
            "인프라총점":55.0,
            "초등학군":89.99,
            "중학군":44.16,
            "학군총점":53.326,
            "인구수":44.13,
            "인구증감":8.1,
            "인구총점":33.321,
            "일자리":19.14,
            "소득수준":48.52,
            "일자리총점":27.954,
            "가치 총점":37.0989,
            "매매실거래년":20210821.0,
            "매매실거래가":35000.0,
            "전세실거래년":20210715.0,
            "전세실거래가":24000.0,
            "전세가율":100.0,
            "장기전세가율평균":70.76,
            "전세가율거품지수":-29.24,
            "검색코드":2468,
            "세대수":254.0,
            "준공년월":"1992-05-06",
            "준공년차":31.0,
            "가까운역이름":"송도",
            "가까운역거리":2001.95,
            "역세권여부":"비역세권",
            "30분이내주요거점역":0,
            "30분거점역이름":"[]",
            "1시간이내주요거점역":1,
            "1시간거점역이름":"['송도']",
            "3km이내백화점수":1,
            "5km이내아울렛몰수":0,
            "1km이내대형먀트수":0,
            "500m이내은행수":2,
            "500m이내병원수":0,
            "5km이내대형병원수":7,
            "500m이내공원수":5,
            "3km이내혐오시설수":0,
            "초등학교학업성취도":89.99,
            "중학교학업성취도":73.0,
            "용적률":172,
            "건폐율":13,
            "Y":37.441239,
            "X":126.673812,
            "rank":73.0,
            "area_info":"25평(84.52), 29평(96.21), 41평(138.34)",
            "last_sales":"2021-08-21,35000.0,29평(96.21)",
            "rank_history":[
                [
                    "202202",
                    73
                ],
                [
                    "202201",
                    73
                ]
            ],
            "rank_gap":0
        },
        {
            "index":293,
            "아파트명":"남광로얄(1441)",
            "투자타입":"재건축",
            "전용면적(m2)":"46.92",
            "전용면적(평)":"14평",
            "법정동주소":"인천시 미추홀구 주안동 1441",
            "도로명주소":"인천시 미추홀구 인하로257번길 30",
            "세대수":0,
            "입주년차":"--",
            "용적률점수":100,
            "건폐율점수":80,
            "세대당주차수":"--",
            "난방방식":"--",
            "공급면적":50,
            "전용률":80,
            "욕실수":"--",
            "현관타입":"--",
            "주거총점":62.5,
            "지역구공급총점":0.0,
            "역세권":0,
            "30분내 이동가능 거점":0,
            "1시간내 이동가능 거점":10,
            "교통총점":2.0,
            "백화점":100,
            "아울렛몰":0,
            "대형마트":0,
            "은행":0,
            "병원":0,
            "종합병원":100,
            "공원":80,
            "혐오시설":0,
            "인프라총점":52.4,
            "초등학군":89.98,
            "중학군":44.96,
            "학군총점":53.964,
            "인구수":44.13,
            "인구증감":8.1,
            "인구총점":33.321,
            "일자리":19.14,
            "소득수준":48.52,
            "일자리총점":27.954,
            "가치 총점":37.0146,
            "매매실거래년":20220114.0,
            "매매실거래가":27000.0,
            "전세실거래년":20210520.0,
            "전세실거래가":7500.0,
            "전세가율":41.21,
            "장기전세가율평균":70.76,
            "전세가율거품지수":29.55,
            "검색코드":14799,
            "세대수":125.0,
            "준공년월":"1981-05-21",
            "준공년차":42.0,
            "가까운역이름":"시민공원",
            "가까운역거리":1034.86,
            "역세권여부":"비역세권",
            "30분이내주요거점역":0,
            "30분거점역이름":"[]",
            "1시간이내주요거점역":1,
            "1시간거점역이름":"['송도']",
            "3km이내백화점수":1,
            "5km이내아울렛몰수":0,
            "1km이내대형먀트수":0,
            "500m이내은행수":0,
            "500m이내병원수":0,
            "5km이내대형병원수":9,
            "500m이내공원수":1,
            "3km이내혐오시설수":0,
            "초등학교학업성취도":89.98,
            "중학교학업성취도":74.4,
            "용적률":122,
            "건폐율":24,
            "Y":37.449524,
            "X":126.677417,
            "rank":74.0,
            "area_info":"14평(46.92), 18평(61.02)",
            "last_sales":"2022-01-14,27000.0,18평(61.02)",
            "rank_history":[
                [
                    "202202",
                    74
                ],
                [
                    "202201",
                    70
                ]
            ],
            "rank_gap":-4
        },
        {
            "index":578,
            "아파트명":"청운",
            "투자타입":"재건축",
            "전용면적(m2)":"75.38",
            "전용면적(평)":"22평",
            "법정동주소":"인천시 미추홀구 학익동 74-2",
            "도로명주소":"인천시 미추홀구 소성로256번길 18",
            "세대수":0,
            "입주년차":"--",
            "용적률점수":100,
            "건폐율점수":80,
            "세대당주차수":"--",
            "난방방식":"--",
            "공급면적":50,
            "전용률":60,
            "욕실수":"--",
            "현관타입":"--",
            "주거총점":61.5,
            "지역구공급총점":0.0,
            "역세권":0,
            "30분내 이동가능 거점":0,
            "1시간내 이동가능 거점":10,
            "교통총점":2.0,
            "백화점":100,
            "아울렛몰":0,
            "대형마트":0,
            "은행":0,
            "병원":0,
            "종합병원":100,
            "공원":100,
            "혐오시설":0,
            "인프라총점":53.0,
            "초등학군":89.99,
            "중학군":44.08,
            "학군총점":53.262,
            "인구수":44.13,
            "인구증감":8.1,
            "인구총점":33.321,
            "일자리":19.14,
            "소득수준":48.52,
            "일자리총점":27.954,
            "가치 총점":36.8893,
            "매매실거래년":20220119.0,
            "매매실거래가":16500.0,
            "전세실거래년":20210623.0,
            "전세실거래가":8500.0,
            "전세가율":51.52,
            "장기전세가율평균":70.76,
            "전세가율거품지수":19.24,
            "검색코드":9431,
            "세대수":105.0,
            "준공년월":"1985-07-12",
            "준공년차":38.0,
            "가까운역이름":"송도",
            "가까운역거리":1802.29,
            "역세권여부":"비역세권",
            "30분이내주요거점역":0,
            "30분거점역이름":"[]",
            "1시간이내주요거점역":1,
            "1시간거점역이름":"['송도']",
            "3km이내백화점수":1,
            "5km이내아울렛몰수":0,
            "1km이내대형먀트수":0,
            "500m이내은행수":0,
            "500m이내병원수":0,
            "5km이내대형병원수":6,
            "500m이내공원수":6,
            "3km이내혐오시설수":0,
            "초등학교학업성취도":89.99,
            "중학교학업성취도":71.4,
            "용적률":146,
            "건폐율":29,
            "Y":37.436984,
            "X":126.675175,
            "rank":75.0,
            "area_info":"22평(75.38), 22평(75.38), 25평(85.43)",
            "last_sales":"2022-01-19,16500.0,22평(75.38)",
            "rank_history":[
                [
                    "202202",
                    75
                ],
                [
                    "202201",
                    74
                ]
            ],
            "rank_gap":-1
        },
        {
            "index":137,
            "아파트명":"한화꿈에그린",
            "투자타입":"일반",
            "전용면적(m2)":"72.0",
            "전용면적(평)":"21평",
            "법정동주소":"인천시 미추홀구 숭의동 86-1",
            "도로명주소":"인천시 미추홀구 석정로126번길 23",
            "세대수":50,
            "입주년차":40,
            "용적률점수":"--",
            "건폐율점수":"--",
            "세대당주차수":0,
            "난방방식":30,
            "공급면적":"--",
            "전용률":"--",
            "욕실수":50,
            "현관타입":100,
            "주거총점":43.5,
            "지역구공급총점":0.0,
            "역세권":50,
            "30분내 이동가능 거점":0,
            "1시간내 이동가능 거점":40,
            "교통총점":33.0,
            "백화점":0,
            "아울렛몰":0,
            "대형마트":80,
            "은행":0,
            "병원":0,
            "종합병원":100,
            "공원":0,
            "혐오시설":0,
            "인프라총점":32.0,
            "초등학군":89.99,
            "중학군":36.1,
            "학군총점":46.878,
            "인구수":44.13,
            "인구증감":8.1,
            "인구총점":33.321,
            "일자리":19.14,
            "소득수준":48.52,
            "일자리총점":27.954,
            "가치 총점":36.8817,
            "매매실거래년":20211023.0,
            "매매실거래가":40600.0,
            "전세실거래년":20210204.0,
            "전세실거래가":18000.0,
            "전세가율":70.04,
            "장기전세가율평균":70.76,
            "전세가율거품지수":0.72,
            "검색코드":22572,
            "세대수":405.0,
            "준공년월":"2007-02-08",
            "준공년차":16.0,
            "가까운역이름":"제물포",
            "가까운역거리":545.92,
            "역세권여부":"준역세권",
            "30분이내주요거점역":0,
            "30분거점역이름":"[]",
            "1시간이내주요거점역":4,
            "1시간거점역이름":"['여의도', '송도', '가산디지털단지', '구로디지털단지']",
            "3km이내백화점수":0,
            "5km이내아울렛몰수":0,
            "1km이내대형먀트수":1,
            "500m이내은행수":1,
            "500m이내병원수":0,
            "5km이내대형병원수":8,
            "500m이내공원수":0,
            "3km이내혐오시설수":0,
            "초등학교학업성취도":89.99,
            "중학교학업성취도":59.1,
            "용적률":252,
            "건폐율":23,
            "Y":37.467846,
            "X":126.650631,
            "rank":76.0,
            "area_info":"21평(72.0), 24평(80.4), 31평(105.76), 31평(105.76)",
            "last_sales":"2021-10-23,40600.0,31평(105.76)",
            "rank_history":[
                [
                    "202202",
                    76
                ],
                [
                    "202201",
                    83
                ]
            ],
            "rank_gap":7
        },
        {
            "index":233,
            "아파트명":"우성",
            "투자타입":"일반",
            "전용면적(m2)":"82.27",
            "전용면적(평)":"24평",
            "법정동주소":"인천시 미추홀구 용현동 615-7",
            "도로명주소":"인천시 미추홀구 토금남로 79",
            "세대수":50,
            "입주년차":0,
            "용적률점수":"--",
            "건폐율점수":"--",
            "세대당주차수":0,
            "난방방식":30,
            "공급면적":"--",
            "전용률":"--",
            "욕실수":50,
            "현관타입":10,
            "주거총점":26.5,
            "지역구공급총점":0.0,
            "역세권":50,
            "30분내 이동가능 거점":20,
            "1시간내 이동가능 거점":20,
            "교통총점":35.0,
            "백화점":0,
            "아울렛몰":0,
            "대형마트":80,
            "은행":0,
            "병원":0,
            "종합병원":100,
            "공원":100,
            "혐오시설":0,
            "인프라총점":35.0,
            "초등학군":90.01,
            "중학군":50.24,
            "학군총점":58.194,
            "인구수":44.13,
            "인구증감":8.1,
            "인구총점":33.321,
            "일자리":19.14,
            "소득수준":48.52,
            "일자리총점":27.954,
            "가치 총점":36.7791,
            "매매실거래년":20211212.0,
            "매매실거래가":23800.0,
            "전세실거래년":20211218.0,
            "전세실거래가":15225.0,
            "전세가율":63.97,
            "장기전세가율평균":70.76,
            "전세가율거품지수":6.79,
            "검색코드":2418,
            "세대수":408.0,
            "준공년월":"1996-08-01",
            "준공년차":27.0,
            "가까운역이름":"인하대",
            "가까운역거리":770.62,
            "역세권여부":"준역세권",
            "30분이내주요거점역":1,
            "30분거점역이름":"['송도']",
            "1시간이내주요거점역":2,
            "1시간거점역이름":"['송도', '안산']",
            "3km이내백화점수":0,
            "5km이내아울렛몰수":0,
            "1km이내대형먀트수":1,
            "500m이내은행수":0,
            "500m이내병원수":0,
            "5km이내대형병원수":6,
            "500m이내공원수":3,
            "3km이내혐오시설수":0,
            "초등학교학업성취도":90.01,
            "중학교학업성취도":83.2,
            "용적률":282,
            "건폐율":0,
            "Y":37.449959,
            "X":126.641087,
            "rank":77.0,
            "area_info":"24평(82.27), 33평(110.26)",
            "last_sales":"2021-12-12,23800.0,24평(82.27)",
            "rank_history":[
                [
                    "202202",
                    77
                ],
                [
                    "202201",
                    76
                ]
            ],
            "rank_gap":-1
        },
        {
            "index":156,
            "아파트명":"금호타운1단지",
            "투자타입":"재건축",
            "전용면적(m2)":"86.21",
            "전용면적(평)":"26평",
            "법정동주소":"인천시 미추홀구 용현동 627-40",
            "도로명주소":"인천시 미추홀구 낙섬동로 9",
            "세대수":90,
            "입주년차":"--",
            "용적률점수":0,
            "건폐율점수":100,
            "세대당주차수":"--",
            "난방방식":"--",
            "공급면적":70,
            "전용률":80,
            "욕실수":"--",
            "현관타입":"--",
            "주거총점":54.5,
            "지역구공급총점":0.0,
            "역세권":50,
            "30분내 이동가능 거점":0,
            "1시간내 이동가능 거점":20,
            "교통총점":29.0,
            "백화점":0,
            "아울렛몰":0,
            "대형마트":0,
            "은행":0,
            "병원":0,
            "종합병원":100,
            "공원":100,
            "혐오시설":0,
            "인프라총점":23.0,
            "초등학군":90.01,
            "중학군":44.5,
            "학군총점":53.602,
            "인구수":44.13,
            "인구증감":8.1,
            "인구총점":33.321,
            "일자리":19.14,
            "소득수준":48.52,
            "일자리총점":27.954,
            "가치 총점":35.9903,
            "매매실거래년":20211231.0,
            "매매실거래가":46200.0,
            "전세실거래년":20210927.0,
            "전세실거래가":18500.0,
            "전세가율":54.9,
            "장기전세가율평균":70.76,
            "전세가율거품지수":15.86,
            "검색코드":2414,
            "세대수":1170.0,
            "준공년월":"1991-11-30",
            "준공년차":32.0,
            "가까운역이름":"인하대",
            "가까운역거리":996.88,
            "역세권여부":"준역세권",
            "30분이내주요거점역":0,
            "30분거점역이름":"[]",
            "1시간이내주요거점역":2,
            "1시간거점역이름":"['송도', '안산']",
            "3km이내백화점수":0,
            "5km이내아울렛몰수":0,
            "1km이내대형먀트수":0,
            "500m이내은행수":1,
            "500m이내병원수":0,
            "5km이내대형병원수":6,
            "500m이내공원수":4,
            "3km이내혐오시설수":0,
            "초등학교학업성취도":90.01,
            "중학교학업성취도":71.3,
            "용적률":220,
            "건폐율":16,
            "Y":37.448684,
            "X":126.638329,
            "rank":78.0,
            "area_info":"26평(86.21), 29평(98.19), 30평(99.72), 41평(136.5), 49평(163.28)",
            "last_sales":"2021-12-31,46200.0,49평(163.28)",
            "rank_history":[
                [
                    "202202",
                    78
                ],
                [
                    "202201",
                    77
                ]
            ],
            "rank_gap":-1
        },
        {
            "index":545,
            "아파트명":"영남들국화",
            "투자타입":"재건축",
            "전용면적(m2)":"59.67",
            "전용면적(평)":"18평",
            "법정동주소":"인천시 미추홀구 학익동 671-2",
            "도로명주소":"인천시 미추홀구 소성로 240",
            "세대수":50,
            "입주년차":"--",
            "용적률점수":60,
            "건폐율점수":60,
            "세대당주차수":"--",
            "난방방식":"--",
            "공급면적":50,
            "전용률":60,
            "욕실수":"--",
            "현관타입":"--",
            "주거총점":56.5,
            "지역구공급총점":0.0,
            "역세권":0,
            "30분내 이동가능 거점":0,
            "1시간내 이동가능 거점":10,
            "교통총점":2.0,
            "백화점":100,
            "아울렛몰":0,
            "대형마트":0,
            "은행":0,
            "병원":0,
            "종합병원":100,
            "공원":100,
            "혐오시설":0,
            "인프라총점":53.0,
            "초등학군":89.99,
            "중학군":44.08,
            "학군총점":53.262,
            "인구수":44.13,
            "인구증감":8.1,
            "인구총점":33.321,
            "일자리":19.14,
            "소득수준":48.52,
            "일자리총점":27.954,
            "가치 총점":35.8893,
            "매매실거래년":20211227.0,
            "매매실거래가":14500.0,
            "전세실거래년":20220107.0,
            "전세실거래가":10000.0,
            "전세가율":68.97,
            "장기전세가율평균":70.76,
            "전세가율거품지수":1.79,
            "검색코드":8123,
            "세대수":444.0,
            "준공년월":"1989-10-21",
            "준공년차":34.0,
            "가까운역이름":"송도",
            "가까운역거리":1801.42,
            "역세권여부":"비역세권",
            "30분이내주요거점역":0,
            "30분거점역이름":"[]",
            "1시간이내주요거점역":1,
            "1시간거점역이름":"['송도']",
            "3km이내백화점수":1,
            "5km이내아울렛몰수":0,
            "1km이내대형먀트수":0,
            "500m이내은행수":1,
            "500m이내병원수":0,
            "5km이내대형병원수":6,
            "500m이내공원수":6,
            "3km이내혐오시설수":0,
            "초등학교학업성취도":89.99,
            "중학교학업성취도":71.4,
            "용적률":189,
            "건폐율":33,
            "Y":37.438394,
            "X":126.673941,
            "rank":79.0,
            "area_info":"18평(59.67), 19평(65.64), 20평(69.33), 26평(88.49)",
            "last_sales":"2021-12-27,14500.0,18평(59.67)",
            "rank_history":[
                [
                    "202202",
                    79
                ],
                [
                    "202201",
                    80
                ]
            ],
            "rank_gap":1
        },
        {
            "index":13,
            "아파트명":"TS굿모닝",
            "투자타입":"일반",
            "전용면적(m2)":"56.49",
            "전용면적(평)":"17평",
            "법정동주소":"인천시 미추홀구 도화동 108-1",
            "도로명주소":"인천시 미추홀구 장고개로36번길 36",
            "세대수":0,
            "입주년차":20,
            "용적률점수":"--",
            "건폐율점수":"--",
            "세대당주차수":0,
            "난방방식":30,
            "공급면적":"--",
            "전용률":"--",
            "욕실수":50,
            "현관타입":100,
            "주거총점":22.0,
            "지역구공급총점":0.0,
            "역세권":80,
            "30분내 이동가능 거점":0,
            "1시간내 이동가능 거점":30,
            "교통총점":46.0,
            "백화점":0,
            "아울렛몰":0,
            "대형마트":0,
            "은행":20,
            "병원":0,
            "종합병원":100,
            "공원":100,
            "혐오시설":0,
            "인프라총점":25.0,
            "초등학군":89.99,
            "중학군":42.72,
            "학군총점":52.174,
            "인구수":44.13,
            "인구증감":8.1,
            "인구총점":33.321,
            "일자리":19.14,
            "소득수준":48.52,
            "일자리총점":27.954,
            "가치 총점":35.8261,
            "매매실거래년":20211008.0,
            "매매실거래가":30700.0,
            "전세실거래년":20160113.0,
            "전세실거래가":5500.0,
            "전세가율":51.4,
            "장기전세가율평균":70.76,
            "전세가율거품지수":19.36,
            "검색코드":11680,
            "세대수":147.0,
            "준공년월":"2002-11-27",
            "준공년차":21.0,
            "가까운역이름":"도화",
            "가까운역거리":459.4,
            "역세권여부":"역세권",
            "30분이내주요거점역":0,
            "30분거점역이름":"[]",
            "1시간이내주요거점역":3,
            "1시간거점역이름":"['송도', '가산디지털단지', '구로디지털단지']",
            "3km이내백화점수":0,
            "5km이내아울렛몰수":0,
            "1km이내대형먀트수":0,
            "500m이내은행수":2,
            "500m이내병원수":0,
            "5km이내대형병원수":9,
            "500m이내공원수":2,
            "3km이내혐오시설수":0,
            "초등학교학업성취도":89.99,
            "중학교학업성취도":70.0,
            "용적률":313,
            "건폐율":25,
            "Y":37.470169,
            "X":126.668021,
            "rank":80.0,
            "area_info":"17평(56.49), 24평(80.47), 30평(99.95)",
            "last_sales":"2021-10-08,30700.0,30평(99.95)",
            "rank_history":[
                [
                    "202202",
                    80
                ],
                [
                    "202201",
                    81
                ]
            ],
            "rank_gap":1
        },
        {
            "index":443,
            "아파트명":"주안현대홈타운",
            "투자타입":"일반",
            "전용면적(m2)":"87.55",
            "전용면적(평)":"26평",
            "법정동주소":"인천시 미추홀구 주안동 13-1",
            "도로명주소":"인천시 미추홀구 석정로351번길 12",
            "세대수":50,
            "입주년차":20,
            "용적률점수":"--",
            "건폐율점수":"--",
            "세대당주차수":30,
            "난방방식":30,
            "공급면적":"--",
            "전용률":"--",
            "욕실수":50,
            "현관타입":100,
            "주거총점":44.0,
            "지역구공급총점":0.0,
            "역세권":50,
            "30분내 이동가능 거점":0,
            "1시간내 이동가능 거점":50,
            "교통총점":35.0,
            "백화점":0,
            "아울렛몰":0,
            "대형마트":0,
            "은행":0,
            "병원":0,
            "종합병원":100,
            "공원":80,
            "혐오시설":0,
            "인프라총점":22.4,
            "초등학군":89.99,
            "중학군":42.72,
            "학군총점":52.174,
            "인구수":44.13,
            "인구증감":8.1,
            "인구총점":33.321,
            "일자리":19.14,
            "소득수준":48.52,
            "일자리총점":27.954,
            "가치 총점":35.5961,
            "매매실거래년":20210821.0,
            "매매실거래가":43000.0,
            "전세실거래년":20220118.0,
            "전세실거래가":27000.0,
            "전세가율":69.23,
            "장기전세가율평균":70.76,
            "전세가율거품지수":1.53,
            "검색코드":10690,
            "세대수":443.0,
            "준공년월":"2002-11-29",
            "준공년차":21.0,
            "가까운역이름":"주안",
            "가까운역거리":531.68,
            "역세권여부":"준역세권",
            "30분이내주요거점역":0,
            "30분거점역이름":"[]",
            "1시간이내주요거점역":5,
            "1시간거점역이름":"['여의도', '송도', '가산디지털단지', '홍대입구', '구로디지털단지']",
            "3km이내백화점수":0,
            "5km이내아울렛몰수":0,
            "1km이내대형먀트수":0,
            "500m이내은행수":0,
            "500m이내병원수":0,
            "5km이내대형병원수":10,
            "500m이내공원수":1,
            "3km이내혐오시설수":0,
            "초등학교학업성취도":89.99,
            "중학교학업성취도":70.0,
            "용적률":349,
            "건폐율":24,
            "Y":37.46798,
            "X":126.675272,
            "rank":81.0,
            "area_info":"26평(87.55), 30평(99.4), 36평(121.13), 41평(136.77)",
            "last_sales":"2021-08-21,43000.0,36평(121.13)",
            "rank_history":[
                [
                    "202202",
                    81
                ],
                [
                    "202201",
                    79
                ]
            ],
            "rank_gap":-2
        },
        {
            "index":176,
            "아파트명":"삼익",
            "투자타입":"재건축",
            "전용면적(m2)":"81.51",
            "전용면적(평)":"24평",
            "법정동주소":"인천시 미추홀구 용현동 565-95",
            "도로명주소":"인천시 미추홀구 능해길46번길 51",
            "세대수":0,
            "입주년차":"--",
            "용적률점수":0,
            "건폐율점수":0,
            "세대당주차수":"--",
            "난방방식":"--",
            "공급면적":70,
            "전용률":100,
            "욕실수":"--",
            "현관타입":"--",
            "주거총점":8.5,
            "지역구공급총점":0.0,
            "역세권":80,
            "30분내 이동가능 거점":20,
            "1시간내 이동가능 거점":20,
            "교통총점":50.0,
            "백화점":0,
            "아울렛몰":0,
            "대형마트":0,
            "은행":20,
            "병원":0,
            "종합병원":100,
            "공원":100,
            "혐오시설":0,
            "인프라총점":25.0,
            "초등학군":90.0,
            "중학군":48.96,
            "학군총점":57.168,
            "인구수":44.13,
            "인구증감":8.1,
            "인구총점":33.321,
            "일자리":19.14,
            "소득수준":48.52,
            "일자리총점":27.954,
            "가치 총점":35.2752,
            "매매실거래년":20191216.0,
            "매매실거래가":13500.0,
            "전세실거래년":null,
            "전세실거래가":null,
            "전세가율":null,
            "장기전세가율평균":70.76,
            "전세가율거품지수":null,
            "검색코드":9740,
            "세대수":168.0,
            "준공년월":"1979-04-25",
            "준공년차":44.0,
            "가까운역이름":"숭의",
            "가까운역거리":484.29,
            "역세권여부":"역세권",
            "30분이내주요거점역":1,
            "30분거점역이름":"['송도']",
            "1시간이내주요거점역":2,
            "1시간거점역이름":"['송도', '안산']",
            "3km이내백화점수":0,
            "5km이내아울렛몰수":0,
            "1km이내대형먀트수":0,
            "500m이내은행수":2,
            "500m이내병원수":0,
            "5km이내대형병원수":6,
            "500m이내공원수":3,
            "3km이내혐오시설수":0,
            "초등학교학업성취도":90.0,
            "중학교학업성취도":80.8,
            "용적률":0,
            "건폐율":0,
            "Y":37.456446,
            "X":126.638709,
            "rank":82.0,
            "area_info":"24평(81.51), 25평(84.47), 25평(84.81), 25평(84.37), 25평(85.29), 25평(85.3), 25평(85.62), 34평(113.91), 34평(114.11), 34평(115.09)",
            "last_sales":"2019-12-16,13500.0,34평(115.09)",
            "rank_history":[
                [
                    "202202",
                    82
                ],
                [
                    "202201",
                    84
                ]
            ],
            "rank_gap":2
        },
        {
            "index":284,
            "아파트명":"광성(1466-3)",
            "투자타입":"재건축",
            "전용면적(m2)":"67.38",
            "전용면적(평)":"20평",
            "법정동주소":"인천시 미추홀구 주안동 1466-3",
            "도로명주소":"인천시 미추홀구 미추홀대로586번길 3",
            "세대수":0,
            "입주년차":"--",
            "용적률점수":0,
            "건폐율점수":0,
            "세대당주차수":"--",
            "난방방식":"--",
            "공급면적":50,
            "전용률":80,
            "욕실수":"--",
            "현관타입":"--",
            "주거총점":6.5,
            "지역구공급총점":0.0,
            "역세권":50,
            "30분내 이동가능 거점":0,
            "1시간내 이동가능 거점":20,
            "교통총점":29.0,
            "백화점":100,
            "아울렛몰":0,
            "대형마트":0,
            "은행":0,
            "병원":0,
            "종합병원":100,
            "공원":80,
            "혐오시설":0,
            "인프라총점":52.4,
            "초등학군":89.99,
            "중학군":44.96,
            "학군총점":53.966,
            "인구수":44.13,
            "인구증감":8.1,
            "인구총점":33.321,
            "일자리":19.14,
            "소득수준":48.52,
            "일자리총점":27.954,
            "가치 총점":35.2649,
            "매매실거래년":20211125.0,
            "매매실거래가":18000.0,
            "전세실거래년":20120221.0,
            "전세실거래가":5000.0,
            "전세가율":38.46,
            "장기전세가율평균":70.76,
            "전세가율거품지수":32.3,
            "검색코드":10561,
            "세대수":160.0,
            "준공년월":"1984-09-27",
            "준공년차":39.0,
            "가까운역이름":"시민공원",
            "가까운역거리":942.56,
            "역세권여부":"준역세권",
            "30분이내주요거점역":0,
            "30분거점역이름":"[]",
            "1시간이내주요거점역":2,
            "1시간거점역이름":"['송도', '구로디지털단지']",
            "3km이내백화점수":1,
            "5km이내아울렛몰수":0,
            "1km이내대형먀트수":0,
            "500m이내은행수":0,
            "500m이내병원수":0,
            "5km이내대형병원수":9,
            "500m이내공원수":1,
            "3km이내혐오시설수":0,
            "초등학교학업성취도":89.99,
            "중학교학업성취도":74.4,
            "용적률":298,
            "건폐율":59,
            "Y":37.449861,
            "X":126.680926,
            "rank":83.0,
            "area_info":"20평(67.38), 23평(78.76), 24평(79.95), 24평(80.14), 25평(83.54)",
            "last_sales":"2021-11-25,18000.0,25평(83.54)",
            "rank_history":[
                [
                    "202202",
                    83
                ],
                [
                    "202201",
                    82
                ]
            ],
            "rank_gap":-1
        },
        {
            "index":508,
            "아파트명":"신동아3차",
            "투자타입":"재건축",
            "전용면적(m2)":"52.47",
            "전용면적(평)":"15평",
            "법정동주소":"인천시 미추홀구 학익동 48-14",
            "도로명주소":"인천시 미추홀구 매소홀로475번길 18",
            "세대수":80,
            "입주년차":"--",
            "용적률점수":0,
            "건폐율점수":100,
            "세대당주차수":"--",
            "난방방식":"--",
            "공급면적":50,
            "전용률":80,
            "욕실수":"--",
            "현관타입":"--",
            "주거총점":50.5,
            "지역구공급총점":0.0,
            "역세권":0,
            "30분내 이동가능 거점":0,
            "1시간내 이동가능 거점":10,
            "교통총점":2.0,
            "백화점":100,
            "아울렛몰":0,
            "대형마트":0,
            "은행":0,
            "병원":0,
            "종합병원":100,
            "공원":100,
            "혐오시설":0,
            "인프라총점":53.0,
            "초등학군":89.99,
            "중학군":48.6,
            "학군총점":56.878,
            "인구수":44.13,
            "인구증감":8.1,
            "인구총점":33.321,
            "일자리":19.14,
            "소득수준":48.52,
            "일자리총점":27.954,
            "가치 총점":35.2317,
            "매매실거래년":20211211.0,
            "매매실거래가":16900.0,
            "전세실거래년":20211222.0,
            "전세실거래가":15000.0,
            "전세가율":88.76,
            "장기전세가율평균":70.76,
            "전세가율거품지수":-18.0,
            "검색코드":2464,
            "세대수":894.0,
            "준공년월":"1990-04-19",
            "준공년차":33.0,
            "가까운역이름":"시민공원",
            "가까운역거리":2004.37,
            "역세권여부":"비역세권",
            "30분이내주요거점역":0,
            "30분거점역이름":"[]",
            "1시간이내주요거점역":1,
            "1시간거점역이름":"['송도']",
            "3km이내백화점수":1,
            "5km이내아울렛몰수":0,
            "1km이내대형먀트수":0,
            "500m이내은행수":0,
            "500m이내병원수":0,
            "5km이내대형병원수":6,
            "500m이내공원수":6,
            "3km이내혐오시설수":0,
            "초등학교학업성취도":89.99,
            "중학교학업성취도":80.4,
            "용적률":221,
            "건폐율":16,
            "Y":37.44071,
            "X":126.676431,
            "rank":84.0,
            "area_info":"15평(52.47), 20평(68.55), 25평(82.86), 26평(86.66), 29평(97.42), 33평(110.92), 39평(129.1), 44평(146.47), 52평(173.33)",
            "last_sales":"2021-12-11,16900.0,15평(52.47)",
            "rank_history":[
                [
                    "202202",
                    84
                ],
                [
                    "202201",
                    87
                ]
            ],
            "rank_gap":3
        },
        {
            "index":395,
            "아파트명":"윤성",
            "투자타입":"재건축",
            "전용면적(m2)":"52.85",
            "전용면적(평)":"15평",
            "법정동주소":"인천시 미추홀구 주안동 1210-2",
            "도로명주소":"인천시 미추홀구 인하로330번길 36",
            "세대수":0,
            "입주년차":"--",
            "용적률점수":80,
            "건폐율점수":60,
            "세대당주차수":"--",
            "난방방식":"--",
            "공급면적":50,
            "전용률":80,
            "욕실수":"--",
            "현관타입":"--",
            "주거총점":50.5,
            "지역구공급총점":0.0,
            "역세권":0,
            "30분내 이동가능 거점":0,
            "1시간내 이동가능 거점":10,
            "교통총점":2.0,
            "백화점":100,
            "아울렛몰":0,
            "대형마트":0,
            "은행":0,
            "병원":0,
            "종합병원":100,
            "공원":100,
            "혐오시설":0,
            "인프라총점":53.0,
            "초등학군":89.99,
            "중학군":48.6,
            "학군총점":56.878,
            "인구수":44.13,
            "인구증감":8.1,
            "인구총점":33.321,
            "일자리":19.14,
            "소득수준":48.52,
            "일자리총점":27.954,
            "가치 총점":35.2317,
            "매매실거래년":20211020.0,
            "매매실거래가":7850.0,
            "전세실거래년":20211115.0,
            "전세실거래가":7000.0,
            "전세가율":89.17,
            "장기전세가율평균":70.76,
            "전세가율거품지수":-18.41,
            "검색코드":16575,
            "세대수":108.0,
            "준공년월":"1989-10-28",
            "준공년차":34.0,
            "가까운역이름":"시민공원",
            "가까운역거리":1373.73,
            "역세권여부":"비역세권",
            "30분이내주요거점역":0,
            "30분거점역이름":"[]",
            "1시간이내주요거점역":1,
            "1시간거점역이름":"['송도']",
            "3km이내백화점수":1,
            "5km이내아울렛몰수":0,
            "1km이내대형먀트수":0,
            "500m이내은행수":0,
            "500m이내병원수":0,
            "5km이내대형병원수":7,
            "500m이내공원수":2,
            "3km이내혐오시설수":0,
            "초등학교학업성취도":89.99,
            "중학교학업성취도":80.4,
            "용적률":176,
            "건폐율":33,
            "Y":37.446212,
            "X":126.684189,
            "rank":84.0,
            "area_info":"15평(52.85), 22평(72.98)",
            "last_sales":"2021-10-20,7850.0,15평(52.85)",
            "rank_history":[
                [
                    "202202",
                    84
                ],
                [
                    "202201",
                    85
                ]
            ],
            "rank_gap":1
        },
        {
            "index":447,
            "아파트명":"진흥",
            "투자타입":"일반",
            "전용면적(m2)":"80.06",
            "전용면적(평)":"24평",
            "법정동주소":"인천시 미추홀구 주안동 1606",
            "도로명주소":"인천시 미추홀구 인하로298번길 33",
            "세대수":80,
            "입주년차":0,
            "용적률점수":"--",
            "건폐율점수":"--",
            "세대당주차수":30,
            "난방방식":30,
            "공급면적":"--",
            "전용률":"--",
            "욕실수":50,
            "현관타입":100,
            "주거총점":50.5,
            "지역구공급총점":0.0,
            "역세권":0,
            "30분내 이동가능 거점":0,
            "1시간내 이동가능 거점":10,
            "교통총점":2.0,
            "백화점":100,
            "아울렛몰":0,
            "대형마트":0,
            "은행":0,
            "병원":0,
            "종합병원":100,
            "공원":80,
            "혐오시설":0,
            "인프라총점":52.4,
            "초등학군":89.99,
            "중학군":48.6,
            "학군총점":56.878,
            "인구수":44.13,
            "인구증감":8.1,
            "인구총점":33.321,
            "일자리":19.14,
            "소득수준":48.52,
            "일자리총점":27.954,
            "가치 총점":35.0517,
            "매매실거래년":20211217.0,
            "매매실거래가":45000.0,
            "전세실거래년":20211208.0,
            "전세실거래가":21000.0,
            "전세가율":87.5,
            "장기전세가율평균":70.76,
            "전세가율거품지수":-16.74,
            "검색코드":2448,
            "세대수":828.0,
            "준공년월":"1995-12-27",
            "준공년차":28.0,
            "가까운역이름":"시민공원",
            "가까운역거리":1309.6,
            "역세권여부":"비역세권",
            "30분이내주요거점역":0,
            "30분거점역이름":"[]",
            "1시간이내주요거점역":1,
            "1시간거점역이름":"['송도']",
            "3km이내백화점수":1,
            "5km이내아울렛몰수":0,
            "1km이내대형먀트수":0,
            "500m이내은행수":0,
            "500m이내병원수":0,
            "5km이내대형병원수":7,
            "500m이내공원수":1,
            "3km이내혐오시설수":0,
            "초등학교학업성취도":89.99,
            "중학교학업성취도":80.4,
            "용적률":209,
            "건폐율":17,
            "Y":37.446575,
            "X":126.682001,
            "rank":85.0,
            "area_info":"24평(80.06), 32평(108.41), 39평(129.31), 45평(149.72)",
            "last_sales":"2021-12-17,45000.0,39평(129.31)",
            "rank_history":[
                [
                    "202202",
                    85
                ],
                [
                    "202201",
                    86
                ]
            ],
            "rank_gap":1
        },
        {
            "index":517,
            "아파트명":"신동아4차",
            "투자타입":"재건축",
            "전용면적(m2)":"55.0",
            "전용면적(평)":"16평",
            "법정동주소":"인천시 미추홀구 학익동 48-2",
            "도로명주소":"인천시 미추홀구 학익소로61번길 132",
            "세대수":50,
            "입주년차":"--",
            "용적률점수":20,
            "건폐율점수":100,
            "세대당주차수":"--",
            "난방방식":"--",
            "공급면적":50,
            "전용률":80,
            "욕실수":"--",
            "현관타입":"--",
            "주거총점":49.5,
            "지역구공급총점":0.0,
            "역세권":0,
            "30분내 이동가능 거점":0,
            "1시간내 이동가능 거점":10,
            "교통총점":2.0,
            "백화점":100,
            "아울렛몰":0,
            "대형마트":0,
            "은행":0,
            "병원":0,
            "종합병원":100,
            "공원":100,
            "혐오시설":0,
            "인프라총점":53.0,
            "초등학군":89.99,
            "중학군":48.6,
            "학군총점":56.878,
            "인구수":44.13,
            "인구증감":8.1,
            "인구총점":33.321,
            "일자리":19.14,
            "소득수준":48.52,
            "일자리총점":27.954,
            "가치 총점":35.0317,
            "매매실거래년":20220117.0,
            "매매실거래가":51900.0,
            "전세실거래년":20211125.0,
            "전세실거래가":13100.0,
            "전세가율":83.44,
            "장기전세가율평균":70.76,
            "전세가율거품지수":-12.68,
            "검색코드":2465,
            "세대수":630.0,
            "준공년월":"1990-11-17",
            "준공년차":33.0,
            "가까운역이름":"시민공원",
            "가까운역거리":1827.78,
            "역세권여부":"비역세권",
            "30분이내주요거점역":0,
            "30분거점역이름":"[]",
            "1시간이내주요거점역":1,
            "1시간거점역이름":"['송도']",
            "3km이내백화점수":1,
            "5km이내아울렛몰수":0,
            "1km이내대형먀트수":0,
            "500m이내은행수":0,
            "500m이내병원수":0,
            "5km이내대형병원수":6,
            "500m이내공원수":5,
            "3km이내혐오시설수":0,
            "초등학교학업성취도":89.99,
            "중학교학업성취도":80.4,
            "용적률":212,
            "건폐율":17,
            "Y":37.442172,
            "X":126.677423,
            "rank":86.0,
            "area_info":"16평(55.0), 21평(71.81), 26평(89.06), 30평(102.38), 39평(131.75), 44평(148.23)",
            "last_sales":"2022-01-17,51900.0,44평(148.23)",
            "rank_history":[
                [
                    "202202",
                    86
                ],
                [
                    "202201",
                    90
                ]
            ],
            "rank_gap":4
        },
        {
            "index":431,
            "아파트명":"주안태화2차",
            "투자타입":"일반",
            "전용면적(m2)":"82.4",
            "전용면적(평)":"24평",
            "법정동주소":"인천시 미추홀구 주안동 26-8",
            "도로명주소":"인천시 미추홀구 석정로 360",
            "세대수":0,
            "입주년차":0,
            "용적률점수":"--",
            "건폐율점수":"--",
            "세대당주차수":0,
            "난방방식":30,
            "공급면적":"--",
            "전용률":"--",
            "욕실수":50,
            "현관타입":10,
            "주거총점":9.0,
            "지역구공급총점":0.0,
            "역세권":80,
            "30분내 이동가능 거점":0,
            "1시간내 이동가능 거점":50,
            "교통총점":50.0,
            "백화점":0,
            "아울렛몰":0,
            "대형마트":0,
            "은행":0,
            "병원":0,
            "종합병원":100,
            "공원":100,
            "혐오시설":0,
            "인프라총점":23.0,
            "초등학군":89.99,
            "중학군":47.52,
            "학군총점":56.014,
            "인구수":44.13,
            "인구증감":8.1,
            "인구총점":33.321,
            "일자리":19.14,
            "소득수준":48.52,
            "일자리총점":27.954,
            "가치 총점":34.6021,
            "매매실거래년":20210715.0,
            "매매실거래가":16500.0,
            "전세실거래년":20200515.0,
            "전세실거래가":13000.0,
            "전세가율":78.79,
            "장기전세가율평균":70.76,
            "전세가율거품지수":-8.03,
            "검색코드":10471,
            "세대수":143.0,
            "준공년월":"1993-05-13",
            "준공년차":30.0,
            "가까운역이름":"주안",
            "가까운역거리":445.86,
            "역세권여부":"역세권",
            "30분이내주요거점역":0,
            "30분거점역이름":"[]",
            "1시간이내주요거점역":5,
            "1시간거점역이름":"['여의도', '송도', '가산디지털단지', '홍대입구', '구로디지털단지']",
            "3km이내백화점수":0,
            "5km이내아울렛몰수":0,
            "1km이내대형먀트수":0,
            "500m이내은행수":1,
            "500m이내병원수":0,
            "5km이내대형병원수":10,
            "500m이내공원수":2,
            "3km이내혐오시설수":0,
            "초등학교학업성취도":89.99,
            "중학교학업성취도":78.2,
            "용적률":425,
            "건폐율":33,
            "Y":37.466965,
            "X":126.675562,
            "rank":87.0,
            "area_info":"24평(82.4), 31평(103.45), 39평(129.69)",
            "last_sales":"2021-07-15,16500.0,24평(82.4)",
            "rank_history":[
                [
                    "202202",
                    87
                ],
                [
                    "202201",
                    89
                ]
            ],
            "rank_gap":2
        },
        {
            "index":436,
            "아파트명":"주안한신휴플러스",
            "투자타입":"일반",
            "전용면적(m2)":"56.33",
            "전용면적(평)":"17평",
            "법정동주소":"인천시 미추홀구 주안동 1607",
            "도로명주소":"인천시 미추홀구 승학길104번길 30",
            "세대수":50,
            "입주년차":40,
            "용적률점수":"--",
            "건폐율점수":"--",
            "세대당주차수":30,
            "난방방식":30,
            "공급면적":"--",
            "전용률":"--",
            "욕실수":50,
            "현관타입":100,
            "주거총점":48.0,
            "지역구공급총점":0.0,
            "역세권":0,
            "30분내 이동가능 거점":0,
            "1시간내 이동가능 거점":10,
            "교통총점":2.0,
            "백화점":100,
            "아울렛몰":0,
            "대형마트":0,
            "은행":0,
            "병원":0,
            "종합병원":100,
            "공원":80,
            "혐오시설":0,
            "인프라총점":52.4,
            "초등학군":90.0,
            "중학군":48.6,
            "학군총점":56.88,
            "인구수":44.13,
            "인구증감":8.1,
            "인구총점":33.321,
            "일자리":19.14,
            "소득수준":48.52,
            "일자리총점":27.954,
            "가치 총점":34.552,
            "매매실거래년":20211130.0,
            "매매실거래가":34800.0,
            "전세실거래년":20211013.0,
            "전세실거래가":16000.0,
            "전세가율":86.49,
            "장기전세가율평균":70.76,
            "전세가율거품지수":-15.73,
            "검색코드":17560,
            "세대수":494.0,
            "준공년월":"2006-09-26",
            "준공년차":17.0,
            "가까운역이름":"인천터미널",
            "가까운역거리":1622.95,
            "역세권여부":"비역세권",
            "30분이내주요거점역":0,
            "30분거점역이름":"[]",
            "1시간이내주요거점역":1,
            "1시간거점역이름":"['송도']",
            "3km이내백화점수":1,
            "5km이내아울렛몰수":0,
            "1km이내대형먀트수":0,
            "500m이내은행수":0,
            "500m이내병원수":0,
            "5km이내대형병원수":6,
            "500m이내공원수":1,
            "3km이내혐오시설수":0,
            "초등학교학업성취도":90.0,
            "중학교학업성취도":80.4,
            "용적률":223,
            "건폐율":20,
            "Y":37.443685,
            "X":126.681396,
            "rank":88.0,
            "area_info":"17평(56.33), 23평(78.49), 31평(103.53), 31평(103.53), 31평(103.53), 31평(103.34), 31평(103.53)",
            "last_sales":"2021-11-30,34800.0,23평(78.49)",
            "rank_history":[
                [
                    "202202",
                    88
                ],
                [
                    "202201",
                    88
                ]
            ],
            "rank_gap":0
        },
        {
            "index":103,
            "아파트명":"다복",
            "투자타입":"재건축",
            "전용면적(m2)":"53.48",
            "전용면적(평)":"16평",
            "법정동주소":"인천시 미추홀구 숭의동 129-83",
            "도로명주소":"인천시 미추홀구 독정이로 113",
            "세대수":0,
            "입주년차":"--",
            "용적률점수":60,
            "건폐율점수":0,
            "세대당주차수":"--",
            "난방방식":"--",
            "공급면적":50,
            "전용률":100,
            "욕실수":"--",
            "현관타입":"--",
            "주거총점":31.5,
            "지역구공급총점":0.0,
            "역세권":50,
            "30분내 이동가능 거점":0,
            "1시간내 이동가능 거점":40,
            "교통총점":33.0,
            "백화점":0,
            "아울렛몰":0,
            "대형마트":80,
            "은행":0,
            "병원":0,
            "종합병원":100,
            "공원":0,
            "혐오시설":0,
            "인프라총점":32.0,
            "초등학군":89.99,
            "중학군":35.22,
            "학군총점":46.174,
            "인구수":44.13,
            "인구증감":8.1,
            "인구총점":33.321,
            "일자리":19.14,
            "소득수준":48.52,
            "일자리총점":27.954,
            "가치 총점":34.3761,
            "매매실거래년":20220112.0,
            "매매실거래가":13000.0,
            "전세실거래년":20211227.0,
            "전세실거래가":9000.0,
            "전세가율":76.92,
            "장기전세가율평균":70.76,
            "전세가율거품지수":-6.16,
            "검색코드":16524,
            "세대수":100.0,
            "준공년월":"1976-06-11",
            "준공년차":47.0,
            "가까운역이름":"도원",
            "가까운역거리":662.55,
            "역세권여부":"준역세권",
            "30분이내주요거점역":0,
            "30분거점역이름":"[]",
            "1시간이내주요거점역":4,
            "1시간거점역이름":"['송도', '가산디지털단지', '구로디지털단지', '안산']",
            "3km이내백화점수":0,
            "5km이내아울렛몰수":0,
            "1km이내대형먀트수":1,
            "500m이내은행수":1,
            "500m이내병원수":0,
            "5km이내대형병원수":7,
            "500m이내공원수":0,
            "3km이내혐오시설수":0,
            "초등학교학업성취도":89.99,
            "중학교학업성취도":57.7,
            "용적률":187,
            "건폐율":0,
            "Y":37.46515,
            "X":126.64896,
            "rank":89.0,
            "area_info":"16평(53.48), 16평(53.95), 16평(53.98), 16평(54.01), 16평(54.08), 16평(54.31), 16평(55.4), 18평(62.01), 20평(68.29), 25평(82.74), 25평(82.84)",
            "last_sales":"2022-01-12,13000.0,20평(68.29)",
            "rank_history":[
                [
                    "202202",
                    89
                ],
                [
                    "202201",
                    96
                ]
            ],
            "rank_gap":7
        },
        {
            "index":590,
            "아파트명":"학익풍림아이원",
            "투자타입":"일반",
            "전용면적(m2)":"83.57",
            "전용면적(평)":"25평",
            "법정동주소":"인천시 미추홀구 학익동 721",
            "도로명주소":"인천시 미추홀구 매소홀로 340",
            "세대수":100,
            "입주년차":40,
            "용적률점수":"--",
            "건폐율점수":"--",
            "세대당주차수":30,
            "난방방식":30,
            "공급면적":"--",
            "전용률":"--",
            "욕실수":100,
            "현관타입":100,
            "주거총점":70.5,
            "지역구공급총점":0.0,
            "역세권":0,
            "30분내 이동가능 거점":0,
            "1시간내 이동가능 거점":20,
            "교통총점":4.0,
            "백화점":0,
            "아울렛몰":0,
            "대형마트":80,
            "은행":0,
            "병원":0,
            "종합병원":100,
            "공원":100,
            "혐오시설":0,
            "인프라총점":35.0,
            "초등학군":90.0,
            "중학군":44.08,
            "학군총점":53.264,
            "인구수":44.13,
            "인구증감":8.1,
            "인구총점":33.321,
            "일자리":19.14,
            "소득수준":48.52,
            "일자리총점":27.954,
            "가치 총점":33.9896,
            "매매실거래년":20211230.0,
            "매매실거래가":49825.0,
            "전세실거래년":20211221.0,
            "전세실거래가":26000.0,
            "전세가율":52.18,
            "장기전세가율평균":70.76,
            "전세가율거품지수":18.58,
            "검색코드":26150,
            "세대수":2090.0,
            "준공년월":"2007-12-13",
            "준공년차":16.0,
            "가까운역이름":"인하대",
            "가까운역거리":1155.52,
            "역세권여부":"비역세권",
            "30분이내주요거점역":0,
            "30분거점역이름":"[]",
            "1시간이내주요거점역":2,
            "1시간거점역이름":"['송도', '안산']",
            "3km이내백화점수":0,
            "5km이내아울렛몰수":0,
            "1km이내대형먀트수":1,
            "500m이내은행수":0,
            "500m이내병원수":0,
            "5km이내대형병원수":8,
            "500m이내공원수":6,
            "3km이내혐오시설수":0,
            "초등학교학업성취도":90.0,
            "중학교학업성취도":71.4,
            "용적률":249,
            "건폐율":15,
            "Y":37.441326,
            "X":126.659097,
            "rank":90.0,
            "area_info":"25평(83.57), 33평(110.13), 33평(110.73), 33평(111.05), 46평(154.15), 58평(192.96)",
            "last_sales":"2021-12-30,49825.0,25평(83.57)",
            "rank_history":[
                [
                    "202202",
                    90
                ],
                [
                    "202201",
                    91
                ]
            ],
            "rank_gap":1
        },
        {
            "index":149,
            "아파트명":"금호어울림3단지",
            "투자타입":"일반",
            "전용면적(m2)":"77.42",
            "전용면적(평)":"23평",
            "법정동주소":"인천시 미추홀구 용현동 652",
            "도로명주소":"인천시 미추홀구 낙섬동로 51",
            "세대수":0,
            "입주년차":60,
            "용적률점수":"--",
            "건폐율점수":"--",
            "세대당주차수":30,
            "난방방식":30,
            "공급면적":"--",
            "전용률":"--",
            "욕실수":100,
            "현관타입":100,
            "주거총점":39.5,
            "지역구공급총점":0.0,
            "역세권":50,
            "30분내 이동가능 거점":0,
            "1시간내 이동가능 거점":20,
            "교통총점":29.0,
            "백화점":0,
            "아울렛몰":0,
            "대형마트":0,
            "은행":0,
            "병원":0,
            "종합병원":100,
            "공원":100,
            "혐오시설":0,
            "인프라총점":23.0,
            "초등학군":90.0,
            "중학군":50.24,
            "학군총점":58.192,
            "인구수":44.13,
            "인구증감":8.1,
            "인구총점":33.321,
            "일자리":19.14,
            "소득수준":48.52,
            "일자리총점":27.954,
            "가치 총점":33.6788,
            "매매실거래년":20211001.0,
            "매매실거래가":38200.0,
            "전세실거래년":20210726.0,
            "전세실거래가":27400.0,
            "전세가율":97.16,
            "장기전세가율평균":70.76,
            "전세가율거품지수":-26.4,
            "검색코드":27897,
            "세대수":180.0,
            "준공년월":"2010-09-27",
            "준공년차":13.0,
            "가까운역이름":"인하대",
            "가까운역거리":895.21,
            "역세권여부":"준역세권",
            "30분이내주요거점역":0,
            "30분거점역이름":"[]",
            "1시간이내주요거점역":2,
            "1시간거점역이름":"['송도', '안산']",
            "3km이내백화점수":0,
            "5km이내아울렛몰수":0,
            "1km이내대형먀트수":0,
            "500m이내은행수":0,
            "500m이내병원수":0,
            "5km이내대형병원수":6,
            "500m이내공원수":6,
            "3km이내혐오시설수":0,
            "초등학교학업성취도":90.0,
            "중학교학업성취도":83.2,
            "용적률":249,
            "건폐율":29,
            "Y":37.450693,
            "X":126.639864,
            "rank":91.0,
            "area_info":"23평(77.42), 28평(95.54), 32평(107.25), 33평(109.94)",
            "last_sales":"2021-10-01,38200.0,33평(109.94)",
            "rank_history":[
                [
                    "202202",
                    91
                ],
                [
                    "202201",
                    92
                ]
            ],
            "rank_gap":1
        },
        {
            "index":451,
            "아파트명":"태평",
            "투자타입":"재건축",
            "전용면적(m2)":"54.99",
            "전용면적(평)":"16평",
            "법정동주소":"인천시 미추홀구 주안동 1286",
            "도로명주소":"인천시 미추홀구 승학길 90",
            "세대수":0,
            "입주년차":"--",
            "용적률점수":60,
            "건폐율점수":60,
            "세대당주차수":"--",
            "난방방식":"--",
            "공급면적":50,
            "전용률":60,
            "욕실수":"--",
            "현관타입":"--",
            "주거총점":41.5,
            "지역구공급총점":0.0,
            "역세권":0,
            "30분내 이동가능 거점":0,
            "1시간내 이동가능 거점":10,
            "교통총점":2.0,
            "백화점":100,
            "아울렛몰":0,
            "대형마트":0,
            "은행":0,
            "병원":0,
            "종합병원":100,
            "공원":100,
            "혐오시설":0,
            "인프라총점":53.0,
            "초등학군":90.0,
            "중학군":48.6,
            "학군총점":56.88,
            "인구수":44.13,
            "인구증감":8.1,
            "인구총점":33.321,
            "일자리":19.14,
            "소득수준":48.52,
            "일자리총점":27.954,
            "가치 총점":33.432,
            "매매실거래년":20211218.0,
            "매매실거래가":9500.0,
            "전세실거래년":20211129.0,
            "전세실거래가":8500.0,
            "전세가율":77.98,
            "장기전세가율평균":70.76,
            "전세가율거품지수":-7.22,
            "검색코드":8417,
            "세대수":252.0,
            "준공년월":"1989-10-25",
            "준공년차":34.0,
            "가까운역이름":"시민공원",
            "가까운역거리":1651.58,
            "역세권여부":"비역세권",
            "30분이내주요거점역":0,
            "30분거점역이름":"[]",
            "1시간이내주요거점역":1,
            "1시간거점역이름":"['송도']",
            "3km이내백화점수":1,
            "5km이내아울렛몰수":0,
            "1km이내대형먀트수":0,
            "500m이내은행수":0,
            "500m이내병원수":0,
            "5km이내대형병원수":6,
            "500m이내공원수":2,
            "3km이내혐오시설수":0,
            "초등학교학업성취도":90.0,
            "중학교학업성취도":80.4,
            "용적률":196,
            "건폐율":34,
            "Y":37.443494,
            "X":126.680439,
            "rank":92.0,
            "area_info":"16평(54.99), 19평(65.58), 21평(72.2), 22평(73.16), 22평(73.94), 22평(75.78), 30평(101.86)",
            "last_sales":"2021-12-18,9500.0,22평(75.78)",
            "rank_history":[
                [
                    "202202",
                    92
                ],
                [
                    "202201",
                    98
                ]
            ],
            "rank_gap":6
        },
        {
            "index":69,
            "아파트명":"신태양3차",
            "투자타입":"재건축",
            "전용면적(m2)":"57.91",
            "전용면적(평)":"17평",
            "법정동주소":"인천시 미추홀구 도화동 132-1",
            "도로명주소":"인천시 미추홀구 석정로302번길 27",
            "세대수":0,
            "입주년차":"--",
            "용적률점수":0,
            "건폐율점수":0,
            "세대당주차수":"--",
            "난방방식":"--",
            "공급면적":50,
            "전용률":80,
            "욕실수":"--",
            "현관타입":"--",
            "주거총점":6.5,
            "지역구공급총점":0.0,
            "역세권":80,
            "30분내 이동가능 거점":0,
            "1시간내 이동가능 거점":60,
            "교통총점":52.0,
            "백화점":0,
            "아울렛몰":0,
            "대형마트":0,
            "은행":0,
            "병원":0,
            "종합병원":100,
            "공원":0,
            "혐오시설":0,
            "인프라총점":20.0,
            "초등학군":89.99,
            "중학군":42.72,
            "학군총점":52.174,
            "인구수":44.13,
            "인구증감":8.1,
            "인구총점":33.321,
            "일자리":19.14,
            "소득수준":48.52,
            "일자리총점":27.954,
            "가치 총점":33.3261,
            "매매실거래년":20210902.0,
            "매매실거래가":19400.0,
            "전세실거래년":20220117.0,
            "전세실거래가":8400.0,
            "전세가율":60.0,
            "장기전세가율평균":70.76,
            "전세가율거품지수":10.76,
            "검색코드":8947,
            "세대수":175.0,
            "준공년월":"1983-12-20",
            "준공년차":40.0,
            "가까운역이름":"도화",
            "가까운역거리":127.19,
            "역세권여부":"역세권",
            "30분이내주요거점역":0,
            "30분거점역이름":"[]",
            "1시간이내주요거점역":6,
            "1시간거점역이름":"['여의도', '송도', '가산디지털단지', '홍대입구', '구로디지털단지', '안산']",
            "3km이내백화점수":0,
            "5km이내아울렛몰수":0,
            "1km이내대형먀트수":0,
            "500m이내은행수":1,
            "500m이내병원수":0,
            "5km이내대형병원수":9,
            "500m이내공원수":0,
            "3km이내혐오시설수":0,
            "초등학교학업성취도":89.99,
            "중학교학업성취도":70.0,
            "용적률":0,
            "건폐율":0,
            "Y":37.466721,
            "X":126.669857,
            "rank":93.0,
            "area_info":"17평(57.91), 18평(60.22), 18평(62.5), 20평(66.33), 21평(69.64), 23평(79.22)",
            "last_sales":"2021-09-02,19400.0,23평(79.22)",
            "rank_history":[
                [
                    "202202",
                    93
                ],
                [
                    "202201",
                    94
                ]
            ],
            "rank_gap":1
        },
        {
            "index":30,
            "아파트명":"나산",
            "투자타입":"일반",
            "전용면적(m2)":"89.84",
            "전용면적(평)":"27평",
            "법정동주소":"인천시 미추홀구 도화동 601-2",
            "도로명주소":"인천시 미추홀구 경인로 221",
            "세대수":0,
            "입주년차":0,
            "용적률점수":"--",
            "건폐율점수":"--",
            "세대당주차수":30,
            "난방방식":30,
            "공급면적":"--",
            "전용률":"--",
            "욕실수":50,
            "현관타입":10,
            "주거총점":13.5,
            "지역구공급총점":0.0,
            "역세권":80,
            "30분내 이동가능 거점":0,
            "1시간내 이동가능 거점":40,
            "교통총점":48.0,
            "백화점":0,
            "아울렛몰":0,
            "대형마트":0,
            "은행":0,
            "병원":0,
            "종합병원":100,
            "공원":0,
            "혐오시설":0,
            "인프라총점":20.0,
            "초등학군":89.98,
            "중학군":42.72,
            "학군총점":52.172,
            "인구수":44.13,
            "인구증감":8.1,
            "인구총점":33.321,
            "일자리":19.14,
            "소득수준":48.52,
            "일자리총점":27.954,
            "가치 총점":33.3258,
            "매매실거래년":20211210.0,
            "매매실거래가":20200.0,
            "전세실거래년":20211213.0,
            "전세실거래가":15000.0,
            "전세가율":74.26,
            "장기전세가율평균":70.76,
            "전세가율거품지수":-3.5,
            "검색코드":8935,
            "세대수":211.0,
            "준공년월":"1996-10-04",
            "준공년차":27.0,
            "가까운역이름":"도화",
            "가까운역거리":166.21,
            "역세권여부":"역세권",
            "30분이내주요거점역":0,
            "30분거점역이름":"[]",
            "1시간이내주요거점역":4,
            "1시간거점역이름":"['송도', '가산디지털단지', '구로디지털단지', '안산']",
            "3km이내백화점수":0,
            "5km이내아울렛몰수":0,
            "1km이내대형먀트수":0,
            "500m이내은행수":1,
            "500m이내병원수":0,
            "5km이내대형병원수":9,
            "500m이내공원수":0,
            "3km이내혐오시설수":0,
            "초등학교학업성취도":89.98,
            "중학교학업성취도":70.0,
            "용적률":489,
            "건폐율":67,
            "Y":37.46509,
            "X":126.66725,
            "rank":94.0,
            "area_info":"27평(89.84), 33평(109.37)",
            "last_sales":"2021-12-10,20200.0,27평(89.84)",
            "rank_history":[
                [
                    "202202",
                    94
                ],
                [
                    "202201",
                    95
                ]
            ],
            "rank_gap":1
        },
        {
            "index":211,
            "아파트명":"용현엠코타운",
            "투자타입":"일반",
            "전용면적(m2)":"78.91",
            "전용면적(평)":"23평",
            "법정동주소":"인천시 미추홀구 용현동 656",
            "도로명주소":"인천시 미추홀구 토금북로 56",
            "세대수":0,
            "입주년차":60,
            "용적률점수":"--",
            "건폐율점수":"--",
            "세대당주차수":0,
            "난방방식":30,
            "공급면적":"--",
            "전용률":"--",
            "욕실수":100,
            "현관타입":100,
            "주거총점":35.0,
            "지역구공급총점":0.0,
            "역세권":50,
            "30분내 이동가능 거점":0,
            "1시간내 이동가능 거점":20,
            "교통총점":29.0,
            "백화점":0,
            "아울렛몰":0,
            "대형마트":0,
            "은행":0,
            "병원":0,
            "종합병원":100,
            "공원":100,
            "혐오시설":0,
            "인프라총점":23.0,
            "초등학군":90.0,
            "중학군":50.24,
            "학군총점":58.192,
            "인구수":44.13,
            "인구증감":8.1,
            "인구총점":33.321,
            "일자리":19.14,
            "소득수준":48.52,
            "일자리총점":27.954,
            "가치 총점":32.7788,
            "매매실거래년":20211218.0,
            "매매실거래가":37700.0,
            "전세실거래년":20200727.0,
            "전세실거래가":22000.0,
            "전세가율":76.52,
            "장기전세가율평균":70.76,
            "전세가율거품지수":-5.76,
            "검색코드":102348,
            "세대수":171.0,
            "준공년월":"2011-04-18",
            "준공년차":12.0,
            "가까운역이름":"숭의",
            "가까운역거리":902.19,
            "역세권여부":"준역세권",
            "30분이내주요거점역":0,
            "30분거점역이름":"[]",
            "1시간이내주요거점역":2,
            "1시간거점역이름":"['송도', '안산']",
            "3km이내백화점수":0,
            "5km이내아울렛몰수":0,
            "1km이내대형먀트수":0,
            "500m이내은행수":0,
            "500m이내병원수":0,
            "5km이내대형병원수":6,
            "500m이내공원수":6,
            "3km이내혐오시설수":0,
            "초등학교학업성취도":90.0,
            "중학교학업성취도":83.2,
            "용적률":295,
            "건폐율":21,
            "Y":37.452755,
            "X":126.639725,
            "rank":95.0,
            "area_info":"23평(78.91), 27평(91.35), 32평(107.28), 32평(108.17), 32평(108.98), 33평(111.9)",
            "last_sales":"2021-12-18,37700.0,32평(108.17)",
            "rank_history":[
                [
                    "202202",
                    95
                ],
                [
                    "202201",
                    93
                ]
            ],
            "rank_gap":-2
        },
        {
            "index":153,
            "아파트명":"금호어울림4단지",
            "투자타입":"일반",
            "전용면적(m2)":"80.24",
            "전용면적(평)":"24평",
            "법정동주소":"인천시 미추홀구 용현동 653",
            "도로명주소":"인천시 미추홀구 토금중로 60",
            "세대수":0,
            "입주년차":60,
            "용적률점수":"--",
            "건폐율점수":"--",
            "세대당주차수":30,
            "난방방식":30,
            "공급면적":"--",
            "전용률":"--",
            "욕실수":50,
            "현관타입":100,
            "주거총점":34.5,
            "지역구공급총점":0.0,
            "역세권":50,
            "30분내 이동가능 거점":0,
            "1시간내 이동가능 거점":20,
            "교통총점":29.0,
            "백화점":0,
            "아울렛몰":0,
            "대형마트":0,
            "은행":0,
            "병원":0,
            "종합병원":100,
            "공원":100,
            "혐오시설":0,
            "인프라총점":23.0,
            "초등학군":90.0,
            "중학군":50.24,
            "학군총점":58.192,
            "인구수":44.13,
            "인구증감":8.1,
            "인구총점":33.321,
            "일자리":19.14,
            "소득수준":48.52,
            "일자리총점":27.954,
            "가치 총점":32.6788,
            "매매실거래년":20210618.0,
            "매매실거래가":39300.0,
            "전세실거래년":20190819.0,
            "전세실거래가":20000.0,
            "전세가율":71.43,
            "장기전세가율평균":70.76,
            "전세가율거품지수":-0.67,
            "검색코드":27080,
            "세대수":209.0,
            "준공년월":"2010-12-06",
            "준공년차":13.0,
            "가까운역이름":"인하대",
            "가까운역거리":959.63,
            "역세권여부":"준역세권",
            "30분이내주요거점역":0,
            "30분거점역이름":"[]",
            "1시간이내주요거점역":2,
            "1시간거점역이름":"['송도', '안산']",
            "3km이내백화점수":0,
            "5km이내아울렛몰수":0,
            "1km이내대형먀트수":0,
            "500m이내은행수":0,
            "500m이내병원수":0,
            "5km이내대형병원수":6,
            "500m이내공원수":6,
            "3km이내혐오시설수":0,
            "초등학교학업성취도":90.0,
            "중학교학업성취도":83.2,
            "용적률":250,
            "건폐율":27,
            "Y":37.451336,
            "X":126.639355,
            "rank":96.0,
            "area_info":"24평(80.24), 28평(95.44), 32평(107.33)",
            "last_sales":"2021-06-18,39300.0,32평(107.33)",
            "rank_history":[
                [
                    "202202",
                    96
                ],
                [
                    "202201",
                    97
                ]
            ],
            "rank_gap":1
        },
        {
            "index":378,
            "아파트명":"신비마을",
            "투자타입":"일반",
            "전용면적(m2)":"69.81",
            "전용면적(평)":"21평",
            "법정동주소":"인천시 미추홀구 주안동 1600",
            "도로명주소":"인천시 미추홀구 주승로 148",
            "세대수":80,
            "입주년차":0,
            "용적률점수":"--",
            "건폐율점수":"--",
            "세대당주차수":0,
            "난방방식":30,
            "공급면적":"--",
            "전용률":"--",
            "욕실수":50,
            "현관타입":10,
            "주거총점":37.0,
            "지역구공급총점":0.0,
            "역세권":0,
            "30분내 이동가능 거점":0,
            "1시간내 이동가능 거점":10,
            "교통총점":2.0,
            "백화점":100,
            "아울렛몰":0,
            "대형마트":0,
            "은행":0,
            "병원":0,
            "종합병원":100,
            "공원":100,
            "혐오시설":0,
            "인프라총점":53.0,
            "초등학군":89.98,
            "중학군":48.6,
            "학군총점":56.876,
            "인구수":44.13,
            "인구증감":8.1,
            "인구총점":33.321,
            "일자리":19.14,
            "소득수준":48.52,
            "일자리총점":27.954,
            "가치 총점":32.5314,
            "매매실거래년":20211220.0,
            "매매실거래가":17500.0,
            "전세실거래년":20220111.0,
            "전세실거래가":15500.0,
            "전세가율":88.57,
            "장기전세가율평균":70.76,
            "전세가율거품지수":-17.81,
            "검색코드":14801,
            "세대수":720.0,
            "준공년월":"1994-03-18",
            "준공년차":29.0,
            "가까운역이름":"인천터미널",
            "가까운역거리":1187.06,
            "역세권여부":"비역세권",
            "30분이내주요거점역":0,
            "30분거점역이름":"[]",
            "1시간이내주요거점역":1,
            "1시간거점역이름":"['송도']",
            "3km이내백화점수":1,
            "5km이내아울렛몰수":0,
            "1km이내대형먀트수":0,
            "500m이내은행수":0,
            "500m이내병원수":0,
            "5km이내대형병원수":7,
            "500m이내공원수":3,
            "3km이내혐오시설수":0,
            "초등학교학업성취도":89.98,
            "중학교학업성취도":80.4,
            "용적률":164,
            "건폐율":18,
            "Y":37.444942,
            "X":126.686652,
            "rank":97.0,
            "area_info":"21평(69.81), 25평(84.83)",
            "last_sales":"2021-12-20,17500.0,21평(69.81)",
            "rank_history":[
                [
                    "202202",
                    97
                ],
                [
                    "202201",
                    105
                ]
            ],
            "rank_gap":8
        },
        {
            "index":133,
            "아파트명":"제물포(42-1)",
            "투자타입":"재건축",
            "전용면적(m2)":"56.19",
            "전용면적(평)":"16평",
            "법정동주소":"인천시 미추홀구 숭의동 42-1",
            "도로명주소":"인천시 미추홀구 수봉로 6-11",
            "세대수":0,
            "입주년차":"--",
            "용적률점수":0,
            "건폐율점수":0,
            "세대당주차수":"--",
            "난방방식":"--",
            "공급면적":50,
            "전용률":100,
            "욕실수":"--",
            "현관타입":"--",
            "주거총점":7.5,
            "지역구공급총점":0.0,
            "역세권":80,
            "30분내 이동가능 거점":0,
            "1시간내 이동가능 거점":50,
            "교통총점":50.0,
            "백화점":0,
            "아울렛몰":0,
            "대형마트":0,
            "은행":20,
            "병원":0,
            "종합병원":100,
            "공원":0,
            "혐오시설":0,
            "인프라총점":22.0,
            "초등학군":89.99,
            "중학군":35.22,
            "학군총점":46.174,
            "인구수":44.13,
            "인구증감":8.1,
            "인구총점":33.321,
            "일자리":19.14,
            "소득수준":48.52,
            "일자리총점":27.954,
            "가치 총점":32.5261,
            "매매실거래년":20211228.0,
            "매매실거래가":19800.0,
            "전세실거래년":20211216.0,
            "전세실거래가":8000.0,
            "전세가율":70.18,
            "장기전세가율평균":70.76,
            "전세가율거품지수":0.58,
            "검색코드":13586,
            "세대수":115.0,
            "준공년월":"1978-04-03",
            "준공년차":45.0,
            "가까운역이름":"제물포",
            "가까운역거리":164.75,
            "역세권여부":"역세권",
            "30분이내주요거점역":0,
            "30분거점역이름":"[]",
            "1시간이내주요거점역":5,
            "1시간거점역이름":"['여의도', '송도', '가산디지털단지', '홍대입구', '구로디지털단지']",
            "3km이내백화점수":0,
            "5km이내아울렛몰수":0,
            "1km이내대형먀트수":0,
            "500m이내은행수":2,
            "500m이내병원수":0,
            "5km이내대형병원수":8,
            "500m이내공원수":0,
            "3km이내혐오시설수":0,
            "초등학교학업성취도":89.99,
            "중학교학업성취도":57.7,
            "용적률":0,
            "건폐율":0,
            "Y":37.465454,
            "X":126.655806,
            "rank":98.0,
            "area_info":"16평(56.19), 17평(56.2), 24평(80.65), 25평(83.19)",
            "last_sales":"2021-12-28,19800.0,25평(83.19)",
            "rank_history":[
                [
                    "202202",
                    98
                ],
                [
                    "202201",
                    99
                ]
            ],
            "rank_gap":1
        },
        {
            "index":583,
            "아파트명":"하나1차",
            "투자타입":"일반",
            "전용면적(m2)":"40.08",
            "전용면적(평)":"12평",
            "법정동주소":"인천시 미추홀구 학익동 681-6",
            "도로명주소":"인천시 미추홀구 매소홀로418번길 21",
            "세대수":30,
            "입주년차":0,
            "용적률점수":"--",
            "건폐율점수":"--",
            "세대당주차수":30,
            "난방방식":30,
            "공급면적":"--",
            "전용률":"--",
            "욕실수":50,
            "현관타입":100,
            "주거총점":33.0,
            "지역구공급총점":0.0,
            "역세권":0,
            "30분내 이동가능 거점":0,
            "1시간내 이동가능 거점":20,
            "교통총점":4.0,
            "백화점":100,
            "아울렛몰":0,
            "대형마트":0,
            "은행":20,
            "병원":0,
            "종합병원":100,
            "공원":100,
            "혐오시설":0,
            "인프라총점":55.0,
            "초등학군":89.99,
            "중학군":44.08,
            "학군총점":53.262,
            "인구수":44.13,
            "인구증감":8.1,
            "인구총점":33.321,
            "일자리":19.14,
            "소득수준":48.52,
            "일자리총점":27.954,
            "가치 총점":32.4893,
            "매매실거래년":20220115.0,
            "매매실거래가":28500.0,
            "전세실거래년":20211113.0,
            "전세실거래가":6000.0,
            "전세가율":67.42,
            "장기전세가율평균":70.76,
            "전세가율거품지수":3.34,
            "검색코드":8899,
            "세대수":312.0,
            "준공년월":"1997-12-10",
            "준공년차":26.0,
            "가까운역이름":"송도",
            "가까운역거리":1496.4,
            "역세권여부":"비역세권",
            "30분이내주요거점역":0,
            "30분거점역이름":"[]",
            "1시간이내주요거점역":2,
            "1시간거점역이름":"['송도', '안산']",
            "3km이내백화점수":1,
            "5km이내아울렛몰수":0,
            "1km이내대형먀트수":0,
            "500m이내은행수":2,
            "500m이내병원수":0,
            "5km이내대형병원수":7,
            "500m이내공원수":3,
            "3km이내혐오시설수":0,
            "초등학교학업성취도":89.99,
            "중학교학업성취도":71.4,
            "용적률":277,
            "건폐율":25,
            "Y":37.438706,
            "X":126.668839,
            "rank":99.0,
            "area_info":"12평(40.08), 22평(74.91), 32평(106.3)",
            "last_sales":"2022-01-15,28500.0,22평(74.91)",
            "rank_history":[
                [
                    "202202",
                    99
                ],
                [
                    "202201",
                    100
                ]
            ],
            "rank_gap":1
        },
        {
            "index":475,
            "아파트명":"대동",
            "투자타입":"재건축",
            "전용면적(m2)":"52.37",
            "전용면적(평)":"15평",
            "법정동주소":"인천시 미추홀구 학익동 684-4",
            "도로명주소":"인천시 미추홀구 매소홀로 402",
            "세대수":50,
            "입주년차":"--",
            "용적률점수":100,
            "건폐율점수":80,
            "세대당주차수":"--",
            "난방방식":"--",
            "공급면적":50,
            "전용률":80,
            "욕실수":"--",
            "현관타입":"--",
            "주거총점":77.5,
            "지역구공급총점":0.0,
            "역세권":0,
            "30분내 이동가능 거점":0,
            "1시간내 이동가능 거점":20,
            "교통총점":4.0,
            "백화점":0,
            "아울렛몰":0,
            "대형마트":0,
            "은행":20,
            "병원":0,
            "종합병원":100,
            "공원":100,
            "혐오시설":0,
            "인프라총점":25.0,
            "초등학군":89.99,
            "중학군":44.08,
            "학군총점":53.262,
            "인구수":44.13,
            "인구증감":8.1,
            "인구총점":33.321,
            "일자리":19.14,
            "소득수준":48.52,
            "일자리총점":27.954,
            "가치 총점":32.3893,
            "매매실거래년":20211222.0,
            "매매실거래가":10900.0,
            "전세실거래년":20211028.0,
            "전세실거래가":8000.0,
            "전세가율":96.39,
            "장기전세가율평균":70.76,
            "전세가율거품지수":-25.63,
            "검색코드":8124,
            "세대수":402.0,
            "준공년월":"1988-05-06",
            "준공년차":35.0,
            "가까운역이름":"송도",
            "가까운역거리":1454.76,
            "역세권여부":"비역세권",
            "30분이내주요거점역":0,
            "30분거점역이름":"[]",
            "1시간이내주요거점역":2,
            "1시간거점역이름":"['송도', '안산']",
            "3km이내백화점수":0,
            "5km이내아울렛몰수":0,
            "1km이내대형먀트수":0,
            "500m이내은행수":2,
            "500m이내병원수":0,
            "5km이내대형병원수":7,
            "500m이내공원수":4,
            "3km이내혐오시설수":0,
            "초등학교학업성취도":89.99,
            "중학교학업성취도":71.4,
            "용적률":120,
            "건폐율":21,
            "Y":37.439607,
            "X":126.666507,
            "rank":100.0,
            "area_info":"15평(52.37), 16평(54.72), 18평(60.33), 18평(61.75), 20평(66.15)",
            "last_sales":"2021-12-22,10900.0,18평(60.33)",
            "rank_history":[
                [
                    "202202",
                    100
                ],
                [
                    "202201",
                    101
                ]
            ],
            "rank_gap":1
        },
        {
            "index":523,
            "아파트명":"신동아5차",
            "투자타입":"일반",
            "전용면적(m2)":"67.63",
            "전용면적(평)":"20평",
            "법정동주소":"인천시 미추홀구 학익동 48-1",
            "도로명주소":"인천시 미추홀구 학익소로61번길 135",
            "세대수":50,
            "입주년차":0,
            "용적률점수":"--",
            "건폐율점수":"--",
            "세대당주차수":0,
            "난방방식":30,
            "공급면적":"--",
            "전용률":"--",
            "욕실수":50,
            "현관타입":100,
            "주거총점":35.5,
            "지역구공급총점":0.0,
            "역세권":0,
            "30분내 이동가능 거점":0,
            "1시간내 이동가능 거점":10,
            "교통총점":2.0,
            "백화점":100,
            "아울렛몰":0,
            "대형마트":0,
            "은행":0,
            "병원":0,
            "종합병원":100,
            "공원":100,
            "혐오시설":0,
            "인프라총점":53.0,
            "초등학군":89.99,
            "중학군":48.6,
            "학군총점":56.878,
            "인구수":44.13,
            "인구증감":8.1,
            "인구총점":33.321,
            "일자리":19.14,
            "소득수준":48.52,
            "일자리총점":27.954,
            "가치 총점":32.2317,
            "매매실거래년":20211013.0,
            "매매실거래가":47500.0,
            "전세실거래년":20201128.0,
            "전세실거래가":17500.0,
            "전세가율":93.83,
            "장기전세가율평균":70.76,
            "전세가율거품지수":-23.07,
            "검색코드":2467,
            "세대수":594.0,
            "준공년월":"1993-06-22",
            "준공년차":30.0,
            "가까운역이름":"시민공원",
            "가까운역거리":1697.43,
            "역세권여부":"비역세권",
            "30분이내주요거점역":0,
            "30분거점역이름":"[]",
            "1시간이내주요거점역":1,
            "1시간거점역이름":"['송도']",
            "3km이내백화점수":1,
            "5km이내아울렛몰수":0,
            "1km이내대형먀트수":0,
            "500m이내은행수":0,
            "500m이내병원수":0,
            "5km이내대형병원수":6,
            "500m이내공원수":3,
            "3km이내혐오시설수":0,
            "초등학교학업성취도":89.99,
            "중학교학업성취도":80.4,
            "용적률":251,
            "건폐율":0,
            "Y":37.443362,
            "X":126.677447,
            "rank":101.0,
            "area_info":"20평(67.63), 24평(79.85), 25평(84.5), 29평(96.17), 37평(123.55), 42평(138.94), 49평(164.07)",
            "last_sales":"2021-10-13,47500.0,42평(138.94)",
            "rank_history":[
                [
                    "202202",
                    101
                ],
                [
                    "202201",
                    103
                ]
            ],
            "rank_gap":2
        },
        {
            "index":480,
            "아파트명":"동아풍림",
            "투자타입":"일반",
            "전용면적(m2)":"82.89",
            "전용면적(평)":"25평",
            "법정동주소":"인천시 미추홀구 학익동 719",
            "도로명주소":"인천시 미추홀구 소성로 120",
            "세대수":90,
            "입주년차":20,
            "용적률점수":"--",
            "건폐율점수":"--",
            "세대당주차수":60,
            "난방방식":30,
            "공급면적":"--",
            "전용률":"--",
            "욕실수":100,
            "현관타입":100,
            "주거총점":67.5,
            "지역구공급총점":0.0,
            "역세권":0,
            "30분내 이동가능 거점":20,
            "1시간내 이동가능 거점":20,
            "교통총점":10.0,
            "백화점":0,
            "아울렛몰":0,
            "대형마트":0,
            "은행":0,
            "병원":0,
            "종합병원":100,
            "공원":100,
            "혐오시설":0,
            "인프라총점":23.0,
            "초등학군":90.0,
            "중학군":44.08,
            "학군총점":53.264,
            "인구수":44.13,
            "인구증감":8.1,
            "인구총점":33.321,
            "일자리":19.14,
            "소득수준":48.52,
            "일자리총점":27.954,
            "가치 총점":31.8896,
            "매매실거래년":20211205.0,
            "매매실거래가":37500.0,
            "전세실거래년":20210508.0,
            "전세실거래가":19950.0,
            "전세가율":53.2,
            "장기전세가율평균":70.76,
            "전세가율거품지수":17.56,
            "검색코드":8405,
            "세대수":1480.0,
            "준공년월":"1999-11-29",
            "준공년차":24.0,
            "가까운역이름":"인하대",
            "가까운역거리":1250.65,
            "역세권여부":"비역세권",
            "30분이내주요거점역":1,
            "30분거점역이름":"['송도']",
            "1시간이내주요거점역":2,
            "1시간거점역이름":"['송도', '안산']",
            "3km이내백화점수":0,
            "5km이내아울렛몰수":0,
            "1km이내대형먀트수":0,
            "500m이내은행수":0,
            "500m이내병원수":0,
            "5km이내대형병원수":8,
            "500m이내공원수":4,
            "3km이내혐오시설수":0,
            "초등학교학업성취도":90.0,
            "중학교학업성취도":71.4,
            "용적률":299,
            "건폐율":20,
            "Y":37.442671,
            "X":126.66174,
            "rank":102.0,
            "area_info":"25평(82.89), 33평(109.97), 46평(152.96), 53평(176.46), 60평(200.73)",
            "last_sales":"2021-12-05,37500.0,25평(82.89)",
            "rank_history":[
                [
                    "202202",
                    102
                ],
                [
                    "202201",
                    102
                ]
            ],
            "rank_gap":0
        },
        {
            "index":235,
            "아파트명":"윤성",
            "투자타입":"일반",
            "전용면적(m2)":"78.09",
            "전용면적(평)":"23평",
            "법정동주소":"인천시 미추홀구 용현동 627-457",
            "도로명주소":"인천시 미추홀구 매소홀로 143",
            "세대수":30,
            "입주년차":0,
            "용적률점수":"--",
            "건폐율점수":"--",
            "세대당주차수":0,
            "난방방식":30,
            "공급면적":"--",
            "전용률":"--",
            "욕실수":50,
            "현관타입":10,
            "주거총점":19.5,
            "지역구공급총점":0.0,
            "역세권":50,
            "30분내 이동가능 거점":0,
            "1시간내 이동가능 거점":20,
            "교통총점":29.0,
            "백화점":0,
            "아울렛몰":0,
            "대형마트":80,
            "은행":0,
            "병원":0,
            "종합병원":100,
            "공원":0,
            "혐오시설":-50,
            "인프라총점":31.0,
            "초등학군":90.01,
            "중학군":44.5,
            "학군총점":53.602,
            "인구수":44.13,
            "인구증감":8.1,
            "인구총점":33.321,
            "일자리":19.14,
            "소득수준":48.52,
            "일자리총점":27.954,
            "가치 총점":31.3903,
            "매매실거래년":20211008.0,
            "매매실거래가":21500.0,
            "전세실거래년":20211117.0,
            "전세실거래가":14000.0,
            "전세가율":65.12,
            "장기전세가율평균":70.76,
            "전세가율거품지수":5.64,
            "검색코드":2420,
            "세대수":368.0,
            "준공년월":"1993-06-30",
            "준공년차":30.0,
            "가까운역이름":"인하대",
            "가까운역거리":891.52,
            "역세권여부":"준역세권",
            "30분이내주요거점역":0,
            "30분거점역이름":"[]",
            "1시간이내주요거점역":2,
            "1시간거점역이름":"['송도', '안산']",
            "3km이내백화점수":0,
            "5km이내아울렛몰수":0,
            "1km이내대형먀트수":1,
            "500m이내은행수":1,
            "500m이내병원수":0,
            "5km이내대형병원수":6,
            "500m이내공원수":0,
            "3km이내혐오시설수":1,
            "초등학교학업성취도":90.01,
            "중학교학업성취도":71.3,
            "용적률":242,
            "건폐율":19,
            "Y":37.44593,
            "X":126.64005,
            "rank":103.0,
            "area_info":"23평(78.09), 27평(90.95), 32평(107.39)",
            "last_sales":"2021-10-08,21500.0,23평(78.09)",
            "rank_history":[
                [
                    "202202",
                    103
                ],
                [
                    "202201",
                    109
                ]
            ],
            "rank_gap":6
        },
        {
            "index":586,
            "아파트명":"하나2차",
            "투자타입":"일반",
            "전용면적(m2)":"78.71",
            "전용면적(평)":"23평",
            "법정동주소":"인천시 미추홀구 학익동 682-1",
            "도로명주소":"인천시 미추홀구 매소홀로418번길 5",
            "세대수":0,
            "입주년차":20,
            "용적률점수":"--",
            "건폐율점수":"--",
            "세대당주차수":30,
            "난방방식":30,
            "공급면적":"--",
            "전용률":"--",
            "욕실수":50,
            "현관타입":100,
            "주거총점":26.5,
            "지역구공급총점":0.0,
            "역세권":0,
            "30분내 이동가능 거점":0,
            "1시간내 이동가능 거점":20,
            "교통총점":4.0,
            "백화점":100,
            "아울렛몰":0,
            "대형마트":0,
            "은행":20,
            "병원":0,
            "종합병원":100,
            "공원":100,
            "혐오시설":0,
            "인프라총점":55.0,
            "초등학군":89.99,
            "중학군":44.08,
            "학군총점":53.262,
            "인구수":44.13,
            "인구증감":8.1,
            "인구총점":33.321,
            "일자리":19.14,
            "소득수준":48.52,
            "일자리총점":27.954,
            "가치 총점":31.1893,
            "매매실거래년":20210520.0,
            "매매실거래가":32000.0,
            "전세실거래년":20201105.0,
            "전세실거래가":15000.0,
            "전세가율":78.95,
            "장기전세가율평균":70.76,
            "전세가율거품지수":-8.19,
            "검색코드":8898,
            "세대수":114.0,
            "준공년월":"2000-05-03",
            "준공년차":23.0,
            "가까운역이름":"송도",
            "가까운역거리":1577.69,
            "역세권여부":"비역세권",
            "30분이내주요거점역":0,
            "30분거점역이름":"[]",
            "1시간이내주요거점역":2,
            "1시간거점역이름":"['송도', '안산']",
            "3km이내백화점수":1,
            "5km이내아울렛몰수":0,
            "1km이내대형먀트수":0,
            "500m이내은행수":2,
            "500m이내병원수":0,
            "5km이내대형병원수":7,
            "500m이내공원수":3,
            "3km이내혐오시설수":0,
            "초등학교학업성취도":89.99,
            "중학교학업성취도":71.4,
            "용적률":290,
            "건폐율":40,
            "Y":37.439563,
            "X":126.668982,
            "rank":104.0,
            "area_info":"23평(78.71), 33평(111.71), 42평(140.94), 50평(165.79)",
            "last_sales":"2021-05-20,32000.0,50평(165.79)",
            "rank_history":[
                [
                    "202202",
                    104
                ],
                [
                    "202201",
                    104
                ]
            ],
            "rank_gap":0
        },
        {
            "index":99,
            "아파트명":"극동",
            "투자타입":"일반",
            "전용면적(m2)":"77.62",
            "전용면적(평)":"23평",
            "법정동주소":"인천시 미추홀구 숭의동 84-1",
            "도로명주소":"인천시 미추홀구 석정로126번길 12-33",
            "세대수":0,
            "입주년차":0,
            "용적률점수":"--",
            "건폐율점수":"--",
            "세대당주차수":0,
            "난방방식":30,
            "공급면적":"--",
            "전용률":"--",
            "욕실수":50,
            "현관타입":100,
            "주거총점":18.0,
            "지역구공급총점":0.0,
            "역세권":50,
            "30분내 이동가능 거점":0,
            "1시간내 이동가능 거점":30,
            "교통총점":31.0,
            "백화점":0,
            "아울렛몰":0,
            "대형마트":80,
            "은행":0,
            "병원":0,
            "종합병원":100,
            "공원":0,
            "혐오시설":0,
            "인프라총점":32.0,
            "초등학군":89.99,
            "중학군":36.1,
            "학군총점":46.878,
            "인구수":44.13,
            "인구증감":8.1,
            "인구총점":33.321,
            "일자리":19.14,
            "소득수준":48.52,
            "일자리총점":27.954,
            "가치 총점":31.0817,
            "매매실거래년":20211011.0,
            "매매실거래가":18000.0,
            "전세실거래년":20110826.0,
            "전세실거래가":8000.0,
            "전세가율":53.33,
            "장기전세가율평균":70.76,
            "전세가율거품지수":17.43,
            "검색코드":10510,
            "세대수":133.0,
            "준공년월":"1997-10-01",
            "준공년차":26.0,
            "가까운역이름":"도원",
            "가까운역거리":513.63,
            "역세권여부":"준역세권",
            "30분이내주요거점역":0,
            "30분거점역이름":"[]",
            "1시간이내주요거점역":3,
            "1시간거점역이름":"['송도', '가산디지털단지', '구로디지털단지']",
            "3km이내백화점수":0,
            "5km이내아울렛몰수":0,
            "1km이내대형먀트수":1,
            "500m이내은행수":1,
            "500m이내병원수":0,
            "5km이내대형병원수":7,
            "500m이내공원수":0,
            "3km이내혐오시설수":0,
            "초등학교학업성취도":89.99,
            "중학교학업성취도":59.1,
            "용적률":233,
            "건폐율":29,
            "Y":37.467956,
            "X":126.648493,
            "rank":105.0,
            "area_info":"23평(77.62), 24평(79.97), 32평(106.2), 32평(106.99)",
            "last_sales":"2021-10-11,18000.0,24평(79.97)",
            "rank_history":[
                [
                    "202202",
                    105
                ],
                [
                    "202201",
                    111
                ]
            ],
            "rank_gap":6
        },
        {
            "index":573,
            "아파트명":"주안신동아7차",
            "투자타입":"일반",
            "전용면적(m2)":"75.09",
            "전용면적(평)":"22평",
            "법정동주소":"인천시 미추홀구 학익동 645",
            "도로명주소":"인천시 미추홀구 학익소로61번길 83",
            "세대수":50,
            "입주년차":0,
            "용적률점수":"--",
            "건폐율점수":"--",
            "세대당주차수":0,
            "난방방식":30,
            "공급면적":"--",
            "전용률":"--",
            "욕실수":50,
            "현관타입":10,
            "주거총점":26.5,
            "지역구공급총점":0.0,
            "역세권":0,
            "30분내 이동가능 거점":0,
            "1시간내 이동가능 거점":10,
            "교통총점":2.0,
            "백화점":100,
            "아울렛몰":0,
            "대형마트":0,
            "은행":20,
            "병원":0,
            "종합병원":100,
            "공원":100,
            "혐오시설":0,
            "인프라총점":55.0,
            "초등학군":89.99,
            "중학군":44.16,
            "학군총점":53.326,
            "인구수":44.13,
            "인구증감":8.1,
            "인구총점":33.321,
            "일자리":19.14,
            "소득수준":48.52,
            "일자리총점":27.954,
            "가치 총점":30.4989,
            "매매실거래년":20211117.0,
            "매매실거래가":27300.0,
            "전세실거래년":20211127.0,
            "전세실거래가":18300.0,
            "전세가율":67.03,
            "장기전세가율평균":70.76,
            "전세가율거품지수":3.73,
            "검색코드":2469,
            "세대수":510.0,
            "준공년월":"1994-11-30",
            "준공년차":29.0,
            "가까운역이름":"시민공원",
            "가까운역거리":1760.24,
            "역세권여부":"비역세권",
            "30분이내주요거점역":0,
            "30분거점역이름":"[]",
            "1시간이내주요거점역":1,
            "1시간거점역이름":"['송도']",
            "3km이내백화점수":1,
            "5km이내아울렛몰수":0,
            "1km이내대형먀트수":0,
            "500m이내은행수":2,
            "500m이내병원수":0,
            "5km이내대형병원수":8,
            "500m이내공원수":3,
            "3km이내혐오시설수":0,
            "초등학교학업성취도":89.99,
            "중학교학업성취도":73.0,
            "용적률":0,
            "건폐율":0,
            "Y":37.44361,
            "X":126.673872,
            "rank":106.0,
            "area_info":"22평(75.09), 29평(97.8), 42평(141.32)",
            "last_sales":"2021-11-17,27300.0,22평(75.09)",
            "rank_history":[
                [
                    "202202",
                    106
                ],
                [
                    "202201",
                    106
                ]
            ],
            "rank_gap":0
        },
        {
            "index":494,
            "아파트명":"서원",
            "투자타입":"재건축",
            "전용면적(m2)":"60.68",
            "전용면적(평)":"18평",
            "법정동주소":"인천시 미추홀구 학익동 산36-10",
            "도로명주소":"인천시 미추홀구 학익소로61번길 36-23",
            "세대수":30,
            "입주년차":"--",
            "용적률점수":0,
            "건폐율점수":60,
            "세대당주차수":"--",
            "난방방식":"--",
            "공급면적":50,
            "전용률":60,
            "욕실수":"--",
            "현관타입":"--",
            "주거총점":26.5,
            "지역구공급총점":0.0,
            "역세권":0,
            "30분내 이동가능 거점":0,
            "1시간내 이동가능 거점":10,
            "교통총점":2.0,
            "백화점":100,
            "아울렛몰":0,
            "대형마트":0,
            "은행":20,
            "병원":0,
            "종합병원":100,
            "공원":100,
            "혐오시설":0,
            "인프라총점":55.0,
            "초등학군":89.99,
            "중학군":44.16,
            "학군총점":53.326,
            "인구수":44.13,
            "인구증감":8.1,
            "인구총점":33.321,
            "일자리":19.14,
            "소득수준":48.52,
            "일자리총점":27.954,
            "가치 총점":30.4989,
            "매매실거래년":20211222.0,
            "매매실거래가":12400.0,
            "전세실거래년":20210720.0,
            "전세실거래가":8900.0,
            "전세가율":82.41,
            "장기전세가율평균":70.76,
            "전세가율거품지수":-11.65,
            "검색코드":8125,
            "세대수":342.0,
            "준공년월":"1990-05-25",
            "준공년차":33.0,
            "가까운역이름":"시민공원",
            "가까운역거리":1939.5,
            "역세권여부":"비역세권",
            "30분이내주요거점역":0,
            "30분거점역이름":"[]",
            "1시간이내주요거점역":1,
            "1시간거점역이름":"['송도']",
            "3km이내백화점수":1,
            "5km이내아울렛몰수":0,
            "1km이내대형먀트수":0,
            "500m이내은행수":2,
            "500m이내병원수":0,
            "5km이내대형병원수":8,
            "500m이내공원수":5,
            "3km이내혐오시설수":0,
            "초등학교학업성취도":89.99,
            "중학교학업성취도":73.0,
            "용적률":0,
            "건폐율":34,
            "Y":37.442385,
            "X":126.6723,
            "rank":106.0,
            "area_info":"18평(60.68), 19평(64.32), 20평(67.94), 21평(71.42)",
            "last_sales":"2021-12-22,12400.0,21평(71.42)",
            "rank_history":[
                [
                    "202202",
                    106
                ],
                [
                    "202201",
                    106
                ]
            ],
            "rank_gap":0
        },
        {
            "index":485,
            "아파트명":"동진",
            "투자타입":"재건축",
            "전용면적(m2)":"69.61",
            "전용면적(평)":"21평",
            "법정동주소":"인천시 미추홀구 학익동 678-3",
            "도로명주소":"인천시 미추홀구 매소홀로438번길 8",
            "세대수":0,
            "입주년차":"--",
            "용적률점수":20,
            "건폐율점수":40,
            "세대당주차수":"--",
            "난방방식":"--",
            "공급면적":50,
            "전용률":60,
            "욕실수":"--",
            "현관타입":"--",
            "주거총점":21.5,
            "지역구공급총점":0.0,
            "역세권":0,
            "30분내 이동가능 거점":0,
            "1시간내 이동가능 거점":20,
            "교통총점":4.0,
            "백화점":100,
            "아울렛몰":0,
            "대형마트":0,
            "은행":20,
            "병원":0,
            "종합병원":100,
            "공원":100,
            "혐오시설":0,
            "인프라총점":55.0,
            "초등학군":89.99,
            "중학군":44.08,
            "학군총점":53.262,
            "인구수":44.13,
            "인구증감":8.1,
            "인구총점":33.321,
            "일자리":19.14,
            "소득수준":48.52,
            "일자리총점":27.954,
            "가치 총점":30.1893,
            "매매실거래년":20210709.0,
            "매매실거래가":12500.0,
            "전세실거래년":20210621.0,
            "전세실거래가":8500.0,
            "전세가율":85.0,
            "장기전세가율평균":70.76,
            "전세가율거품지수":-14.24,
            "검색코드":11092,
            "세대수":114.0,
            "준공년월":"1990-01-20",
            "준공년차":33.0,
            "가까운역이름":"송도",
            "가까운역거리":1651.92,
            "역세권여부":"비역세권",
            "30분이내주요거점역":0,
            "30분거점역이름":"[]",
            "1시간이내주요거점역":2,
            "1시간거점역이름":"['송도', '안산']",
            "3km이내백화점수":1,
            "5km이내아울렛몰수":0,
            "1km이내대형먀트수":0,
            "500m이내은행수":2,
            "500m이내병원수":0,
            "5km이내대형병원수":7,
            "500m이내공원수":5,
            "3km이내혐오시설수":0,
            "초등학교학업성취도":89.99,
            "중학교학업성취도":71.4,
            "용적률":200,
            "건폐율":39,
            "Y":37.439453,
            "X":126.670431,
            "rank":107.0,
            "area_info":"21평(69.61), 21평(71.48), 22평(74.85), 23평(76.8), 26평(88.07)",
            "last_sales":"2021-07-09,12500.0,26평(88.07)",
            "rank_history":[
                [
                    "202202",
                    107
                ],
                [
                    "202201",
                    108
                ]
            ],
            "rank_gap":1
        },
        {
            "index":576,
            "아파트명":"주안신동아8차",
            "투자타입":"일반",
            "전용면적(m2)":"84.4",
            "전용면적(평)":"25평",
            "법정동주소":"인천시 미추홀구 학익동 50",
            "도로명주소":"인천시 미추홀구 매소홀로475번길 60",
            "세대수":50,
            "입주년차":0,
            "용적률점수":"--",
            "건폐율점수":"--",
            "세대당주차수":0,
            "난방방식":30,
            "공급면적":"--",
            "전용률":"--",
            "욕실수":50,
            "현관타입":10,
            "주거총점":26.5,
            "지역구공급총점":0.0,
            "역세권":0,
            "30분내 이동가능 거점":0,
            "1시간내 이동가능 거점":10,
            "교통총점":2.0,
            "백화점":100,
            "아울렛몰":0,
            "대형마트":0,
            "은행":0,
            "병원":0,
            "종합병원":100,
            "공원":100,
            "혐오시설":0,
            "인프라총점":53.0,
            "초등학군":89.99,
            "중학군":44.16,
            "학군총점":53.326,
            "인구수":44.13,
            "인구증감":8.1,
            "인구총점":33.321,
            "일자리":19.14,
            "소득수준":48.52,
            "일자리총점":27.954,
            "가치 총점":29.8989,
            "매매실거래년":20211030.0,
            "매매실거래가":41500.0,
            "전세실거래년":20211130.0,
            "전세실거래가":23000.0,
            "전세가율":85.19,
            "장기전세가율평균":70.76,
            "전세가율거품지수":-14.43,
            "검색코드":2470,
            "세대수":538.0,
            "준공년월":"1997-06-24",
            "준공년차":26.0,
            "가까운역이름":"시민공원",
            "가까운역거리":1856.23,
            "역세권여부":"비역세권",
            "30분이내주요거점역":0,
            "30분거점역이름":"[]",
            "1시간이내주요거점역":1,
            "1시간거점역이름":"['송도']",
            "3km이내백화점수":1,
            "5km이내아울렛몰수":0,
            "1km이내대형먀트수":0,
            "500m이내은행수":0,
            "500m이내병원수":0,
            "5km이내대형병원수":7,
            "500m이내공원수":4,
            "3km이내혐오시설수":0,
            "초등학교학업성취도":89.99,
            "중학교학업성취도":73.0,
            "용적률":272,
            "건폐율":20,
            "Y":37.442293,
            "X":126.675375,
            "rank":108.0,
            "area_info":"25평(84.4), 32평(108.19)",
            "last_sales":"2021-10-30,41500.0,32평(108.19)",
            "rank_history":[
                [
                    "202202",
                    108
                ],
                [
                    "202201",
                    110
                ]
            ],
            "rank_gap":2
        },
        {
            "index":191,
            "아파트명":"서해",
            "투자타입":"일반",
            "전용면적(m2)":"81.07",
            "전용면적(평)":"24평",
            "법정동주소":"인천시 미추홀구 용현동 611-4",
            "도로명주소":"인천시 미추홀구 토금중로 63",
            "세대수":0,
            "입주년차":0,
            "용적률점수":"--",
            "건폐율점수":"--",
            "세대당주차수":0,
            "난방방식":30,
            "공급면적":"--",
            "전용률":"--",
            "욕실수":50,
            "현관타입":10,
            "주거총점":9.0,
            "지역구공급총점":0.0,
            "역세권":50,
            "30분내 이동가능 거점":20,
            "1시간내 이동가능 거점":20,
            "교통총점":35.0,
            "백화점":0,
            "아울렛몰":0,
            "대형마트":0,
            "은행":0,
            "병원":0,
            "종합병원":100,
            "공원":100,
            "혐오시설":0,
            "인프라총점":23.0,
            "초등학군":90.0,
            "중학군":50.24,
            "학군총점":58.192,
            "인구수":44.13,
            "인구증감":8.1,
            "인구총점":33.321,
            "일자리":19.14,
            "소득수준":48.52,
            "일자리총점":27.954,
            "가치 총점":29.6788,
            "매매실거래년":20211104.0,
            "매매실거래가":21000.0,
            "전세실거래년":20220124.0,
            "전세실거래가":15000.0,
            "전세가율":71.43,
            "장기전세가율평균":70.76,
            "전세가율거품지수":-0.67,
            "검색코드":2417,
            "세대수":299.0,
            "준공년월":"1994-03-25",
            "준공년차":29.0,
            "가까운역이름":"인하대",
            "가까운역거리":883.08,
            "역세권여부":"준역세권",
            "30분이내주요거점역":1,
            "30분거점역이름":"['송도']",
            "1시간이내주요거점역":2,
            "1시간거점역이름":"['송도', '안산']",
            "3km이내백화점수":0,
            "5km이내아울렛몰수":0,
            "1km이내대형먀트수":0,
            "500m이내은행수":0,
            "500m이내병원수":0,
            "5km이내대형병원수":6,
            "500m이내공원수":6,
            "3km이내혐오시설수":0,
            "초등학교학업성취도":90.0,
            "중학교학업성취도":83.2,
            "용적률":297,
            "건폐율":27,
            "Y":37.451872,
            "X":126.640566,
            "rank":109.0,
            "area_info":"24평(81.07), 31평(104.67), 31평(105.52), 31평(105.64), 32평(106.02)",
            "last_sales":"2021-11-04,21000.0,24평(81.07)",
            "rank_history":[
                [
                    "202202",
                    109
                ],
                [
                    "202201",
                    107
                ]
            ],
            "rank_gap":-2
        },
        {
            "index":190,
            "아파트명":"새한(627-80)",
            "투자타입":"재건축",
            "전용면적(m2)":"62.06",
            "전용면적(평)":"18평",
            "법정동주소":"인천시 미추홀구 용현동 627-80",
            "도로명주소":"인천시 미추홀구 낙섬서로 15",
            "세대수":0,
            "입주년차":"--",
            "용적률점수":100,
            "건폐율점수":80,
            "세대당주차수":"--",
            "난방방식":"--",
            "공급면적":50,
            "전용률":100,
            "욕실수":"--",
            "현관타입":"--",
            "주거총점":63.5,
            "지역구공급총점":0.0,
            "역세권":0,
            "30분내 이동가능 거점":0,
            "1시간내 이동가능 거점":0,
            "교통총점":0.0,
            "백화점":0,
            "아울렛몰":0,
            "대형마트":0,
            "은행":0,
            "병원":0,
            "종합병원":100,
            "공원":100,
            "혐오시설":0,
            "인프라총점":23.0,
            "초등학군":89.98,
            "중학군":48.96,
            "학군총점":57.164,
            "인구수":44.13,
            "인구증감":8.1,
            "인구총점":33.321,
            "일자리":19.14,
            "소득수준":48.52,
            "일자리총점":27.954,
            "가치 총점":28.1746,
            "매매실거래년":20200731.0,
            "매매실거래가":15550.0,
            "전세실거래년":20190329.0,
            "전세실거래가":7000.0,
            "전세가율":45.02,
            "장기전세가율평균":70.76,
            "전세가율거품지수":25.74,
            "검색코드":10879,
            "세대수":110.0,
            "준공년월":"1984-01-21",
            "준공년차":39.0,
            "가까운역이름":"숭의",
            "가까운역거리":1118.5,
            "역세권여부":"비역세권",
            "30분이내주요거점역":0,
            "30분거점역이름":"[]",
            "1시간이내주요거점역":0,
            "1시간거점역이름":"[]",
            "3km이내백화점수":0,
            "5km이내아울렛몰수":0,
            "1km이내대형먀트수":0,
            "500m이내은행수":1,
            "500m이내병원수":0,
            "5km이내대형병원수":6,
            "500m이내공원수":3,
            "3km이내혐오시설수":0,
            "초등학교학업성취도":89.98,
            "중학교학업성취도":80.8,
            "용적률":104,
            "건폐율":21,
            "Y":37.45138,
            "X":126.633816,
            "rank":110.0,
            "area_info":"18평(62.06)",
            "last_sales":"2020-07-31,15550.0,18평(62.06)",
            "rank_history":[
                [
                    "202202",
                    0
                ],
                [
                    "202201",
                    9999
                ]
            ],
            "rank_gap":9999
        },
        {
            "index":94,
            "아파트명":"호산",
            "투자타입":"일반",
            "전용면적(m2)":"81.68",
            "전용면적(평)":"24평",
            "법정동주소":"인천시 미추홀구 문학동 376-1",
            "도로명주소":"인천시 미추홀구 소성로318번길 5",
            "세대수":0,
            "입주년차":0,
            "용적률점수":"--",
            "건폐율점수":"--",
            "세대당주차수":30,
            "난방방식":30,
            "공급면적":"--",
            "전용률":"--",
            "욕실수":50,
            "현관타입":10,
            "주거총점":13.5,
            "지역구공급총점":0.0,
            "역세권":0,
            "30분내 이동가능 거점":0,
            "1시간내 이동가능 거점":10,
            "교통총점":2.0,
            "백화점":100,
            "아울렛몰":0,
            "대형마트":0,
            "은행":0,
            "병원":0,
            "종합병원":100,
            "공원":100,
            "혐오시설":0,
            "인프라총점":53.0,
            "초등학군":90.0,
            "중학군":48.6,
            "학군총점":56.88,
            "인구수":44.13,
            "인구증감":8.1,
            "인구총점":33.321,
            "일자리":19.14,
            "소득수준":48.52,
            "일자리총점":27.954,
            "가치 총점":27.832,
            "매매실거래년":20210726.0,
            "매매실거래가":14700.0,
            "전세실거래년":20201216.0,
            "전세실거래가":11000.0,
            "전세가율":74.83,
            "장기전세가율평균":70.76,
            "전세가율거품지수":-4.07,
            "검색코드":8709,
            "세대수":105.0,
            "준공년월":"1996-12-14",
            "준공년차":27.0,
            "가까운역이름":"문학경기장",
            "가까운역거리":1413.89,
            "역세권여부":"비역세권",
            "30분이내주요거점역":0,
            "30분거점역이름":"[]",
            "1시간이내주요거점역":1,
            "1시간거점역이름":"['송도']",
            "3km이내백화점수":1,
            "5km이내아울렛몰수":0,
            "1km이내대형먀트수":0,
            "500m이내은행수":0,
            "500m이내병원수":0,
            "5km이내대형병원수":7,
            "500m이내공원수":7,
            "3km이내혐오시설수":0,
            "초등학교학업성취도":90.0,
            "중학교학업성취도":80.4,
            "용적률":251,
            "건폐율":27,
            "Y":37.43728,
            "X":126.68284,
            "rank":111.0,
            "area_info":"24평(81.68)",
            "last_sales":"2021-07-26,14700.0,24평(81.68)",
            "rank_history":[
                [
                    "202202",
                    111
                ],
                [
                    "202201",
                    118
                ]
            ],
            "rank_gap":7
        },
        {
            "index":198,
            "아파트명":"수정",
            "투자타입":"재건축",
            "전용면적(m2)":"70.52",
            "전용면적(평)":"21평",
            "법정동주소":"인천시 미추홀구 용현동 627-111",
            "도로명주소":"인천시 미추홀구 아암대로 119",
            "세대수":0,
            "입주년차":"--",
            "용적률점수":80,
            "건폐율점수":60,
            "세대당주차수":"--",
            "난방방식":"--",
            "공급면적":50,
            "전용률":100,
            "욕실수":"--",
            "현관타입":"--",
            "주거총점":51.5,
            "지역구공급총점":0.0,
            "역세권":0,
            "30분내 이동가능 거점":0,
            "1시간내 이동가능 거점":20,
            "교통총점":4.0,
            "백화점":0,
            "아울렛몰":0,
            "대형마트":0,
            "은행":20,
            "병원":0,
            "종합병원":100,
            "공원":100,
            "혐오시설":0,
            "인프라총점":25.0,
            "초등학군":89.98,
            "중학군":48.96,
            "학군총점":57.164,
            "인구수":44.13,
            "인구증감":8.1,
            "인구총점":33.321,
            "일자리":19.14,
            "소득수준":48.52,
            "일자리총점":27.954,
            "가치 총점":27.7746,
            "매매실거래년":20211125.0,
            "매매실거래가":18500.0,
            "전세실거래년":20220113.0,
            "전세실거래가":7875.0,
            "전세가율":42.57,
            "장기전세가율평균":70.76,
            "전세가율거품지수":28.19,
            "검색코드":9277,
            "세대수":100.0,
            "준공년월":"1985-07-24",
            "준공년차":38.0,
            "가까운역이름":"숭의",
            "가까운역거리":1166.34,
            "역세권여부":"비역세권",
            "30분이내주요거점역":0,
            "30분거점역이름":"[]",
            "1시간이내주요거점역":2,
            "1시간거점역이름":"['송도', '안산']",
            "3km이내백화점수":0,
            "5km이내아울렛몰수":0,
            "1km이내대형먀트수":0,
            "500m이내은행수":2,
            "500m이내병원수":0,
            "5km이내대형병원수":6,
            "500m이내공원수":2,
            "3km이내혐오시설수":0,
            "초등학교학업성취도":89.98,
            "중학교학업성취도":80.8,
            "용적률":154,
            "건폐율":31,
            "Y":37.451522,
            "X":126.632107,
            "rank":112.0,
            "area_info":"21평(70.52)",
            "last_sales":"2021-11-25,18500.0,21평(70.52)",
            "rank_history":[
                [
                    "202202",
                    112
                ],
                [
                    "202201",
                    113
                ]
            ],
            "rank_gap":1
        },
        {
            "index":201,
            "아파트명":"용현금호타운2단지",
            "투자타입":"일반",
            "전용면적(m2)":"80.79",
            "전용면적(평)":"24평",
            "법정동주소":"인천시 미추홀구 용현동 647",
            "도로명주소":"인천시 미추홀구 매소홀로 68",
            "세대수":90,
            "입주년차":20,
            "용적률점수":"--",
            "건폐율점수":"--",
            "세대당주차수":30,
            "난방방식":30,
            "공급면적":"--",
            "전용률":"--",
            "욕실수":50,
            "현관타입":100,
            "주거총점":58.0,
            "지역구공급총점":0.0,
            "역세권":0,
            "30분내 이동가능 거점":0,
            "1시간내 이동가능 거점":20,
            "교통총점":4.0,
            "백화점":0,
            "아울렛몰":0,
            "대형마트":0,
            "은행":0,
            "병원":0,
            "종합병원":100,
            "공원":80,
            "혐오시설":0,
            "인프라총점":22.4,
            "초등학군":89.98,
            "중학군":44.5,
            "학군총점":53.596,
            "인구수":44.13,
            "인구증감":8.1,
            "인구총점":33.321,
            "일자리":19.14,
            "소득수준":48.52,
            "일자리총점":27.954,
            "가치 총점":27.7594,
            "매매실거래년":20211112.0,
            "매매실거래가":50700.0,
            "전세실거래년":20220125.0,
            "전세실거래가":20475.0,
            "전세가율":65.0,
            "장기전세가율평균":70.76,
            "전세가율거품지수":5.76,
            "검색코드":25900,
            "세대수":1306.0,
            "준공년월":"1999-11-01",
            "준공년차":24.0,
            "가까운역이름":"인하대",
            "가까운역거리":1423.41,
            "역세권여부":"비역세권",
            "30분이내주요거점역":0,
            "30분거점역이름":"[]",
            "1시간이내주요거점역":2,
            "1시간거점역이름":"['송도', '안산']",
            "3km이내백화점수":0,
            "5km이내아울렛몰수":0,
            "1km이내대형먀트수":0,
            "500m이내은행수":1,
            "500m이내병원수":0,
            "5km이내대형병원수":6,
            "500m이내공원수":1,
            "3km이내혐오시설수":0,
            "초등학교학업성취도":89.98,
            "중학교학업성취도":71.3,
            "용적률":224,
            "건폐율":16,
            "Y":37.448565,
            "X":126.633495,
            "rank":113.0,
            "area_info":"24평(80.79), 28평(95.57), 33평(110.85), 33평(111.1), 39평(132.03), 49평(162.71)",
            "last_sales":"2021-11-12,50700.0,39평(132.03)",
            "rank_history":[
                [
                    "202202",
                    113
                ],
                [
                    "202201",
                    114
                ]
            ],
            "rank_gap":1
        },
        {
            "index":490,
            "아파트명":"삼경",
            "투자타입":"재건축",
            "전용면적(m2)":"51.93",
            "전용면적(평)":"15평",
            "법정동주소":"인천시 미추홀구 학익동 290-4",
            "도로명주소":"인천시 미추홀구 한나루로434번길 18",
            "세대수":0,
            "입주년차":"--",
            "용적률점수":100,
            "건폐율점수":0,
            "세대당주차수":"--",
            "난방방식":"--",
            "공급면적":50,
            "전용률":100,
            "욕실수":"--",
            "현관타입":"--",
            "주거총점":47.5,
            "지역구공급총점":0.0,
            "역세권":0,
            "30분내 이동가능 거점":20,
            "1시간내 이동가능 거점":20,
            "교통총점":10.0,
            "백화점":0,
            "아울렛몰":0,
            "대형마트":0,
            "은행":0,
            "병원":0,
            "종합병원":100,
            "공원":80,
            "혐오시설":0,
            "인프라총점":22.4,
            "초등학군":89.97,
            "중학군":44.16,
            "학군총점":53.322,
            "인구수":44.13,
            "인구증감":8.1,
            "인구총점":33.321,
            "일자리":19.14,
            "소득수준":48.52,
            "일자리총점":27.954,
            "가치 총점":27.7183,
            "매매실거래년":20210616.0,
            "매매실거래가":23750.0,
            "전세실거래년":20131012.0,
            "전세실거래가":4000.0,
            "전세가율":32.79,
            "장기전세가율평균":70.76,
            "전세가율거품지수":37.97,
            "검색코드":11929,
            "세대수":105.0,
            "준공년월":"1983-01-15",
            "준공년차":40.0,
            "가까운역이름":"인하대",
            "가까운역거리":1638.58,
            "역세권여부":"비역세권",
            "30분이내주요거점역":1,
            "30분거점역이름":"['송도']",
            "1시간이내주요거점역":2,
            "1시간거점역이름":"['송도', '안산']",
            "3km이내백화점수":0,
            "5km이내아울렛몰수":0,
            "1km이내대형먀트수":0,
            "500m이내은행수":1,
            "500m이내병원수":0,
            "5km이내대형병원수":8,
            "500m이내공원수":1,
            "3km이내혐오시설수":0,
            "초등학교학업성취도":89.97,
            "중학교학업성취도":73.0,
            "용적률":138,
            "건폐율":0,
            "Y":37.445009,
            "X":126.667654,
            "rank":114.0,
            "area_info":"15평(51.93), 15평(52.86), 15평(52.47), 18평(60.32)",
            "last_sales":"2021-06-16,23750.0,18평(60.32)",
            "rank_history":[
                [
                    "202202",
                    114
                ],
                [
                    "202201",
                    78
                ]
            ],
            "rank_gap":-36
        },
        {
            "index":252,
            "아파트명":"인천용현경남아너스빌(주)",
            "투자타입":"일반",
            "전용면적(m2)":"83.3",
            "전용면적(평)":"25평",
            "법정동주소":"인천시 미추홀구 용현동 627-12",
            "도로명주소":"인천시 미추홀구",
            "세대수":30,
            "입주년차":100,
            "용적률점수":"--",
            "건폐율점수":"--",
            "세대당주차수":30,
            "난방방식":30,
            "공급면적":"--",
            "전용률":"--",
            "욕실수":100,
            "현관타입":100,
            "주거총점":58.0,
            "지역구공급총점":0.0,
            "역세권":0,
            "30분내 이동가능 거점":0,
            "1시간내 이동가능 거점":0,
            "교통총점":0.0,
            "백화점":0,
            "아울렛몰":0,
            "대형마트":0,
            "은행":20,
            "병원":0,
            "종합병원":100,
            "공원":100,
            "혐오시설":0,
            "인프라총점":25.0,
            "초등학군":89.98,
            "중학군":48.96,
            "학군총점":57.164,
            "인구수":44.13,
            "인구증감":8.1,
            "인구총점":33.321,
            "일자리":19.14,
            "소득수준":48.52,
            "일자리총점":27.954,
            "가치 총점":27.6746,
            "매매실거래년":"18000101",
            "매매실거래가":null,
            "전세실거래년":null,
            "전세실거래가":null,
            "전세가율":null,
            "장기전세가율평균":70.76,
            "전세가율거품지수":null,
            "검색코드":133537,
            "세대수":303.0,
            "준공년월":"2023-03-01",
            "준공년차":0.0,
            "가까운역이름":"숭의",
            "가까운역거리":1176.69,
            "역세권여부":"비역세권",
            "30분이내주요거점역":0,
            "30분거점역이름":"[]",
            "1시간이내주요거점역":0,
            "1시간거점역이름":"[]",
            "3km이내백화점수":0,
            "5km이내아울렛몰수":0,
            "1km이내대형먀트수":0,
            "500m이내은행수":2,
            "500m이내병원수":0,
            "5km이내대형병원수":6,
            "500m이내공원수":2,
            "3km이내혐오시설수":0,
            "초등학교학업성취도":89.98,
            "중학교학업성취도":80.8,
            "용적률":0,
            "건폐율":0,
            "Y":37.45188,
            "X":126.631103,
            "rank":115.0,
            "area_info":"25평(83.3), 29평(97.78)",
            "last_sales":"1800-01-01,nan,25평(83.3)",
            "rank_history":[
                [
                    "202202",
                    0
                ],
                [
                    "202201",
                    9999
                ]
            ],
            "rank_gap":9999
        },
        {
            "index":265,
            "아파트명":"한국",
            "투자타입":"일반",
            "전용면적(m2)":"80.73",
            "전용면적(평)":"24평",
            "법정동주소":"인천시 미추홀구 용현동 627-47",
            "도로명주소":"인천시 미추홀구 낙섬동로 6",
            "세대수":0,
            "입주년차":0,
            "용적률점수":"--",
            "건폐율점수":"--",
            "세대당주차수":0,
            "난방방식":30,
            "공급면적":"--",
            "전용률":"--",
            "욕실수":50,
            "현관타입":100,
            "주거총점":18.0,
            "지역구공급총점":0.0,
            "역세권":50,
            "30분내 이동가능 거점":0,
            "1시간내 이동가능 거점":20,
            "교통총점":29.0,
            "백화점":0,
            "아울렛몰":0,
            "대형마트":0,
            "은행":0,
            "병원":0,
            "종합병원":100,
            "공원":0,
            "혐오시설":-50,
            "인프라총점":19.0,
            "초등학군":90.01,
            "중학군":44.5,
            "학군총점":53.602,
            "인구수":44.13,
            "인구증감":8.1,
            "인구총점":33.321,
            "일자리":19.14,
            "소득수준":48.52,
            "일자리총점":27.954,
            "가치 총점":27.4903,
            "매매실거래년":20211201.0,
            "매매실거래가":24200.0,
            "전세실거래년":20211015.0,
            "전세실거래가":20000.0,
            "전세가율":82.64,
            "장기전세가율평균":70.76,
            "전세가율거품지수":-11.88,
            "검색코드":2421,
            "세대수":298.0,
            "준공년월":"1996-12-20",
            "준공년차":27.0,
            "가까운역이름":"인하대",
            "가까운역거리":968.17,
            "역세권여부":"준역세권",
            "30분이내주요거점역":0,
            "30분거점역이름":"[]",
            "1시간이내주요거점역":2,
            "1시간거점역이름":"['송도', '안산']",
            "3km이내백화점수":0,
            "5km이내아울렛몰수":0,
            "1km이내대형먀트수":0,
            "500m이내은행수":1,
            "500m이내병원수":0,
            "5km이내대형병원수":6,
            "500m이내공원수":0,
            "3km이내혐오시설수":1,
            "초등학교학업성취도":90.01,
            "중학교학업성취도":71.3,
            "용적률":376,
            "건폐율":24,
            "Y":37.446753,
            "X":126.638873,
            "rank":116.0,
            "area_info":"24평(80.73), 32평(107.54), 38평(126.83)",
            "last_sales":"2021-12-01,24200.0,24평(80.73)",
            "rank_history":[
                [
                    "202202",
                    116
                ],
                [
                    "202201",
                    117
                ]
            ],
            "rank_gap":1
        },
        {
            "index":44,
            "아파트명":"도화역금강펜테리움센트럴파크",
            "투자타입":"일반",
            "전용면적(m2)":"78.72",
            "전용면적(평)":"23평",
            "법정동주소":"인천시 미추홀구 도화동 987",
            "도로명주소":"인천시 미추홀구 송림로257번길 6",
            "세대수":50,
            "입주년차":100,
            "용적률점수":"--",
            "건폐율점수":"--",
            "세대당주차수":30,
            "난방방식":30,
            "공급면적":"--",
            "전용률":"--",
            "욕실수":100,
            "현관타입":100,
            "주거총점":65.0,
            "지역구공급총점":0.0,
            "역세권":0,
            "30분내 이동가능 거점":0,
            "1시간내 이동가능 거점":10,
            "교통총점":2.0,
            "백화점":0,
            "아울렛몰":0,
            "대형마트":0,
            "은행":0,
            "병원":0,
            "종합병원":100,
            "공원":80,
            "혐오시설":-100,
            "인프라총점":20.4,
            "초등학군":90.01,
            "중학군":39.46,
            "학군총점":49.57,
            "인구수":44.13,
            "인구증감":8.1,
            "인구총점":33.321,
            "일자리":19.14,
            "소득수준":48.52,
            "일자리총점":27.954,
            "가치 총점":27.2555,
            "매매실거래년":20211113.0,
            "매매실거래가":32900.0,
            "전세실거래년":20210828.0,
            "전세실거래가":31500.0,
            "전세가율":95.74,
            "장기전세가율평균":70.76,
            "전세가율거품지수":-24.98,
            "검색코드":122163,
            "세대수":479.0,
            "준공년월":"2020-11-27",
            "준공년차":3.0,
            "가까운역이름":"제물포",
            "가까운역거리":1152.23,
            "역세권여부":"비역세권",
            "30분이내주요거점역":0,
            "30분거점역이름":"[]",
            "1시간이내주요거점역":1,
            "1시간거점역이름":"['송도']",
            "3km이내백화점수":0,
            "5km이내아울렛몰수":0,
            "1km이내대형먀트수":0,
            "500m이내은행수":0,
            "500m이내병원수":0,
            "5km이내대형병원수":9,
            "500m이내공원수":1,
            "3km이내혐오시설수":2,
            "초등학교학업성취도":90.01,
            "중학교학업성취도":64.9,
            "용적률":249,
            "건폐율":18,
            "Y":37.47604,
            "X":126.662498,
            "rank":117.0,
            "area_info":"23평(78.72), 29평(97.08), 33평(110.08)",
            "last_sales":"2021-11-13,32900.0,23평(78.72)",
            "rank_history":[
                [
                    "202202",
                    117
                ],
                [
                    "202201",
                    120
                ]
            ],
            "rank_gap":3
        },
        {
            "index":93,
            "아파트명":"국일",
            "투자타입":"일반",
            "전용면적(m2)":"82.83",
            "전용면적(평)":"25평",
            "법정동주소":"인천시 미추홀구 문학동 390-4",
            "도로명주소":"인천시 미추홀구 소성로 346",
            "세대수":0,
            "입주년차":0,
            "용적률점수":"--",
            "건폐율점수":"--",
            "세대당주차수":0,
            "난방방식":30,
            "공급면적":"--",
            "전용률":"--",
            "욕실수":50,
            "현관타입":10,
            "주거총점":9.0,
            "지역구공급총점":0.0,
            "역세권":0,
            "30분내 이동가능 거점":0,
            "1시간내 이동가능 거점":10,
            "교통총점":2.0,
            "백화점":100,
            "아울렛몰":0,
            "대형마트":0,
            "은행":0,
            "병원":0,
            "종합병원":100,
            "공원":100,
            "혐오시설":0,
            "인프라총점":53.0,
            "초등학군":90.0,
            "중학군":48.6,
            "학군총점":56.88,
            "인구수":44.13,
            "인구증감":8.1,
            "인구총점":33.321,
            "일자리":19.14,
            "소득수준":48.52,
            "일자리총점":27.954,
            "가치 총점":26.932,
            "매매실거래년":20210909.0,
            "매매실거래가":15000.0,
            "전세실거래년":20210619.0,
            "전세실거래가":12000.0,
            "전세가율":80.0,
            "장기전세가율평균":70.76,
            "전세가율거품지수":-9.24,
            "검색코드":8708,
            "세대수":104.0,
            "준공년월":"1994-12-16",
            "준공년차":29.0,
            "가까운역이름":"문학경기장",
            "가까운역거리":1177.76,
            "역세권여부":"비역세권",
            "30분이내주요거점역":0,
            "30분거점역이름":"[]",
            "1시간이내주요거점역":1,
            "1시간거점역이름":"['송도']",
            "3km이내백화점수":1,
            "5km이내아울렛몰수":0,
            "1km이내대형먀트수":0,
            "500m이내은행수":0,
            "500m이내병원수":0,
            "5km이내대형병원수":6,
            "500m이내공원수":5,
            "3km이내혐오시설수":0,
            "초등학교학업성취도":90.0,
            "중학교학업성취도":80.4,
            "용적률":265,
            "건폐율":26,
            "Y":37.43717,
            "X":126.68554,
            "rank":118.0,
            "area_info":"25평(82.83)",
            "last_sales":"2021-09-09,15000.0,25평(82.83)",
            "rank_history":[
                [
                    "202202",
                    118
                ],
                [
                    "202201",
                    121
                ]
            ],
            "rank_gap":3
        },
        {
            "index":458,
            "아파트명":"한덕(금양)",
            "투자타입":"일반",
            "전용면적(m2)":"85.74",
            "전용면적(평)":"25평",
            "법정동주소":"인천시 미추홀구 주안동 1298",
            "도로명주소":"인천시 미추홀구 미추홀대로 510",
            "세대수":0,
            "입주년차":0,
            "용적률점수":"--",
            "건폐율점수":"--",
            "세대당주차수":0,
            "난방방식":30,
            "공급면적":"--",
            "전용률":"--",
            "욕실수":50,
            "현관타입":10,
            "주거총점":9.0,
            "지역구공급총점":0.0,
            "역세권":0,
            "30분내 이동가능 거점":0,
            "1시간내 이동가능 거점":10,
            "교통총점":2.0,
            "백화점":100,
            "아울렛몰":0,
            "대형마트":0,
            "은행":0,
            "병원":0,
            "종합병원":100,
            "공원":100,
            "혐오시설":0,
            "인프라총점":53.0,
            "초등학군":89.99,
            "중학군":48.6,
            "학군총점":56.878,
            "인구수":44.13,
            "인구증감":8.1,
            "인구총점":33.321,
            "일자리":19.14,
            "소득수준":48.52,
            "일자리총점":27.954,
            "가치 총점":26.9317,
            "매매실거래년":20210816.0,
            "매매실거래가":16500.0,
            "전세실거래년":20211005.0,
            "전세실거래가":14500.0,
            "전세가율":87.88,
            "장기전세가율평균":70.76,
            "전세가율거품지수":-17.12,
            "검색코드":8418,
            "세대수":187.0,
            "준공년월":"1998-03-12",
            "준공년차":25.0,
            "가까운역이름":"시민공원",
            "가까운역거리":1732.22,
            "역세권여부":"비역세권",
            "30분이내주요거점역":0,
            "30분거점역이름":"[]",
            "1시간이내주요거점역":1,
            "1시간거점역이름":"['송도']",
            "3km이내백화점수":1,
            "5km이내아울렛몰수":0,
            "1km이내대형먀트수":0,
            "500m이내은행수":0,
            "500m이내병원수":0,
            "5km이내대형병원수":6,
            "500m이내공원수":4,
            "3km이내혐오시설수":0,
            "초등학교학업성취도":89.99,
            "중학교학업성취도":80.4,
            "용적률":400,
            "건폐율":40,
            "Y":37.442856,
            "X":126.678981,
            "rank":119.0,
            "area_info":"25평(85.74)",
            "last_sales":"2021-08-16,16500.0,25평(85.74)",
            "rank_history":[
                [
                    "202202",
                    119
                ],
                [
                    "202201",
                    123
                ]
            ],
            "rank_gap":4
        },
        {
            "index":8,
            "아파트명":"신비마을",
            "투자타입":"일반",
            "전용면적(m2)":"69.34",
            "전용면적(평)":"20평",
            "법정동주소":"인천시 미추홀구 관교동 511",
            "도로명주소":"인천시 미추홀구 경원대로 689",
            "세대수":0,
            "입주년차":0,
            "용적률점수":"--",
            "건폐율점수":"--",
            "세대당주차수":0,
            "난방방식":30,
            "공급면적":"--",
            "전용률":"--",
            "욕실수":50,
            "현관타입":10,
            "주거총점":9.0,
            "지역구공급총점":0.0,
            "역세권":0,
            "30분내 이동가능 거점":0,
            "1시간내 이동가능 거점":10,
            "교통총점":2.0,
            "백화점":100,
            "아울렛몰":0,
            "대형마트":0,
            "은행":0,
            "병원":0,
            "종합병원":100,
            "공원":100,
            "혐오시설":0,
            "인프라총점":53.0,
            "초등학군":89.98,
            "중학군":48.6,
            "학군총점":56.876,
            "인구수":44.13,
            "인구증감":8.1,
            "인구총점":33.321,
            "일자리":19.14,
            "소득수준":48.52,
            "일자리총점":27.954,
            "가치 총점":26.9314,
            "매매실거래년":20211217.0,
            "매매실거래가":13100.0,
            "전세실거래년":20220124.0,
            "전세실거래가":16000.0,
            "전세가율":122.14,
            "장기전세가율평균":70.76,
            "전세가율거품지수":-51.38,
            "검색코드":2272,
            "세대수":240.0,
            "준공년월":"1994-03-18",
            "준공년차":29.0,
            "가까운역이름":"인천터미널",
            "가까운역거리":1092.93,
            "역세권여부":"비역세권",
            "30분이내주요거점역":0,
            "30분거점역이름":"[]",
            "1시간이내주요거점역":1,
            "1시간거점역이름":"['송도']",
            "3km이내백화점수":1,
            "5km이내아울렛몰수":0,
            "1km이내대형먀트수":0,
            "500m이내은행수":0,
            "500m이내병원수":0,
            "5km이내대형병원수":7,
            "500m이내공원수":2,
            "3km이내혐오시설수":0,
            "초등학교학업성취도":89.98,
            "중학교학업성취도":80.4,
            "용적률":0,
            "건폐율":0,
            "Y":37.444764,
            "X":126.687695,
            "rank":120.0,
            "area_info":"20평(69.34)",
            "last_sales":"2021-12-17,13100.0,20평(69.34)",
            "rank_history":[
                [
                    "202202",
                    120
                ],
                [
                    "202201",
                    122
                ]
            ],
            "rank_gap":2
        },
        {
            "index":196,
            "아파트명":"성신",
            "투자타입":"재건축",
            "전용면적(m2)":"61.45",
            "전용면적(평)":"18평",
            "법정동주소":"인천시 미추홀구 용현동 627-85",
            "도로명주소":"인천시 미추홀구 매소홀로 23-20",
            "세대수":0,
            "입주년차":"--",
            "용적률점수":100,
            "건폐율점수":60,
            "세대당주차수":"--",
            "난방방식":"--",
            "공급면적":50,
            "전용률":80,
            "욕실수":"--",
            "현관타입":"--",
            "주거총점":58.5,
            "지역구공급총점":0.0,
            "역세권":0,
            "30분내 이동가능 거점":0,
            "1시간내 이동가능 거점":10,
            "교통총점":2.0,
            "백화점":0,
            "아울렛몰":0,
            "대형마트":0,
            "은행":20,
            "병원":0,
            "종합병원":100,
            "공원":0,
            "혐오시설":0,
            "인프라총점":22.0,
            "초등학군":89.98,
            "중학군":40.0,
            "학군총점":49.996,
            "인구수":44.13,
            "인구증감":8.1,
            "인구총점":33.321,
            "일자리":19.14,
            "소득수준":48.52,
            "일자리총점":27.954,
            "가치 총점":26.4994,
            "매매실거래년":20211203.0,
            "매매실거래가":12000.0,
            "전세실거래년":20211005.0,
            "전세실거래가":10000.0,
            "전세가율":83.33,
            "장기전세가율평균":70.76,
            "전세가율거품지수":-12.57,
            "검색코드":8549,
            "세대수":150.0,
            "준공년월":"1986-10-02",
            "준공년차":37.0,
            "가까운역이름":"숭의",
            "가까운역거리":1186.53,
            "역세권여부":"비역세권",
            "30분이내주요거점역":0,
            "30분거점역이름":"[]",
            "1시간이내주요거점역":1,
            "1시간거점역이름":"['송도']",
            "3km이내백화점수":0,
            "5km이내아울렛몰수":0,
            "1km이내대형먀트수":0,
            "500m이내은행수":2,
            "500m이내병원수":0,
            "5km이내대형병원수":6,
            "500m이내공원수":0,
            "3km이내혐오시설수":0,
            "초등학교학업성취도":89.98,
            "중학교학업성취도":64.8,
            "용적률":138,
            "건폐율":30,
            "Y":37.452443,
            "X":126.629921,
            "rank":121.0,
            "area_info":"18평(61.45), 18평(61.2)",
            "last_sales":"2021-12-03,12000.0,18평(61.45)",
            "rank_history":[
                [
                    "202202",
                    121
                ],
                [
                    "202201",
                    119
                ]
            ],
            "rank_gap":-2
        },
        {
            "index":390,
            "아파트명":"연흥(1491-3)",
            "투자타입":"재건축",
            "전용면적(m2)":"57.78",
            "전용면적(평)":"17평",
            "법정동주소":"인천시 미추홀구 주안동 1491-3",
            "도로명주소":"인천시 미추홀구 인하로329번길 23",
            "세대수":0,
            "입주년차":"--",
            "용적률점수":0,
            "건폐율점수":0,
            "세대당주차수":"--",
            "난방방식":"--",
            "공급면적":50,
            "전용률":100,
            "욕실수":"--",
            "현관타입":"--",
            "주거총점":7.5,
            "지역구공급총점":0.0,
            "역세권":0,
            "30분내 이동가능 거점":0,
            "1시간내 이동가능 거점":10,
            "교통총점":2.0,
            "백화점":100,
            "아울렛몰":0,
            "대형마트":0,
            "은행":0,
            "병원":0,
            "종합병원":100,
            "공원":100,
            "혐오시설":0,
            "인프라총점":53.0,
            "초등학군":89.99,
            "중학군":44.96,
            "학군총점":53.966,
            "인구수":44.13,
            "인구증감":8.1,
            "인구총점":33.321,
            "일자리":19.14,
            "소득수준":48.52,
            "일자리총점":27.954,
            "가치 총점":26.1949,
            "매매실거래년":20211213.0,
            "매매실거래가":17000.0,
            "전세실거래년":20210917.0,
            "전세실거래가":9000.0,
            "전세가율":52.94,
            "장기전세가율평균":70.76,
            "전세가율거품지수":17.82,
            "검색코드":10532,
            "세대수":235.0,
            "준공년월":"1985-12-03",
            "준공년차":38.0,
            "가까운역이름":"시민공원",
            "가까운역거리":1082.98,
            "역세권여부":"비역세권",
            "30분이내주요거점역":0,
            "30분거점역이름":"[]",
            "1시간이내주요거점역":1,
            "1시간거점역이름":"['송도']",
            "3km이내백화점수":1,
            "5km이내아울렛몰수":0,
            "1km이내대형먀트수":0,
            "500m이내은행수":0,
            "500m이내병원수":0,
            "5km이내대형병원수":8,
            "500m이내공원수":2,
            "3km이내혐오시설수":0,
            "초등학교학업성취도":89.99,
            "중학교학업성취도":74.4,
            "용적률":263,
            "건폐율":56,
            "Y":37.448884,
            "X":126.684156,
            "rank":122.0,
            "area_info":"17평(57.78), 20평(67.36), 22평(73.66)",
            "last_sales":"2021-12-13,17000.0,17평(57.78)",
            "rank_history":[
                [
                    "202202",
                    122
                ],
                [
                    "202201",
                    116
                ]
            ],
            "rank_gap":-6
        },
        {
            "index":268,
            "아파트명":"한양1차",
            "투자타입":"재건축",
            "전용면적(m2)":"71.92",
            "전용면적(평)":"21평",
            "법정동주소":"인천시 미추홀구 용현동 627-78",
            "도로명주소":"인천시 미추홀구 낙섬중로 20",
            "세대수":50,
            "입주년차":"--",
            "용적률점수":20,
            "건폐율점수":80,
            "세대당주차수":"--",
            "난방방식":"--",
            "공급면적":50,
            "전용률":80,
            "욕실수":"--",
            "현관타입":"--",
            "주거총점":45.5,
            "지역구공급총점":0.0,
            "역세권":0,
            "30분내 이동가능 거점":0,
            "1시간내 이동가능 거점":20,
            "교통총점":4.0,
            "백화점":0,
            "아울렛몰":0,
            "대형마트":0,
            "은행":0,
            "병원":0,
            "종합병원":100,
            "공원":100,
            "혐오시설":0,
            "인프라총점":23.0,
            "초등학군":90.01,
            "중학군":50.24,
            "학군총점":58.194,
            "인구수":44.13,
            "인구증감":8.1,
            "인구총점":33.321,
            "일자리":19.14,
            "소득수준":48.52,
            "일자리총점":27.954,
            "가치 총점":26.1291,
            "매매실거래년":20211215.0,
            "매매실거래가":19500.0,
            "전세실거래년":20211117.0,
            "전세실거래가":14000.0,
            "전세가율":71.79,
            "장기전세가율평균":70.76,
            "전세가율거품지수":-1.03,
            "검색코드":2422,
            "세대수":606.0,
            "준공년월":"1990-12-22",
            "준공년차":33.0,
            "가까운역이름":"인하대",
            "가까운역거리":1068.12,
            "역세권여부":"비역세권",
            "30분이내주요거점역":0,
            "30분거점역이름":"[]",
            "1시간이내주요거점역":2,
            "1시간거점역이름":"['송도', '안산']",
            "3km이내백화점수":0,
            "5km이내아울렛몰수":0,
            "1km이내대형먀트수":0,
            "500m이내은행수":1,
            "500m이내병원수":0,
            "5km이내대형병원수":6,
            "500m이내공원수":5,
            "3km이내혐오시설수":0,
            "초등학교학업성취도":90.01,
            "중학교학업성취도":83.2,
            "용적률":216,
            "건폐율":24,
            "Y":37.450209,
            "X":126.637714,
            "rank":123.0,
            "area_info":"21평(71.92), 25평(84.82), 30평(100.46), 42평(139.6)",
            "last_sales":"2021-12-15,19500.0,21평(71.92)",
            "rank_history":[
                [
                    "202202",
                    123
                ],
                [
                    "202201",
                    115
                ]
            ],
            "rank_gap":-8
        },
        {
            "index":600,
            "아파트명":"현광1차",
            "투자타입":"일반",
            "전용면적(m2)":"79.31",
            "전용면적(평)":"23평",
            "법정동주소":"인천시 미추홀구 학익동 711-3",
            "도로명주소":"인천시 미추홀구 한나루로357번길 165",
            "세대수":30,
            "입주년차":20,
            "용적률점수":"--",
            "건폐율점수":"--",
            "세대당주차수":30,
            "난방방식":30,
            "공급면적":"--",
            "전용률":"--",
            "욕실수":50,
            "현관타입":100,
            "주거총점":37.0,
            "지역구공급총점":0.0,
            "역세권":0,
            "30분내 이동가능 거점":20,
            "1시간내 이동가능 거점":20,
            "교통총점":10.0,
            "백화점":0,
            "아울렛몰":0,
            "대형마트":0,
            "은행":0,
            "병원":0,
            "종합병원":100,
            "공원":100,
            "혐오시설":0,
            "인프라총점":23.0,
            "초등학군":90.0,
            "중학군":44.08,
            "학군총점":53.264,
            "인구수":44.13,
            "인구증감":8.1,
            "인구총점":33.321,
            "일자리":19.14,
            "소득수준":48.52,
            "일자리총점":27.954,
            "가치 총점":25.7896,
            "매매실거래년":20211120.0,
            "매매실거래가":34000.0,
            "전세실거래년":20211120.0,
            "전세실거래가":15000.0,
            "전세가율":60.73,
            "장기전세가율평균":70.76,
            "전세가율거품지수":10.03,
            "검색코드":8585,
            "세대수":348.0,
            "준공년월":"2000-04-12",
            "준공년차":23.0,
            "가까운역이름":"송도",
            "가까운역거리":1108.37,
            "역세권여부":"비역세권",
            "30분이내주요거점역":1,
            "30분거점역이름":"['송도']",
            "1시간이내주요거점역":2,
            "1시간거점역이름":"['송도', '안산']",
            "3km이내백화점수":0,
            "5km이내아울렛몰수":0,
            "1km이내대형먀트수":0,
            "500m이내은행수":0,
            "500m이내병원수":0,
            "5km이내대형병원수":7,
            "500m이내공원수":3,
            "3km이내혐오시설수":0,
            "초등학교학업성취도":90.0,
            "중학교학업성취도":71.4,
            "용적률":359,
            "건폐율":22,
            "Y":37.437921,
            "X":126.653621,
            "rank":124.0,
            "area_info":"23평(79.31), 32평(108.04), 45평(150.31)",
            "last_sales":"2021-11-20,34000.0,32평(108.04)",
            "rank_history":[
                [
                    "202202",
                    124
                ],
                [
                    "202201",
                    125
                ]
            ],
            "rank_gap":1
        },
        {
            "index":39,
            "아파트명":"도화신동아파밀리에",
            "투자타입":"일반",
            "전용면적(m2)":"109.27",
            "전용면적(평)":"33평",
            "법정동주소":"인천시 미추홀구 도화동 982",
            "도로명주소":"인천시 미추홀구 송림로 194",
            "세대수":30,
            "입주년차":60,
            "용적률점수":"--",
            "건폐율점수":"--",
            "세대당주차수":30,
            "난방방식":30,
            "공급면적":"--",
            "전용률":"--",
            "욕실수":100,
            "현관타입":50,
            "주거총점":45.0,
            "지역구공급총점":0.0,
            "역세권":0,
            "30분내 이동가능 거점":0,
            "1시간내 이동가능 거점":20,
            "교통총점":4.0,
            "백화점":0,
            "아울렛몰":0,
            "대형마트":0,
            "은행":0,
            "병원":0,
            "종합병원":100,
            "공원":0,
            "혐오시설":-50,
            "인프라총점":19.0,
            "초등학군":90.03,
            "중학군":41.7,
            "학군총점":51.366,
            "인구수":44.13,
            "인구증감":8.1,
            "인구총점":33.321,
            "일자리":19.14,
            "소득수준":48.52,
            "일자리총점":27.954,
            "가치 총점":23.8049,
            "매매실거래년":20211006.0,
            "매매실거래가":40800.0,
            "전세실거래년":20210401.0,
            "전세실거래가":28000.0,
            "전세가율":75.68,
            "장기전세가율평균":70.76,
            "전세가율거품지수":-4.92,
            "검색코드":27511,
            "세대수":396.0,
            "준공년월":"2012-09-13",
            "준공년차":11.0,
            "가까운역이름":"제물포",
            "가까운역거리":1158.88,
            "역세권여부":"비역세권",
            "30분이내주요거점역":0,
            "30분거점역이름":"[]",
            "1시간이내주요거점역":2,
            "1시간거점역이름":"['송도', '구로디지털단지']",
            "3km이내백화점수":0,
            "5km이내아울렛몰수":0,
            "1km이내대형먀트수":0,
            "500m이내은행수":0,
            "500m이내병원수":0,
            "5km이내대형병원수":8,
            "500m이내공원수":0,
            "3km이내혐오시설수":1,
            "초등학교학업성취도":90.03,
            "중학교학업성취도":67.9,
            "용적률":258,
            "건폐율":13,
            "Y":37.476975,
            "X":126.654006,
            "rank":125.0,
            "area_info":"33평(109.27), 33평(109.26), 33평(109.5), 33평(110.01), 42평(139.84)",
            "last_sales":"2021-10-06,40800.0,33평(109.26)",
            "rank_history":[
                [
                    "202202",
                    125
                ],
                [
                    "202201",
                    127
                ]
            ],
            "rank_gap":2
        },
        {
            "index":161,
            "아파트명":"대림",
            "투자타입":"재건축",
            "전용면적(m2)":"102.5",
            "전용면적(평)":"31평",
            "법정동주소":"인천시 미추홀구 용현동 627-79",
            "도로명주소":"인천시 미추홀구 낙섬중로 18",
            "세대수":50,
            "입주년차":"--",
            "용적률점수":0,
            "건폐율점수":80,
            "세대당주차수":"--",
            "난방방식":"--",
            "공급면적":90,
            "전용률":80,
            "욕실수":"--",
            "현관타입":"--",
            "주거총점":39.5,
            "지역구공급총점":0.0,
            "역세권":0,
            "30분내 이동가능 거점":0,
            "1시간내 이동가능 거점":10,
            "교통총점":2.0,
            "백화점":0,
            "아울렛몰":0,
            "대형마트":0,
            "은행":0,
            "병원":0,
            "종합병원":100,
            "공원":100,
            "혐오시설":0,
            "인프라총점":23.0,
            "초등학군":90.01,
            "중학군":44.5,
            "학군총점":53.602,
            "인구수":44.13,
            "인구증감":8.1,
            "인구총점":33.321,
            "일자리":19.14,
            "소득수준":48.52,
            "일자리총점":27.954,
            "가치 총점":23.5403,
            "매매실거래년":20211216.0,
            "매매실거래가":32000.0,
            "전세실거래년":20211028.0,
            "전세실거래가":20000.0,
            "전세가율":62.5,
            "장기전세가율평균":70.76,
            "전세가율거품지수":8.26,
            "검색코드":2416,
            "세대수":598.0,
            "준공년월":"1990-10-31",
            "준공년차":33.0,
            "가까운역이름":"인하대",
            "가까운역거리":1160.58,
            "역세권여부":"비역세권",
            "30분이내주요거점역":0,
            "30분거점역이름":"[]",
            "1시간이내주요거점역":1,
            "1시간거점역이름":"['송도']",
            "3km이내백화점수":0,
            "5km이내아울렛몰수":0,
            "1km이내대형먀트수":0,
            "500m이내은행수":1,
            "500m이내병원수":0,
            "5km이내대형병원수":6,
            "500m이내공원수":2,
            "3km이내혐오시설수":0,
            "초등학교학업성취도":90.01,
            "중학교학업성취도":71.3,
            "용적률":230,
            "건폐율":22,
            "Y":37.449185,
            "X":126.636501,
            "rank":126.0,
            "area_info":"31평(102.5), 45평(149.23)",
            "last_sales":"2021-12-16,32000.0,31평(102.5)",
            "rank_history":[
                [
                    "202202",
                    126
                ],
                [
                    "202201",
                    124
                ]
            ],
            "rank_gap":-2
        },
        {
            "index":549,
            "아파트명":"원흥",
            "투자타입":"일반",
            "전용면적(m2)":"76.99",
            "전용면적(평)":"23평",
            "법정동주소":"인천시 미추홀구 학익동 702-2",
            "도로명주소":"인천시 미추홀구 한나루로341번길 16-21",
            "세대수":30,
            "입주년차":0,
            "용적률점수":"--",
            "건폐율점수":"--",
            "세대당주차수":30,
            "난방방식":30,
            "공급면적":"--",
            "전용률":"--",
            "욕실수":50,
            "현관타입":100,
            "주거총점":33.0,
            "지역구공급총점":0.0,
            "역세권":0,
            "30분내 이동가능 거점":0,
            "1시간내 이동가능 거점":20,
            "교통총점":4.0,
            "백화점":0,
            "아울렛몰":0,
            "대형마트":0,
            "은행":0,
            "병원":0,
            "종합병원":100,
            "공원":100,
            "혐오시설":0,
            "인프라총점":23.0,
            "초등학군":90.0,
            "중학군":44.08,
            "학군총점":53.264,
            "인구수":44.13,
            "인구증감":8.1,
            "인구총점":33.321,
            "일자리":19.14,
            "소득수준":48.52,
            "일자리총점":27.954,
            "가치 총점":22.8896,
            "매매실거래년":20201228.0,
            "매매실거래가":23700.0,
            "전세실거래년":20201210.0,
            "전세실거래가":15000.0,
            "전세가율":77.32,
            "장기전세가율평균":70.76,
            "전세가율거품지수":-6.56,
            "검색코드":8900,
            "세대수":396.0,
            "준공년월":"1996-11-14",
            "준공년차":27.0,
            "가까운역이름":"송도",
            "가까운역거리":1178.22,
            "역세권여부":"비역세권",
            "30분이내주요거점역":0,
            "30분거점역이름":"[]",
            "1시간이내주요거점역":2,
            "1시간거점역이름":"['송도', '안산']",
            "3km이내백화점수":0,
            "5km이내아울렛몰수":0,
            "1km이내대형먀트수":0,
            "500m이내은행수":0,
            "500m이내병원수":0,
            "5km이내대형병원수":8,
            "500m이내공원수":5,
            "3km이내혐오시설수":0,
            "초등학교학업성취도":90.0,
            "중학교학업성취도":71.4,
            "용적률":311,
            "건폐율":18,
            "Y":37.438949,
            "X":126.660089,
            "rank":127.0,
            "area_info":"23평(76.99), 31평(103.93)",
            "last_sales":"2020-12-28,23700.0,31평(103.93)",
            "rank_history":[
                [
                    "202202",
                    127
                ],
                [
                    "202201",
                    128
                ]
            ],
            "rank_gap":1
        },
        {
            "index":272,
            "아파트명":"한양2차",
            "투자타입":"재건축",
            "전용면적(m2)":"74.0",
            "전용면적(평)":"22평",
            "법정동주소":"인천시 미추홀구 용현동 627-105",
            "도로명주소":"인천시 미추홀구 매소홀로 23-42",
            "세대수":30,
            "입주년차":"--",
            "용적률점수":0,
            "건폐율점수":0,
            "세대당주차수":"--",
            "난방방식":"--",
            "공급면적":50,
            "전용률":80,
            "욕실수":"--",
            "현관타입":"--",
            "주거총점":15.5,
            "지역구공급총점":0.0,
            "역세권":0,
            "30분내 이동가능 거점":20,
            "1시간내 이동가능 거점":20,
            "교통총점":10.0,
            "백화점":0,
            "아울렛몰":0,
            "대형마트":0,
            "은행":20,
            "병원":0,
            "종합병원":100,
            "공원":100,
            "혐오시설":0,
            "인프라총점":25.0,
            "초등학군":89.98,
            "중학군":48.96,
            "학군총점":57.164,
            "인구수":44.13,
            "인구증감":8.1,
            "인구총점":33.321,
            "일자리":19.14,
            "소득수준":48.52,
            "일자리총점":27.954,
            "가치 총점":22.6746,
            "매매실거래년":20211011.0,
            "매매실거래가":33200.0,
            "전세실거래년":null,
            "전세실거래가":null,
            "전세가율":null,
            "장기전세가율평균":70.76,
            "전세가율거품지수":null,
            "검색코드":2423,
            "세대수":352.0,
            "준공년월":"1992-07-24",
            "준공년차":31.0,
            "가까운역이름":"숭의",
            "가까운역거리":1048.71,
            "역세권여부":"비역세권",
            "30분이내주요거점역":1,
            "30분거점역이름":"['송도']",
            "1시간이내주요거점역":2,
            "1시간거점역이름":"['송도', '안산']",
            "3km이내백화점수":0,
            "5km이내아울렛몰수":0,
            "1km이내대형먀트수":0,
            "500m이내은행수":2,
            "500m이내병원수":0,
            "5km이내대형병원수":6,
            "500m이내공원수":3,
            "3km이내혐오시설수":0,
            "초등학교학업성취도":89.98,
            "중학교학업성취도":80.8,
            "용적률":365,
            "건폐율":73,
            "Y":37.452959,
            "X":126.631674,
            "rank":128.0,
            "area_info":"22평(74.0), 25평(83.44), 30평(101.78), 45평(149.83)",
            "last_sales":"2021-10-11,33200.0,45평(149.83)",
            "rank_history":[
                [
                    "202202",
                    128
                ],
                [
                    "202201",
                    126
                ]
            ],
            "rank_gap":-2
        },
        {
            "index":570,
            "아파트명":"정광",
            "투자타입":"일반",
            "전용면적(m2)":"78.23",
            "전용면적(평)":"23평",
            "법정동주소":"인천시 미추홀구 학익동 707-5",
            "도로명주소":"인천시 미추홀구 한나루로357번길 87-18",
            "세대수":0,
            "입주년차":0,
            "용적률점수":"--",
            "건폐율점수":"--",
            "세대당주차수":30,
            "난방방식":30,
            "공급면적":"--",
            "전용률":"--",
            "욕실수":100,
            "현관타입":100,
            "주거총점":27.5,
            "지역구공급총점":0.0,
            "역세권":0,
            "30분내 이동가능 거점":0,
            "1시간내 이동가능 거점":20,
            "교통총점":4.0,
            "백화점":0,
            "아울렛몰":0,
            "대형마트":0,
            "은행":0,
            "병원":0,
            "종합병원":100,
            "공원":100,
            "혐오시설":0,
            "인프라총점":23.0,
            "초등학군":90.0,
            "중학군":44.08,
            "학군총점":53.264,
            "인구수":44.13,
            "인구증감":8.1,
            "인구총점":33.321,
            "일자리":19.14,
            "소득수준":48.52,
            "일자리총점":27.954,
            "가치 총점":21.7896,
            "매매실거래년":20220115.0,
            "매매실거래가":42000.0,
            "전세실거래년":20210626.0,
            "전세실거래가":16500.0,
            "전세가율":66.27,
            "장기전세가율평균":70.76,
            "전세가율거품지수":4.49,
            "검색코드":8901,
            "세대수":280.0,
            "준공년월":"1998-11-12",
            "준공년차":25.0,
            "가까운역이름":"송도",
            "가까운역거리":1102.99,
            "역세권여부":"비역세권",
            "30분이내주요거점역":0,
            "30분거점역이름":"[]",
            "1시간이내주요거점역":2,
            "1시간거점역이름":"['송도', '안산']",
            "3km이내백화점수":0,
            "5km이내아울렛몰수":0,
            "1km이내대형먀트수":0,
            "500m이내은행수":0,
            "500m이내병원수":0,
            "5km이내대형병원수":8,
            "500m이내공원수":5,
            "3km이내혐오시설수":0,
            "초등학교학업성취도":90.0,
            "중학교학업성취도":71.4,
            "용적률":300,
            "건폐율":21,
            "Y":37.438408,
            "X":126.656878,
            "rank":129.0,
            "area_info":"23평(78.23), 31평(105.5), 43평(144.45)",
            "last_sales":"2022-01-15,42000.0,43평(144.45)",
            "rank_history":[
                [
                    "202202",
                    129
                ],
                [
                    "202201",
                    129
                ]
            ],
            "rank_gap":0
        },
        {
            "index":581,
            "아파트명":"태산",
            "투자타입":"일반",
            "전용면적(m2)":"80.14",
            "전용면적(평)":"24평",
            "법정동주소":"인천시 미추홀구 학익동 703-2",
            "도로명주소":"인천시 미추홀구 한나루로341번길 40",
            "세대수":0,
            "입주년차":0,
            "용적률점수":"--",
            "건폐율점수":"--",
            "세대당주차수":0,
            "난방방식":30,
            "공급면적":"--",
            "전용률":"--",
            "욕실수":100,
            "현관타입":100,
            "주거총점":23.0,
            "지역구공급총점":0.0,
            "역세권":0,
            "30분내 이동가능 거점":0,
            "1시간내 이동가능 거점":20,
            "교통총점":4.0,
            "백화점":0,
            "아울렛몰":0,
            "대형마트":0,
            "은행":0,
            "병원":0,
            "종합병원":100,
            "공원":100,
            "혐오시설":0,
            "인프라총점":23.0,
            "초등학군":90.0,
            "중학군":44.08,
            "학군총점":53.264,
            "인구수":44.13,
            "인구증감":8.1,
            "인구총점":33.321,
            "일자리":19.14,
            "소득수준":48.52,
            "일자리총점":27.954,
            "가치 총점":20.8896,
            "매매실거래년":20211228.0,
            "매매실거래가":22800.0,
            "전세실거래년":20211221.0,
            "전세실거래가":22000.0,
            "전세가율":96.49,
            "장기전세가율평균":70.76,
            "전세가율거품지수":-25.73,
            "검색코드":8904,
            "세대수":252.0,
            "준공년월":"1998-10-29",
            "준공년차":25.0,
            "가까운역이름":"송도",
            "가까운역거리":1187.26,
            "역세권여부":"비역세권",
            "30분이내주요거점역":0,
            "30분거점역이름":"[]",
            "1시간이내주요거점역":2,
            "1시간거점역이름":"['송도', '안산']",
            "3km이내백화점수":0,
            "5km이내아울렛몰수":0,
            "1km이내대형먀트수":0,
            "500m이내은행수":0,
            "500m이내병원수":0,
            "5km이내대형병원수":8,
            "500m이내공원수":5,
            "3km이내혐오시설수":0,
            "초등학교학업성취도":90.0,
            "중학교학업성취도":71.4,
            "용적률":0,
            "건폐율":0,
            "Y":37.439113,
            "X":126.659397,
            "rank":130.0,
            "area_info":"24평(80.14), 34평(114.48)",
            "last_sales":"2021-12-28,22800.0,24평(80.14)",
            "rank_history":[
                [
                    "202202",
                    130
                ],
                [
                    "202201",
                    129
                ]
            ],
            "rank_gap":-1
        },
        {
            "index":596,
            "아파트명":"학익현광2차",
            "투자타입":"일반",
            "전용면적(m2)":"58.29",
            "전용면적(평)":"17평",
            "법정동주소":"인천시 미추홀구 학익동 686-12",
            "도로명주소":"인천시 미추홀구 매소홀로418번길 14-13",
            "세대수":0,
            "입주년차":20,
            "용적률점수":"--",
            "건폐율점수":"--",
            "세대당주차수":30,
            "난방방식":30,
            "공급면적":"--",
            "전용률":"--",
            "욕실수":50,
            "현관타입":10,
            "주거총점":17.5,
            "지역구공급총점":0.0,
            "역세권":0,
            "30분내 이동가능 거점":0,
            "1시간내 이동가능 거점":20,
            "교통총점":4.0,
            "백화점":0,
            "아울렛몰":0,
            "대형마트":0,
            "은행":20,
            "병원":0,
            "종합병원":100,
            "공원":100,
            "혐오시설":0,
            "인프라총점":25.0,
            "초등학군":89.99,
            "중학군":44.08,
            "학군총점":53.262,
            "인구수":44.13,
            "인구증감":8.1,
            "인구총점":33.321,
            "일자리":19.14,
            "소득수준":48.52,
            "일자리총점":27.954,
            "가치 총점":20.3893,
            "매매실거래년":20211007.0,
            "매매실거래가":31000.0,
            "전세실거래년":20200229.0,
            "전세실거래가":10000.0,
            "전세가율":80.0,
            "장기전세가율평균":70.76,
            "전세가율거품지수":-9.24,
            "검색코드":9070,
            "세대수":171.0,
            "준공년월":"2002-09-30",
            "준공년차":21.0,
            "가까운역이름":"송도",
            "가까운역거리":1441.27,
            "역세권여부":"비역세권",
            "30분이내주요거점역":0,
            "30분거점역이름":"[]",
            "1시간이내주요거점역":2,
            "1시간거점역이름":"['송도', '안산']",
            "3km이내백화점수":0,
            "5km이내아울렛몰수":0,
            "1km이내대형먀트수":0,
            "500m이내은행수":2,
            "500m이내병원수":0,
            "5km이내대형병원수":7,
            "500m이내공원수":4,
            "3km이내혐오시설수":0,
            "초등학교학업성취도":89.99,
            "중학교학업성취도":71.4,
            "용적률":363,
            "건폐율":21,
            "Y":37.438819,
            "X":126.667673,
            "rank":131.0,
            "area_info":"17평(58.29), 25평(83.26), 32평(108.53)",
            "last_sales":"2021-10-07,31000.0,32평(108.53)",
            "rank_history":[
                [
                    "202202",
                    131
                ],
                [
                    "202201",
                    112
                ]
            ],
            "rank_gap":-19
        },
        {
            "index":186,
            "아파트명":"삼화",
            "투자타입":"일반",
            "전용면적(m2)":"81.05",
            "전용면적(평)":"24평",
            "법정동주소":"인천시 미추홀구 용현동 646",
            "도로명주소":"인천시 미추홀구 한나루로489번길 49",
            "세대수":0,
            "입주년차":0,
            "용적률점수":"--",
            "건폐율점수":"--",
            "세대당주차수":0,
            "난방방식":30,
            "공급면적":"--",
            "전용률":"--",
            "욕실수":50,
            "현관타입":10,
            "주거총점":9.0,
            "지역구공급총점":0.0,
            "역세권":0,
            "30분내 이동가능 거점":0,
            "1시간내 이동가능 거점":40,
            "교통총점":8.0,
            "백화점":0,
            "아울렛몰":0,
            "대형마트":0,
            "은행":0,
            "병원":0,
            "종합병원":100,
            "공원":80,
            "혐오시설":0,
            "인프라총점":22.4,
            "초등학군":89.99,
            "중학군":44.16,
            "학군총점":53.326,
            "인구수":44.13,
            "인구증감":8.1,
            "인구총점":33.321,
            "일자리":19.14,
            "소득수준":48.52,
            "일자리총점":27.954,
            "가치 총점":19.3189,
            "매매실거래년":20210420.0,
            "매매실거래가":14300.0,
            "전세실거래년":20210618.0,
            "전세실거래가":4000.0,
            "전세가율":27.97,
            "장기전세가율평균":70.76,
            "전세가율거품지수":42.79,
            "검색코드":11356,
            "세대수":114.0,
            "준공년월":"1994-04-26",
            "준공년차":29.0,
            "가까운역이름":"인하대",
            "가까운역거리":1347.61,
            "역세권여부":"비역세권",
            "30분이내주요거점역":0,
            "30분거점역이름":"[]",
            "1시간이내주요거점역":4,
            "1시간거점역이름":"['여의도', '송도', '구로디지털단지', '안산']",
            "3km이내백화점수":0,
            "5km이내아울렛몰수":0,
            "1km이내대형먀트수":0,
            "500m이내은행수":0,
            "500m이내병원수":0,
            "5km이내대형병원수":9,
            "500m이내공원수":1,
            "3km이내혐오시설수":0,
            "초등학교학업성취도":89.99,
            "중학교학업성취도":73.0,
            "용적률":247,
            "건폐율":39,
            "Y":37.450867,
            "X":126.664589,
            "rank":132.0,
            "area_info":"24평(81.05)",
            "last_sales":"2021-04-20,14300.0,24평(81.05)",
            "rank_history":[
                [
                    "202202",
                    132
                ],
                [
                    "202201",
                    130
                ]
            ],
            "rank_gap":-2
        }
    ]
}