{
    "schema":{
        "fields":[
            {
                "name":"index",
                "type":"integer"
            },
            {
                "name":"아파트명",
                "type":"string"
            },
            {
                "name":"투자타입",
                "type":"string"
            },
            {
                "name":"전용면적(m2)",
                "type":"string"
            },
            {
                "name":"전용면적(평)",
                "type":"string"
            },
            {
                "name":"법정동주소",
                "type":"string"
            },
            {
                "name":"도로명주소",
                "type":"string"
            },
            {
                "name":"세대수",
                "type":"integer"
            },
            {
                "name":"입주년차",
                "type":"string"
            },
            {
                "name":"용적률점수",
                "type":"string"
            },
            {
                "name":"건폐율점수",
                "type":"string"
            },
            {
                "name":"세대당주차수",
                "type":"string"
            },
            {
                "name":"난방방식",
                "type":"string"
            },
            {
                "name":"공급면적",
                "type":"string"
            },
            {
                "name":"전용률",
                "type":"string"
            },
            {
                "name":"욕실수",
                "type":"string"
            },
            {
                "name":"현관타입",
                "type":"string"
            },
            {
                "name":"주거총점",
                "type":"number"
            },
            {
                "name":"지역구공급총점",
                "type":"number"
            },
            {
                "name":"역세권",
                "type":"integer"
            },
            {
                "name":"30분내 이동가능 거점",
                "type":"integer"
            },
            {
                "name":"1시간내 이동가능 거점",
                "type":"integer"
            },
            {
                "name":"교통총점",
                "type":"number"
            },
            {
                "name":"백화점",
                "type":"integer"
            },
            {
                "name":"아울렛몰",
                "type":"integer"
            },
            {
                "name":"대형마트",
                "type":"integer"
            },
            {
                "name":"은행",
                "type":"integer"
            },
            {
                "name":"병원",
                "type":"integer"
            },
            {
                "name":"종합병원",
                "type":"integer"
            },
            {
                "name":"공원",
                "type":"integer"
            },
            {
                "name":"혐오시설",
                "type":"integer"
            },
            {
                "name":"인프라총점",
                "type":"number"
            },
            {
                "name":"초등학군",
                "type":"number"
            },
            {
                "name":"중학군",
                "type":"number"
            },
            {
                "name":"학군총점",
                "type":"number"
            },
            {
                "name":"인구수",
                "type":"number"
            },
            {
                "name":"인구증감",
                "type":"number"
            },
            {
                "name":"인구총점",
                "type":"number"
            },
            {
                "name":"일자리",
                "type":"number"
            },
            {
                "name":"소득수준",
                "type":"number"
            },
            {
                "name":"일자리총점",
                "type":"number"
            },
            {
                "name":"가치 총점",
                "type":"number"
            },
            {
                "name":"매매실거래년",
                "type":"string"
            },
            {
                "name":"매매실거래가",
                "type":"number"
            },
            {
                "name":"전세실거래년",
                "type":"number"
            },
            {
                "name":"전세실거래가",
                "type":"number"
            },
            {
                "name":"전세가율",
                "type":"number"
            },
            {
                "name":"장기전세가율평균",
                "type":"number"
            },
            {
                "name":"전세가율거품지수",
                "type":"number"
            },
            {
                "name":"검색코드",
                "type":"integer"
            },
            {
                "name":"세대수",
                "type":"number"
            },
            {
                "name":"준공년월",
                "type":"string"
            },
            {
                "name":"준공년차",
                "type":"number"
            },
            {
                "name":"가까운역이름",
                "type":"string"
            },
            {
                "name":"가까운역거리",
                "type":"number"
            },
            {
                "name":"역세권여부",
                "type":"string"
            },
            {
                "name":"30분이내주요거점역",
                "type":"integer"
            },
            {
                "name":"30분거점역이름",
                "type":"string"
            },
            {
                "name":"1시간이내주요거점역",
                "type":"integer"
            },
            {
                "name":"1시간거점역이름",
                "type":"string"
            },
            {
                "name":"3km이내백화점수",
                "type":"integer"
            },
            {
                "name":"5km이내아울렛몰수",
                "type":"integer"
            },
            {
                "name":"1km이내대형먀트수",
                "type":"integer"
            },
            {
                "name":"500m이내은행수",
                "type":"integer"
            },
            {
                "name":"500m이내병원수",
                "type":"integer"
            },
            {
                "name":"5km이내대형병원수",
                "type":"integer"
            },
            {
                "name":"500m이내공원수",
                "type":"integer"
            },
            {
                "name":"3km이내혐오시설수",
                "type":"integer"
            },
            {
                "name":"초등학교학업성취도",
                "type":"number"
            },
            {
                "name":"중학교학업성취도",
                "type":"number"
            },
            {
                "name":"용적률",
                "type":"integer"
            },
            {
                "name":"건폐율",
                "type":"integer"
            },
            {
                "name":"Y",
                "type":"number"
            },
            {
                "name":"X",
                "type":"number"
            },
            {
                "name":"rank",
                "type":"number"
            },
            {
                "name":"area_info",
                "type":"string"
            },
            {
                "name":"last_sales",
                "type":"string"
            },
            {
                "name":"rank_history",
                "type":"string"
            },
            {
                "name":"rank_gap",
                "type":"integer"
            }
        ],
        "primaryKey":[
            "index"
        ],
        "pandas_version":"1.4.0"
    },
    "data":[
        {
            "index":102,
            "아파트명":"문화마을1단지",
            "투자타입":"일반",
            "전용면적(m2)":"111.33",
            "전용면적(평)":"33평",
            "법정동주소":"대전시 중구 문화동 1-43",
            "도로명주소":"대전시 중구 계백로1716번길 40",
            "세대수":30,
            "입주년차":40,
            "용적률점수":"--",
            "건폐율점수":"--",
            "세대당주차수":30,
            "난방방식":30,
            "공급면적":"--",
            "전용률":"--",
            "욕실수":100,
            "현관타입":100,
            "주거총점":46.0,
            "지역구공급총점":0.0,
            "역세권":80,
            "30분내 이동가능 거점":20,
            "1시간내 이동가능 거점":10,
            "교통총점":48.0,
            "백화점":100,
            "아울렛몰":0,
            "대형마트":100,
            "은행":70,
            "병원":0,
            "종합병원":100,
            "공원":0,
            "혐오시설":0,
            "인프라총점":72.0,
            "초등학군":90.02,
            "중학군":52.54,
            "학군총점":60.036,
            "인구수":24.74,
            "인구증감":-11.39,
            "인구총점":13.901,
            "일자리":13.31,
            "소득수준":52.55,
            "일자리총점":25.082,
            "가치 총점":58.3108,
            "매매실거래년":20211030.0,
            "매매실거래가":54500.0,
            "전세실거래년":20220106.0,
            "전세실거래가":45000.0,
            "전세가율":82.57,
            "장기전세가율평균":70.88,
            "전세가율거품지수":-11.69,
            "검색코드":19065,
            "세대수":330.0,
            "준공년월":"2004-06-04",
            "준공년차":19.0,
            "가까운역이름":"서대전네거리",
            "가까운역거리":386.67,
            "역세권여부":"역세권",
            "30분이내주요거점역":1,
            "30분거점역이름":"['대전']",
            "1시간이내주요거점역":1,
            "1시간거점역이름":"['대전']",
            "3km이내백화점수":1,
            "5km이내아울렛몰수":0,
            "1km이내대형먀트수":2,
            "500m이내은행수":4,
            "500m이내병원수":0,
            "5km이내대형병원수":6,
            "500m이내공원수":0,
            "3km이내혐오시설수":0,
            "초등학교학업성취도":90.02,
            "중학교학업성취도":86.3,
            "용적률":199,
            "건폐율":19,
            "Y":36.319706,
            "X":127.409882,
            "rank":1.0,
            "area_info":"33평(111.33)",
            "last_sales":"2021-10-30,54500.0,33평(111.33)",
            "rank_history":[
                [
                    "202202",
                    1
                ],
                [
                    "202201",
                    6
                ]
            ],
            "rank_gap":5
        },
        {
            "index":354,
            "아파트명":"현대1단지",
            "투자타입":"재건축",
            "전용면적(m2)":"100.89",
            "전용면적(평)":"30평",
            "법정동주소":"대전시 중구 유천동 10",
            "도로명주소":"대전시 중구 계백로1615번길 34",
            "세대수":90,
            "입주년차":"--",
            "용적률점수":0,
            "건폐율점수":80,
            "세대당주차수":"--",
            "난방방식":"--",
            "공급면적":90,
            "전용률":80,
            "욕실수":"--",
            "현관타입":"--",
            "주거총점":51.5,
            "지역구공급총점":0.0,
            "역세권":50,
            "30분내 이동가능 거점":20,
            "1시간내 이동가능 거점":10,
            "교통총점":33.0,
            "백화점":100,
            "아울렛몰":0,
            "대형마트":100,
            "은행":0,
            "병원":0,
            "종합병원":100,
            "공원":80,
            "혐오시설":0,
            "인프라총점":67.4,
            "초등학군":90.0,
            "중학군":59.72,
            "학군총점":65.776,
            "인구수":24.74,
            "인구증감":-11.39,
            "인구총점":13.901,
            "일자리":13.31,
            "소득수준":52.55,
            "일자리총점":25.082,
            "가치 총점":57.7778,
            "매매실거래년":20211229.0,
            "매매실거래가":35000.0,
            "전세실거래년":20220128.0,
            "전세실거래가":26000.0,
            "전세가율":74.29,
            "장기전세가율평균":70.88,
            "전세가율거품지수":-3.41,
            "검색코드":6363,
            "세대수":1080.0,
            "준공년월":"1990-12-21",
            "준공년차":33.0,
            "가까운역이름":"오룡",
            "가까운역거리":933.38,
            "역세권여부":"준역세권",
            "30분이내주요거점역":1,
            "30분거점역이름":"['대전']",
            "1시간이내주요거점역":1,
            "1시간거점역이름":"['대전']",
            "3km이내백화점수":1,
            "5km이내아울렛몰수":0,
            "1km이내대형먀트수":3,
            "500m이내은행수":1,
            "500m이내병원수":0,
            "5km이내대형병원수":6,
            "500m이내공원수":1,
            "3km이내혐오시설수":0,
            "초등학교학업성취도":90.0,
            "중학교학업성취도":98.8,
            "용적률":247,
            "건폐율":29,
            "Y":36.320932,
            "X":127.400941,
            "rank":2.0,
            "area_info":"30평(100.89), 38평(127.67), 45평(150.46), 46평(154.08), 59평(195.85)",
            "last_sales":"2021-12-29,35000.0,30평(100.89)",
            "rank_history":[
                [
                    "202202",
                    2
                ],
                [
                    "202201",
                    3
                ]
            ],
            "rank_gap":1
        },
        {
            "index":436,
            "아파트명":"쌍용예가",
            "투자타입":"일반",
            "전용면적(m2)":"85.72",
            "전용면적(평)":"25평",
            "법정동주소":"대전시 중구 태평동 554",
            "도로명주소":"대전시 중구 평촌로 93",
            "세대수":90,
            "입주년차":40,
            "용적률점수":"--",
            "건폐율점수":"--",
            "세대당주차수":30,
            "난방방식":30,
            "공급면적":"--",
            "전용률":"--",
            "욕실수":100,
            "현관타입":100,
            "주거총점":67.0,
            "지역구공급총점":0.0,
            "역세권":50,
            "30분내 이동가능 거점":20,
            "1시간내 이동가능 거점":10,
            "교통총점":33.0,
            "백화점":100,
            "아울렛몰":0,
            "대형마트":80,
            "은행":0,
            "병원":0,
            "종합병원":100,
            "공원":100,
            "혐오시설":0,
            "인프라총점":65.0,
            "초등학군":89.99,
            "중학군":45.56,
            "학군총점":54.446,
            "인구수":24.74,
            "인구증감":-11.39,
            "인구총점":13.901,
            "일자리":13.31,
            "소득수준":52.55,
            "일자리총점":25.082,
            "가치 총점":57.5338,
            "매매실거래년":20211008.0,
            "매매실거래가":55000.0,
            "전세실거래년":20211023.0,
            "전세실거래가":19000.0,
            "전세가율":55.88,
            "장기전세가율평균":70.88,
            "전세가율거품지수":15.0,
            "검색코드":24344,
            "세대수":965.0,
            "준공년월":"2008-09-30",
            "준공년차":15.0,
            "가까운역이름":"오룡",
            "가까운역거리":908.16,
            "역세권여부":"준역세권",
            "30분이내주요거점역":1,
            "30분거점역이름":"['대전']",
            "1시간이내주요거점역":1,
            "1시간거점역이름":"['대전']",
            "3km이내백화점수":1,
            "5km이내아울렛몰수":0,
            "1km이내대형먀트수":1,
            "500m이내은행수":1,
            "500m이내병원수":0,
            "5km이내대형병원수":6,
            "500m이내공원수":2,
            "3km이내혐오시설수":0,
            "초등학교학업성취도":89.99,
            "중학교학업성취도":75.8,
            "용적률":247,
            "건폐율":16,
            "Y":36.323661,
            "X":127.396933,
            "rank":3.0,
            "area_info":"25평(85.72), 29평(97.03), 33평(109.6), 33평(110.65), 33평(110.69), 33평(111.2), 33평(111.0), 45평(148.79)",
            "last_sales":"2021-10-08,55000.0,33평(111.0)",
            "rank_history":[
                [
                    "202202",
                    3
                ],
                [
                    "202201",
                    13
                ]
            ],
            "rank_gap":10
        },
        {
            "index":341,
            "아파트명":"장미시영",
            "투자타입":"재건축",
            "전용면적(m2)":"51.45",
            "전용면적(평)":"15평",
            "법정동주소":"대전시 중구 유천동 10-1",
            "도로명주소":"대전시 중구 수침로 35",
            "세대수":0,
            "입주년차":"--",
            "용적률점수":100,
            "건폐율점수":80,
            "세대당주차수":"--",
            "난방방식":"--",
            "공급면적":50,
            "전용률":100,
            "욕실수":"--",
            "현관타입":"--",
            "주거총점":63.5,
            "지역구공급총점":0.0,
            "역세권":50,
            "30분내 이동가능 거점":20,
            "1시간내 이동가능 거점":10,
            "교통총점":33.0,
            "백화점":100,
            "아울렛몰":0,
            "대형마트":100,
            "은행":0,
            "병원":0,
            "종합병원":100,
            "공원":80,
            "혐오시설":0,
            "인프라총점":67.4,
            "초등학군":90.0,
            "중학군":45.56,
            "학군총점":54.448,
            "인구수":24.74,
            "인구증감":-11.39,
            "인구총점":13.901,
            "일자리":13.31,
            "소득수준":52.55,
            "일자리총점":25.082,
            "가치 총점":57.3794,
            "매매실거래년":20211203.0,
            "매매실거래가":23000.0,
            "전세실거래년":20220126.0,
            "전세실거래가":6000.0,
            "전세가율":27.27,
            "장기전세가율평균":70.88,
            "전세가율거품지수":43.61,
            "검색코드":6357,
            "세대수":280.0,
            "준공년월":"1982-08-03",
            "준공년차":41.0,
            "가까운역이름":"오룡",
            "가까운역거리":777.72,
            "역세권여부":"준역세권",
            "30분이내주요거점역":1,
            "30분거점역이름":"['대전']",
            "1시간이내주요거점역":1,
            "1시간거점역이름":"['대전']",
            "3km이내백화점수":1,
            "5km이내아울렛몰수":0,
            "1km이내대형먀트수":3,
            "500m이내은행수":1,
            "500m이내병원수":0,
            "5km이내대형병원수":6,
            "500m이내공원수":1,
            "3km이내혐오시설수":0,
            "초등학교학업성취도":90.0,
            "중학교학업성취도":75.8,
            "용적률":125,
            "건폐율":26,
            "Y":36.322866,
            "X":127.400113,
            "rank":4.0,
            "area_info":"15평(51.45), 17평(57.78), 17평(57.32), 17평(57.99), 17평(57.96)",
            "last_sales":"2021-12-03,23000.0,17평(57.99)",
            "rank_history":[
                [
                    "202202",
                    4
                ],
                [
                    "202201",
                    1
                ]
            ],
            "rank_gap":-3
        },
        {
            "index":315,
            "아파트명":"미르마을",
            "투자타입":"일반",
            "전용면적(m2)":"52.98",
            "전용면적(평)":"16평",
            "법정동주소":"대전시 중구 용두동 39",
            "도로명주소":"대전시 중구 선화로22번길 25",
            "세대수":90,
            "입주년차":40,
            "용적률점수":"--",
            "건폐율점수":"--",
            "세대당주차수":0,
            "난방방식":30,
            "공급면적":"--",
            "전용률":"--",
            "욕실수":50,
            "현관타입":10,
            "주거총점":48.5,
            "지역구공급총점":0.0,
            "역세권":80,
            "30분내 이동가능 거점":20,
            "1시간내 이동가능 거점":10,
            "교통총점":48.0,
            "백화점":100,
            "아울렛몰":0,
            "대형마트":100,
            "은행":0,
            "병원":0,
            "종합병원":100,
            "공원":80,
            "혐오시설":0,
            "인프라총점":67.4,
            "초등학군":90.01,
            "중학군":47.98,
            "학군총점":56.386,
            "인구수":24.74,
            "인구증감":-11.39,
            "인구총점":13.901,
            "일자리":13.31,
            "소득수준":52.55,
            "일자리총점":25.082,
            "가치 총점":56.4608,
            "매매실거래년":20211024.0,
            "매매실거래가":59400.0,
            "전세실거래년":20211217.0,
            "전세실거래가":12600.0,
            "전세가율":60.87,
            "장기전세가율평균":70.88,
            "전세가율거품지수":10.01,
            "검색코드":13419,
            "세대수":1135.0,
            "준공년월":"2005-09-28",
            "준공년차":18.0,
            "가까운역이름":"서대전네거리",
            "가까운역거리":338.8,
            "역세권여부":"역세권",
            "30분이내주요거점역":1,
            "30분거점역이름":"['대전']",
            "1시간이내주요거점역":1,
            "1시간거점역이름":"['대전']",
            "3km이내백화점수":1,
            "5km이내아울렛몰수":0,
            "1km이내대형먀트수":2,
            "500m이내은행수":1,
            "500m이내병원수":0,
            "5km이내대형병원수":7,
            "500m이내공원수":1,
            "3km이내혐오시설수":0,
            "초등학교학업성취도":90.01,
            "중학교학업성취도":77.9,
            "용적률":218,
            "건폐율":15,
            "Y":36.325339,
            "X":127.413671,
            "rank":5.0,
            "area_info":"16평(52.98), 21평(69.9), 23평(79.23), 24평(79.46), 24평(79.49), 31평(103.31), 34평(112.75), 44평(146.88)",
            "last_sales":"2021-10-24,59400.0,44평(146.88)",
            "rank_history":[
                [
                    "202202",
                    5
                ],
                [
                    "202201",
                    15
                ]
            ],
            "rank_gap":10
        },
        {
            "index":444,
            "아파트명":"유등마을쌍용",
            "투자타입":"일반",
            "전용면적(m2)":"81.97",
            "전용면적(평)":"24평",
            "법정동주소":"대전시 중구 태평동 253-1",
            "도로명주소":"대전시 중구 수침로 138",
            "세대수":90,
            "입주년차":20,
            "용적률점수":"--",
            "건폐율점수":"--",
            "세대당주차수":30,
            "난방방식":30,
            "공급면적":"--",
            "전용률":"--",
            "욕실수":100,
            "현관타입":100,
            "주거총점":63.0,
            "지역구공급총점":0.0,
            "역세권":50,
            "30분내 이동가능 거점":20,
            "1시간내 이동가능 거점":10,
            "교통총점":33.0,
            "백화점":100,
            "아울렛몰":0,
            "대형마트":80,
            "은행":0,
            "병원":0,
            "종합병원":100,
            "공원":80,
            "혐오시설":0,
            "인프라총점":64.4,
            "초등학군":89.98,
            "중학군":45.56,
            "학군총점":54.444,
            "인구수":24.74,
            "인구증감":-11.39,
            "인구총점":13.901,
            "일자리":13.31,
            "소득수준":52.55,
            "일자리총점":25.082,
            "가치 총점":56.3532,
            "매매실거래년":20211130.0,
            "매매실거래가":46500.0,
            "전세실거래년":20211218.0,
            "전세실거래가":22500.0,
            "전세가율":65.22,
            "장기전세가율평균":70.88,
            "전세가율거품지수":5.66,
            "검색코드":6472,
            "세대수":964.0,
            "준공년월":"2000-07-28",
            "준공년차":23.0,
            "가까운역이름":"오룡",
            "가까운역거리":634.83,
            "역세권여부":"준역세권",
            "30분이내주요거점역":1,
            "30분거점역이름":"['대전']",
            "1시간이내주요거점역":1,
            "1시간거점역이름":"['대전']",
            "3km이내백화점수":2,
            "5km이내아울렛몰수":0,
            "1km이내대형먀트수":1,
            "500m이내은행수":0,
            "500m이내병원수":0,
            "5km이내대형병원수":7,
            "500m이내공원수":1,
            "3km이내혐오시설수":0,
            "초등학교학업성취도":89.98,
            "중학교학업성취도":75.8,
            "용적률":238,
            "건폐율":18,
            "Y":36.33105,
            "X":127.398469,
            "rank":6.0,
            "area_info":"24평(81.97), 28평(94.43), 32평(108.63), 38평(126.9), 50평(165.36)",
            "last_sales":"2021-11-30,46500.0,32평(108.63)",
            "rank_history":[
                [
                    "202202",
                    6
                ],
                [
                    "202201",
                    21
                ]
            ],
            "rank_gap":15
        },
        {
            "index":396,
            "아파트명":"벽산태평",
            "투자타입":"일반",
            "전용면적(m2)":"78.79",
            "전용면적(평)":"23평",
            "법정동주소":"대전시 중구 태평동 317",
            "도로명주소":"대전시 중구 평촌로 111",
            "세대수":90,
            "입주년차":20,
            "용적률점수":"--",
            "건폐율점수":"--",
            "세대당주차수":30,
            "난방방식":30,
            "공급면적":"--",
            "전용률":"--",
            "욕실수":50,
            "현관타입":100,
            "주거총점":58.0,
            "지역구공급총점":0.0,
            "역세권":50,
            "30분내 이동가능 거점":20,
            "1시간내 이동가능 거점":10,
            "교통총점":33.0,
            "백화점":100,
            "아울렛몰":0,
            "대형마트":100,
            "은행":0,
            "병원":0,
            "종합병원":100,
            "공원":100,
            "혐오시설":0,
            "인프라총점":68.0,
            "초등학군":90.0,
            "중학군":45.56,
            "학군총점":54.448,
            "인구수":24.74,
            "인구증감":-11.39,
            "인구총점":13.901,
            "일자리":13.31,
            "소득수준":52.55,
            "일자리총점":25.082,
            "가치 총점":56.1844,
            "매매실거래년":20220119.0,
            "매매실거래가":35000.0,
            "전세실거래년":20211108.0,
            "전세실거래가":23000.0,
            "전세가율":74.68,
            "장기전세가율평균":70.88,
            "전세가율거품지수":-3.8,
            "검색코드":6422,
            "세대수":1214.0,
            "준공년월":"2000-10-01",
            "준공년차":23.0,
            "가까운역이름":"오룡",
            "가까운역거리":694.62,
            "역세권여부":"준역세권",
            "30분이내주요거점역":1,
            "30분거점역이름":"['대전']",
            "1시간이내주요거점역":1,
            "1시간거점역이름":"['대전']",
            "3km이내백화점수":1,
            "5km이내아울렛몰수":0,
            "1km이내대형먀트수":2,
            "500m이내은행수":0,
            "500m이내병원수":0,
            "5km이내대형병원수":6,
            "500m이내공원수":2,
            "3km이내혐오시설수":0,
            "초등학교학업성취도":90.0,
            "중학교학업성취도":75.8,
            "용적률":342,
            "건폐율":25,
            "Y":36.323973,
            "X":127.399837,
            "rank":7.0,
            "area_info":"23평(78.79), 28평(94.71), 31평(105.22), 41평(136.67)",
            "last_sales":"2022-01-19,35000.0,31평(105.22)",
            "rank_history":[
                [
                    "202202",
                    7
                ],
                [
                    "202201",
                    4
                ]
            ],
            "rank_gap":-3
        },
        {
            "index":392,
            "아파트명":"버드내마을2단지",
            "투자타입":"일반",
            "전용면적(m2)":"109.14",
            "전용면적(평)":"33평",
            "법정동주소":"대전시 중구 태평동 551",
            "도로명주소":"대전시 중구 태평로 35",
            "세대수":90,
            "입주년차":20,
            "용적률점수":"--",
            "건폐율점수":"--",
            "세대당주차수":80,
            "난방방식":30,
            "공급면적":"--",
            "전용률":"--",
            "욕실수":100,
            "현관타입":100,
            "주거총점":70.5,
            "지역구공급총점":0.0,
            "역세권":0,
            "30분내 이동가능 거점":0,
            "1시간내 이동가능 거점":10,
            "교통총점":2.0,
            "백화점":100,
            "아울렛몰":0,
            "대형마트":80,
            "은행":20,
            "병원":0,
            "종합병원":100,
            "공원":100,
            "혐오시설":0,
            "인프라총점":67.0,
            "초등학군":89.99,
            "중학군":53.16,
            "학군총점":60.526,
            "인구수":24.74,
            "인구증감":-11.39,
            "인구총점":13.901,
            "일자리":13.31,
            "소득수준":52.55,
            "일자리총점":25.082,
            "가치 총점":56.1828,
            "매매실거래년":20220120.0,
            "매매실거래가":60000.0,
            "전세실거래년":20220119.0,
            "전세실거래가":30000.0,
            "전세가율":65.22,
            "장기전세가율평균":70.88,
            "전세가율거품지수":5.66,
            "검색코드":6390,
            "세대수":1211.0,
            "준공년월":"2000-09-15",
            "준공년차":23.0,
            "가까운역이름":"오룡",
            "가까운역거리":1557.92,
            "역세권여부":"비역세권",
            "30분이내주요거점역":0,
            "30분거점역이름":"[]",
            "1시간이내주요거점역":1,
            "1시간거점역이름":"['대전']",
            "3km이내백화점수":1,
            "5km이내아울렛몰수":0,
            "1km이내대형먀트수":1,
            "500m이내은행수":2,
            "500m이내병원수":0,
            "5km이내대형병원수":6,
            "500m이내공원수":2,
            "3km이내혐오시설수":0,
            "초등학교학업성취도":89.99,
            "중학교학업성취도":88.2,
            "용적률":263,
            "건폐율":19,
            "Y":36.320879,
            "X":127.390484,
            "rank":8.0,
            "area_info":"33평(109.14), 49평(164.78), 59평(197.68), 72평(238.71)",
            "last_sales":"2022-01-20,60000.0,59평(197.68)",
            "rank_history":[
                [
                    "202202",
                    8
                ],
                [
                    "202201",
                    2
                ]
            ],
            "rank_gap":-6
        },
        {
            "index":65,
            "아파트명":"목양마을",
            "투자타입":"일반",
            "전용면적(m2)":"107.95",
            "전용면적(평)":"32평",
            "법정동주소":"대전시 중구 목동 24",
            "도로명주소":"대전시 중구 목동로 37",
            "세대수":100,
            "입주년차":20,
            "용적률점수":"--",
            "건폐율점수":"--",
            "세대당주차수":60,
            "난방방식":30,
            "공급면적":"--",
            "전용률":"--",
            "욕실수":100,
            "현관타입":100,
            "주거총점":71.0,
            "지역구공급총점":0.0,
            "역세권":50,
            "30분내 이동가능 거점":20,
            "1시간내 이동가능 거점":10,
            "교통총점":33.0,
            "백화점":100,
            "아울렛몰":0,
            "대형마트":0,
            "은행":0,
            "병원":0,
            "종합병원":100,
            "공원":100,
            "혐오시설":0,
            "인프라총점":53.0,
            "초등학군":90.0,
            "중학군":49.56,
            "학군총점":57.648,
            "인구수":24.74,
            "인구증감":-11.39,
            "인구총점":13.901,
            "일자리":13.31,
            "소득수준":52.55,
            "일자리총점":25.082,
            "가치 총점":55.8944,
            "매매실거래년":20211224.0,
            "매매실거래가":69000.0,
            "전세실거래년":20210821.0,
            "전세실거래가":34000.0,
            "전세가율":72.57,
            "장기전세가율평균":70.88,
            "전세가율거품지수":-1.69,
            "검색코드":9447,
            "세대수":1500.0,
            "준공년월":"2003-07-31",
            "준공년차":20.0,
            "가까운역이름":"오룡",
            "가까운역거리":703.97,
            "역세권여부":"준역세권",
            "30분이내주요거점역":1,
            "30분거점역이름":"['대전']",
            "1시간이내주요거점역":1,
            "1시간거점역이름":"['대전']",
            "3km이내백화점수":1,
            "5km이내아울렛몰수":0,
            "1km이내대형먀트수":0,
            "500m이내은행수":0,
            "500m이내병원수":0,
            "5km이내대형병원수":7,
            "500m이내공원수":2,
            "3km이내혐오시설수":0,
            "초등학교학업성취도":90.0,
            "중학교학업성취도":82.2,
            "용적률":237,
            "건폐율":16,
            "Y":36.335005,
            "X":127.405467,
            "rank":9.0,
            "area_info":"32평(107.95), 32평(108.37), 32평(108.1), 43평(144.2), 43평(144.24), 50평(165.73), 60평(199.18)",
            "last_sales":"2021-12-24,69000.0,43평(144.2)",
            "rank_history":[
                [
                    "202202",
                    9
                ],
                [
                    "202201",
                    8
                ]
            ],
            "rank_gap":-1
        },
        {
            "index":292,
            "아파트명":"서대전역우방아이유쉘스카이팰리스",
            "투자타입":"일반",
            "전용면적(m2)":"115.09",
            "전용면적(평)":"34평",
            "법정동주소":"대전시 중구 오류동 73-1",
            "도로명주소":"대전시 중구 오류로 31",
            "세대수":0,
            "입주년차":80,
            "용적률점수":"--",
            "건폐율점수":"--",
            "세대당주차수":60,
            "난방방식":30,
            "공급면적":"--",
            "전용률":"--",
            "욕실수":100,
            "현관타입":100,
            "주거총점":48.0,
            "지역구공급총점":0.0,
            "역세권":50,
            "30분내 이동가능 거점":20,
            "1시간내 이동가능 거점":10,
            "교통총점":33.0,
            "백화점":100,
            "아울렛몰":0,
            "대형마트":100,
            "은행":20,
            "병원":0,
            "종합병원":100,
            "공원":80,
            "혐오시설":0,
            "인프라총점":69.4,
            "초등학군":90.05,
            "중학군":52.54,
            "학군총점":60.042,
            "인구수":24.74,
            "인구증감":-11.39,
            "인구총점":13.901,
            "일자리":13.31,
            "소득수준":52.55,
            "일자리총점":25.082,
            "가치 총점":55.7826,
            "매매실거래년":20211223.0,
            "매매실거래가":53000.0,
            "전세실거래년":20211228.0,
            "전세실거래가":40000.0,
            "전세가율":75.47,
            "장기전세가율평균":70.88,
            "전세가율거품지수":-4.59,
            "검색코드":113939,
            "세대수":298.0,
            "준공년월":"2018-07-02",
            "준공년차":5.0,
            "가까운역이름":"오룡",
            "가까운역거리":582.0,
            "역세권여부":"준역세권",
            "30분이내주요거점역":1,
            "30분거점역이름":"['대전']",
            "1시간이내주요거점역":1,
            "1시간거점역이름":"['대전']",
            "3km이내백화점수":1,
            "5km이내아울렛몰수":0,
            "1km이내대형먀트수":2,
            "500m이내은행수":2,
            "500m이내병원수":0,
            "5km이내대형병원수":6,
            "500m이내공원수":1,
            "3km이내혐오시설수":0,
            "초등학교학업성취도":90.05,
            "중학교학업성취도":86.3,
            "용적률":866,
            "건폐율":69,
            "Y":36.323484,
            "X":127.404242,
            "rank":10.0,
            "area_info":"34평(115.09), 35평(116.0), 66평(218.61)",
            "last_sales":"2021-12-23,53000.0,34평(115.09)",
            "rank_history":[
                [
                    "202202",
                    10
                ],
                [
                    "202201",
                    7
                ]
            ],
            "rank_gap":-3
        },
        {
            "index":153,
            "아파트명":"센트럴파크3단지",
            "투자타입":"일반",
            "전용면적(m2)":"113.57",
            "전용면적(평)":"34평",
            "법정동주소":"대전시 중구 문화동 1-3",
            "도로명주소":"대전시 중구 계백로1716번길 87",
            "세대수":80,
            "입주년차":40,
            "용적률점수":"--",
            "건폐율점수":"--",
            "세대당주차수":60,
            "난방방식":30,
            "공급면적":"--",
            "전용률":"--",
            "욕실수":100,
            "현관타입":100,
            "주거총점":68.0,
            "지역구공급총점":0.0,
            "역세권":80,
            "30분내 이동가능 거점":20,
            "1시간내 이동가능 거점":10,
            "교통총점":48.0,
            "백화점":0,
            "아울렛몰":0,
            "대형마트":100,
            "은행":100,
            "병원":0,
            "종합병원":100,
            "공원":0,
            "혐오시설":0,
            "인프라총점":45.0,
            "초등학군":90.02,
            "중학군":52.54,
            "학군총점":60.036,
            "인구수":24.74,
            "인구증감":-11.39,
            "인구총점":13.901,
            "일자리":13.31,
            "소득수준":52.55,
            "일자리총점":25.082,
            "가치 총점":55.7108,
            "매매실거래년":20220109.0,
            "매매실거래가":110000.0,
            "전세실거래년":20220122.0,
            "전세실거래가":37800.0,
            "전세가율":54.78,
            "장기전세가율평균":70.88,
            "전세가율거품지수":16.1,
            "검색코드":19063,
            "세대수":753.0,
            "준공년월":"2007-02-01",
            "준공년차":16.0,
            "가까운역이름":"서대전네거리",
            "가까운역거리":427.23,
            "역세권여부":"역세권",
            "30분이내주요거점역":1,
            "30분거점역이름":"['대전']",
            "1시간이내주요거점역":1,
            "1시간거점역이름":"['대전']",
            "3km이내백화점수":0,
            "5km이내아울렛몰수":0,
            "1km이내대형먀트수":2,
            "500m이내은행수":5,
            "500m이내병원수":0,
            "5km이내대형병원수":6,
            "500m이내공원수":0,
            "3km이내혐오시설수":0,
            "초등학교학업성취도":90.02,
            "중학교학업성취도":86.3,
            "용적률":240,
            "건폐율":15,
            "Y":36.318584,
            "X":127.412786,
            "rank":11.0,
            "area_info":"34평(113.57), 39평(129.63), 39평(131.75), 47평(158.25), 52평(173.11)",
            "last_sales":"2022-01-09,110000.0,52평(173.11)",
            "rank_history":[
                [
                    "202202",
                    11
                ],
                [
                    "202201",
                    17
                ]
            ],
            "rank_gap":6
        },
        {
            "index":384,
            "아파트명":"버드내마을1단지",
            "투자타입":"일반",
            "전용면적(m2)":"78.72",
            "전용면적(평)":"23평",
            "법정동주소":"대전시 중구 태평동 422-7",
            "도로명주소":"대전시 중구 태평로 15",
            "세대수":100,
            "입주년차":20,
            "용적률점수":"--",
            "건폐율점수":"--",
            "세대당주차수":60,
            "난방방식":80,
            "공급면적":"--",
            "전용률":"--",
            "욕실수":50,
            "현관타입":100,
            "주거총점":71.0,
            "지역구공급총점":0.0,
            "역세권":0,
            "30분내 이동가능 거점":0,
            "1시간내 이동가능 거점":10,
            "교통총점":2.0,
            "백화점":100,
            "아울렛몰":0,
            "대형마트":80,
            "은행":0,
            "병원":0,
            "종합병원":100,
            "공원":80,
            "혐오시설":0,
            "인프라총점":64.4,
            "초등학군":89.99,
            "중학군":53.16,
            "학군총점":60.526,
            "인구수":24.74,
            "인구증감":-11.39,
            "인구총점":13.901,
            "일자리":13.31,
            "소득수준":52.55,
            "일자리총점":25.082,
            "가치 총점":55.5278,
            "매매실거래년":20220114.0,
            "매매실거래가":32000.0,
            "전세실거래년":20220118.0,
            "전세실거래가":26000.0,
            "전세가율":81.25,
            "장기전세가율평균":70.88,
            "전세가율거품지수":-10.37,
            "검색코드":6407,
            "세대수":2892.0,
            "준공년월":"2000-11-06",
            "준공년차":23.0,
            "가까운역이름":"오룡",
            "가까운역거리":1873.88,
            "역세권여부":"비역세권",
            "30분이내주요거점역":0,
            "30분거점역이름":"[]",
            "1시간이내주요거점역":1,
            "1시간거점역이름":"['대전']",
            "3km이내백화점수":1,
            "5km이내아울렛몰수":0,
            "1km이내대형먀트수":1,
            "500m이내은행수":1,
            "500m이내병원수":0,
            "5km이내대형병원수":6,
            "500m이내공원수":1,
            "3km이내혐오시설수":0,
            "초등학교학업성취도":89.99,
            "중학교학업성취도":88.2,
            "용적률":251,
            "건폐율":17,
            "Y":36.318004,
            "X":127.388747,
            "rank":12.0,
            "area_info":"23평(78.72), 24평(80.16), 27평(91.99), 33평(109.31), 33평(112.09), 37평(125.57), 48평(160.44), 63평(208.68)",
            "last_sales":"2022-01-14,32000.0,23평(78.72)",
            "rank_history":[
                [
                    "202202",
                    12
                ],
                [
                    "202201",
                    5
                ]
            ],
            "rank_gap":-7
        },
        {
            "index":449,
            "아파트명":"파라곤",
            "투자타입":"일반",
            "전용면적(m2)":"97.71",
            "전용면적(평)":"29평",
            "법정동주소":"대전시 중구 태평동 389-5",
            "도로명주소":"대전시 중구 유등천동로 428",
            "세대수":90,
            "입주년차":40,
            "용적률점수":"--",
            "건폐율점수":"--",
            "세대당주차수":30,
            "난방방식":30,
            "공급면적":"--",
            "전용률":"--",
            "욕실수":100,
            "현관타입":100,
            "주거총점":67.0,
            "지역구공급총점":0.0,
            "역세권":0,
            "30분내 이동가능 거점":0,
            "1시간내 이동가능 거점":10,
            "교통총점":2.0,
            "백화점":100,
            "아울렛몰":0,
            "대형마트":100,
            "은행":0,
            "병원":0,
            "종합병원":100,
            "공원":80,
            "혐오시설":0,
            "인프라총점":67.4,
            "초등학군":90.02,
            "중학군":53.16,
            "학군총점":60.532,
            "인구수":24.74,
            "인구증감":-11.39,
            "인구총점":13.901,
            "일자리":13.31,
            "소득수준":52.55,
            "일자리총점":25.082,
            "가치 총점":55.4296,
            "매매실거래년":20211127.0,
            "매매실거래가":75000.0,
            "전세실거래년":20210703.0,
            "전세실거래가":22000.0,
            "전세가율":48.89,
            "장기전세가율평균":70.88,
            "전세가율거품지수":21.99,
            "검색코드":9948,
            "세대수":1040.0,
            "준공년월":"2005-05-31",
            "준공년차":18.0,
            "가까운역이름":"오룡",
            "가까운역거리":1739.19,
            "역세권여부":"비역세권",
            "30분이내주요거점역":0,
            "30분거점역이름":"[]",
            "1시간이내주요거점역":1,
            "1시간거점역이름":"['대전']",
            "3km이내백화점수":1,
            "5km이내아울렛몰수":0,
            "1km이내대형먀트수":2,
            "500m이내은행수":1,
            "500m이내병원수":0,
            "5km이내대형병원수":6,
            "500m이내공원수":1,
            "3km이내혐오시설수":0,
            "초등학교학업성취도":90.02,
            "중학교학업성취도":88.2,
            "용적률":245,
            "건폐율":14,
            "Y":36.320912,
            "X":127.388078,
            "rank":13.0,
            "area_info":"29평(97.71), 32평(108.48), 39평(132.1), 44평(147.5), 48평(161.46)",
            "last_sales":"2021-11-27,75000.0,48평(161.46)",
            "rank_history":[
                [
                    "202202",
                    13
                ],
                [
                    "202201",
                    9
                ]
            ],
            "rank_gap":-4
        },
        {
            "index":307,
            "아파트명":"드림스테이(도시형)",
            "투자타입":"일반",
            "전용면적(m2)":"31.53",
            "전용면적(평)":"9평",
            "법정동주소":"대전시 중구 용두동 12-1",
            "도로명주소":"대전시 중구 중앙로 23-17",
            "세대수":0,
            "입주년차":100,
            "용적률점수":"--",
            "건폐율점수":"--",
            "세대당주차수":0,
            "난방방식":30,
            "공급면적":"--",
            "전용률":"--",
            "욕실수":50,
            "현관타입":100,
            "주거총점":38.0,
            "지역구공급총점":0.0,
            "역세권":80,
            "30분내 이동가능 거점":20,
            "1시간내 이동가능 거점":10,
            "교통총점":48.0,
            "백화점":100,
            "아울렛몰":0,
            "대형마트":100,
            "은행":70,
            "병원":0,
            "종합병원":100,
            "공원":0,
            "혐오시설":0,
            "인프라총점":72.0,
            "초등학군":89.99,
            "중학군":47.98,
            "학군총점":56.382,
            "인구수":24.74,
            "인구증감":-11.39,
            "인구총점":13.901,
            "일자리":13.31,
            "소득수준":52.55,
            "일자리총점":25.082,
            "가치 총점":55.2146,
            "매매실거래년":"18000101",
            "매매실거래가":null,
            "전세실거래년":null,
            "전세실거래가":null,
            "전세가율":null,
            "장기전세가율평균":70.88,
            "전세가율거품지수":null,
            "검색코드":127105,
            "세대수":214.0,
            "준공년월":"2019-09-09",
            "준공년차":4.0,
            "가까운역이름":"서대전네거리",
            "가까운역거리":211.61,
            "역세권여부":"역세권",
            "30분이내주요거점역":1,
            "30분거점역이름":"['대전']",
            "1시간이내주요거점역":1,
            "1시간거점역이름":"['대전']",
            "3km이내백화점수":1,
            "5km이내아울렛몰수":0,
            "1km이내대형먀트수":2,
            "500m이내은행수":3,
            "500m이내병원수":0,
            "5km이내대형병원수":6,
            "500m이내공원수":0,
            "3km이내혐오시설수":0,
            "초등학교학업성취도":89.99,
            "중학교학업성취도":77.9,
            "용적률":599,
            "건폐율":63,
            "Y":36.323597,
            "X":127.414435,
            "rank":14.0,
            "area_info":"9평(31.53), 9평(31.22), 9평(31.22), 9평(32.38), 10평(33.14), 10평(34.04), 11평(38.89), 12평(41.05)",
            "last_sales":"1800-01-01,nan,9평(31.53)",
            "rank_history":[
                [
                    "202202",
                    14
                ],
                [
                    "202201",
                    18
                ]
            ],
            "rank_gap":4
        },
        {
            "index":57,
            "아파트명":"대전목동더샵",
            "투자타입":"일반",
            "전용면적(m2)":"56.18",
            "전용면적(평)":"16평",
            "법정동주소":"대전시 중구 목동 360",
            "도로명주소":"대전시 중구 목동로22번길 16",
            "세대수":50,
            "입주년차":60,
            "용적률점수":"--",
            "건폐율점수":"--",
            "세대당주차수":60,
            "난방방식":30,
            "공급면적":"--",
            "전용률":"--",
            "욕실수":50,
            "현관타입":50,
            "주거총점":51.5,
            "지역구공급총점":0.0,
            "역세권":50,
            "30분내 이동가능 거점":20,
            "1시간내 이동가능 거점":10,
            "교통총점":33.0,
            "백화점":100,
            "아울렛몰":0,
            "대형마트":80,
            "은행":0,
            "병원":0,
            "종합병원":100,
            "공원":100,
            "혐오시설":0,
            "인프라총점":65.0,
            "초등학군":89.99,
            "중학군":51.32,
            "학군총점":59.054,
            "인구수":24.74,
            "인구증감":-11.39,
            "인구총점":13.901,
            "일자리":13.31,
            "소득수준":52.55,
            "일자리총점":25.082,
            "가치 총점":55.0412,
            "매매실거래년":20210910.0,
            "매매실거래가":80000.0,
            "전세실거래년":20210812.0,
            "전세실거래가":13000.0,
            "전세가율":68.42,
            "장기전세가율평균":70.88,
            "전세가율거품지수":2.46,
            "검색코드":26249,
            "세대수":693.0,
            "준공년월":"2010-06-25",
            "준공년차":13.0,
            "가까운역이름":"오룡",
            "가까운역거리":734.92,
            "역세권여부":"준역세권",
            "30분이내주요거점역":1,
            "30분거점역이름":"['대전']",
            "1시간이내주요거점역":1,
            "1시간거점역이름":"['대전']",
            "3km이내백화점수":1,
            "5km이내아울렛몰수":0,
            "1km이내대형먀트수":1,
            "500m이내은행수":1,
            "500m이내병원수":0,
            "5km이내대형병원수":7,
            "500m이내공원수":2,
            "3km이내혐오시설수":0,
            "초등학교학업성취도":89.99,
            "중학교학업성취도":83.4,
            "용적률":249,
            "건폐율":23,
            "Y":36.333632,
            "X":127.410368,
            "rank":15.0,
            "area_info":"16평(56.18), 27평(89.68), 33평(110.25), 33평(110.64), 33평(111.52), 34평(115.18), 39평(129.59), 44평(147.56)",
            "last_sales":"2021-09-10,80000.0,44평(147.56)",
            "rank_history":[
                [
                    "202202",
                    15
                ],
                [
                    "202201",
                    12
                ]
            ],
            "rank_gap":-3
        },
        {
            "index":295,
            "아파트명":"서대전역코아루써밋",
            "투자타입":"일반",
            "전용면적(m2)":"81.52",
            "전용면적(평)":"24평",
            "법정동주소":"대전시 중구 오류동 170-5",
            "도로명주소":"대전시 중구 오류로 13-10",
            "세대수":0,
            "입주년차":100,
            "용적률점수":"--",
            "건폐율점수":"--",
            "세대당주차수":30,
            "난방방식":30,
            "공급면적":"--",
            "전용률":"--",
            "욕실수":100,
            "현관타입":100,
            "주거총점":47.5,
            "지역구공급총점":0.0,
            "역세권":50,
            "30분내 이동가능 거점":20,
            "1시간내 이동가능 거점":10,
            "교통총점":33.0,
            "백화점":100,
            "아울렛몰":0,
            "대형마트":100,
            "은행":20,
            "병원":0,
            "종합병원":100,
            "공원":0,
            "혐오시설":0,
            "인프라총점":67.0,
            "초등학군":90.05,
            "중학군":52.54,
            "학군총점":60.042,
            "인구수":24.74,
            "인구증감":-11.39,
            "인구총점":13.901,
            "일자리":13.31,
            "소득수준":52.55,
            "일자리총점":25.082,
            "가치 총점":54.9376,
            "매매실거래년":20210519.0,
            "매매실거래가":31913.0,
            "전세실거래년":null,
            "전세실거래가":null,
            "전세가율":null,
            "장기전세가율평균":70.88,
            "전세가율거품지수":null,
            "검색코드":120248,
            "세대수":154.0,
            "준공년월":"2021-04-28",
            "준공년차":2.0,
            "가까운역이름":"서대전네거리",
            "가까운역거리":722.92,
            "역세권여부":"준역세권",
            "30분이내주요거점역":1,
            "30분거점역이름":"['대전']",
            "1시간이내주요거점역":1,
            "1시간거점역이름":"['대전']",
            "3km이내백화점수":1,
            "5km이내아울렛몰수":0,
            "1km이내대형먀트수":2,
            "500m이내은행수":2,
            "500m이내병원수":0,
            "5km이내대형병원수":6,
            "500m이내공원수":0,
            "3km이내혐오시설수":0,
            "초등학교학업성취도":90.05,
            "중학교학업성취도":86.3,
            "용적률":775,
            "건폐율":79,
            "Y":36.321724,
            "X":127.404554,
            "rank":16.0,
            "area_info":"24평(81.52), 24평(82.46), 26평(86.43), 26평(87.8), 26평(87.44)",
            "last_sales":"2021-05-19,31913.0,26평(87.8)",
            "rank_history":[
                [
                    "202202",
                    16
                ],
                [
                    "202201",
                    10
                ]
            ],
            "rank_gap":-6
        },
        {
            "index":78,
            "아파트명":"올리브힐",
            "투자타입":"일반",
            "전용면적(m2)":"80.33",
            "전용면적(평)":"24평",
            "법정동주소":"대전시 중구 목동 362",
            "도로명주소":"대전시 중구 목동로 70",
            "세대수":80,
            "입주년차":60,
            "용적률점수":"--",
            "건폐율점수":"--",
            "세대당주차수":30,
            "난방방식":30,
            "공급면적":"--",
            "전용률":"--",
            "욕실수":100,
            "현관타입":100,
            "주거총점":67.5,
            "지역구공급총점":0.0,
            "역세권":50,
            "30분내 이동가능 거점":20,
            "1시간내 이동가능 거점":10,
            "교통총점":33.0,
            "백화점":100,
            "아울렛몰":0,
            "대형마트":0,
            "은행":0,
            "병원":0,
            "종합병원":100,
            "공원":80,
            "혐오시설":0,
            "인프라총점":52.4,
            "초등학군":90.0,
            "중학군":49.56,
            "학군총점":57.648,
            "인구수":24.74,
            "인구증감":-11.39,
            "인구총점":13.901,
            "일자리":13.31,
            "소득수준":52.55,
            "일자리총점":25.082,
            "가치 총점":54.8394,
            "매매실거래년":20220117.0,
            "매매실거래가":50000.0,
            "전세실거래년":20211025.0,
            "전세실거래가":32000.0,
            "전세가율":81.01,
            "장기전세가율평균":70.88,
            "전세가율거품지수":-10.13,
            "검색코드":102128,
            "세대수":804.0,
            "준공년월":"2011-07-29",
            "준공년차":12.0,
            "가까운역이름":"오룡",
            "가까운역거리":981.73,
            "역세권여부":"준역세권",
            "30분이내주요거점역":1,
            "30분거점역이름":"['대전']",
            "1시간이내주요거점역":1,
            "1시간거점역이름":"['대전']",
            "3km이내백화점수":1,
            "5km이내아울렛몰수":0,
            "1km이내대형먀트수":0,
            "500m이내은행수":0,
            "500m이내병원수":0,
            "5km이내대형병원수":7,
            "500m이내공원수":1,
            "3km이내혐오시설수":0,
            "초등학교학업성취도":90.0,
            "중학교학업성취도":82.2,
            "용적률":217,
            "건폐율":19,
            "Y":36.337391,
            "X":127.406775,
            "rank":17.0,
            "area_info":"24평(80.33), 31평(102.96), 31평(102.96), 34평(113.22), 34평(113.29), 34평(113.27), 34평(113.27), 34평(113.22), 42평(140.83), 42평(140.83)",
            "last_sales":"2022-01-17,50000.0,34평(113.22)",
            "rank_history":[
                [
                    "202202",
                    17
                ],
                [
                    "202201",
                    11
                ]
            ],
            "rank_gap":-6
        },
        {
            "index":44,
            "아파트명":"금호한사랑",
            "투자타입":"일반",
            "전용면적(m2)":"53.37",
            "전용면적(평)":"16평",
            "법정동주소":"대전시 중구 목동 111-12",
            "도로명주소":"대전시 중구 동서대로 1388",
            "세대수":90,
            "입주년차":20,
            "용적률점수":"--",
            "건폐율점수":"--",
            "세대당주차수":30,
            "난방방식":30,
            "공급면적":"--",
            "전용률":"--",
            "욕실수":50,
            "현관타입":10,
            "주거총점":49.0,
            "지역구공급총점":0.0,
            "역세권":50,
            "30분내 이동가능 거점":20,
            "1시간내 이동가능 거점":10,
            "교통총점":33.0,
            "백화점":100,
            "아울렛몰":0,
            "대형마트":80,
            "은행":0,
            "병원":0,
            "종합병원":100,
            "공원":100,
            "혐오시설":0,
            "인프라총점":65.0,
            "초등학군":90.0,
            "중학군":51.32,
            "학군총점":59.056,
            "인구수":24.74,
            "인구증감":-11.39,
            "인구총점":13.901,
            "일자리":13.31,
            "소득수준":52.55,
            "일자리총점":25.082,
            "가치 총점":54.4168,
            "매매실거래년":20210730.0,
            "매매실거래가":57500.0,
            "전세실거래년":20211009.0,
            "전세실거래가":15000.0,
            "전세가율":107.91,
            "장기전세가율평균":70.88,
            "전세가율거품지수":-37.03,
            "검색코드":9387,
            "세대수":975.0,
            "준공년월":"2001-02-21",
            "준공년차":22.0,
            "가까운역이름":"오룡",
            "가까운역거리":793.29,
            "역세권여부":"준역세권",
            "30분이내주요거점역":1,
            "30분거점역이름":"['대전']",
            "1시간이내주요거점역":1,
            "1시간거점역이름":"['대전']",
            "3km이내백화점수":1,
            "5km이내아울렛몰수":0,
            "1km이내대형먀트수":1,
            "500m이내은행수":1,
            "500m이내병원수":0,
            "5km이내대형병원수":7,
            "500m이내공원수":3,
            "3km이내혐오시설수":0,
            "초등학교학업성취도":90.0,
            "중학교학업성취도":83.4,
            "용적률":262,
            "건폐율":30,
            "Y":36.331624,
            "X":127.412993,
            "rank":18.0,
            "area_info":"16평(53.37), 19평(64.58), 21평(70.55), 24평(81.1), 24평(82.54), 30평(99.34), 29평(99.17), 34평(113.77), 44평(147.66), 49평(163.25), 56평(187.21), 58평(192.9), 75평(248.34)",
            "last_sales":"2021-07-30,57500.0,75평(248.34)",
            "rank_history":[
                [
                    "202202",
                    18
                ],
                [
                    "202201",
                    19
                ]
            ],
            "rank_gap":1
        },
        {
            "index":169,
            "아파트명":"한신휴플러스보르미",
            "투자타입":"일반",
            "전용면적(m2)":"109.89",
            "전용면적(평)":"33평",
            "법정동주소":"대전시 중구 문화동 311-3",
            "도로명주소":"대전시 중구 계백로1686번길 16",
            "세대수":0,
            "입주년차":40,
            "용적률점수":"--",
            "건폐율점수":"--",
            "세대당주차수":30,
            "난방방식":30,
            "공급면적":"--",
            "전용률":"--",
            "욕실수":100,
            "현관타입":100,
            "주거총점":35.5,
            "지역구공급총점":0.0,
            "역세권":50,
            "30분내 이동가능 거점":20,
            "1시간내 이동가능 거점":10,
            "교통총점":33.0,
            "백화점":100,
            "아울렛몰":0,
            "대형마트":100,
            "은행":70,
            "병원":0,
            "종합병원":100,
            "공원":80,
            "혐오시설":0,
            "인프라총점":74.4,
            "초등학군":90.02,
            "중학군":52.54,
            "학군총점":60.036,
            "인구수":24.74,
            "인구증감":-11.39,
            "인구총점":13.901,
            "일자리":13.31,
            "소득수준":52.55,
            "일자리총점":25.082,
            "가치 총점":54.1558,
            "매매실거래년":20180513.0,
            "매매실거래가":53750.0,
            "전세실거래년":null,
            "전세실거래가":null,
            "전세가율":null,
            "장기전세가율평균":70.88,
            "전세가율거품지수":null,
            "검색코드":19067,
            "세대수":209.0,
            "준공년월":"2006-09-29",
            "준공년차":17.0,
            "가까운역이름":"서대전네거리",
            "가까운역거리":607.36,
            "역세권여부":"준역세권",
            "30분이내주요거점역":1,
            "30분거점역이름":"['대전']",
            "1시간이내주요거점역":1,
            "1시간거점역이름":"['대전']",
            "3km이내백화점수":1,
            "5km이내아울렛몰수":0,
            "1km이내대형먀트수":2,
            "500m이내은행수":3,
            "500m이내병원수":0,
            "5km이내대형병원수":6,
            "500m이내공원수":1,
            "3km이내혐오시설수":0,
            "초등학교학업성취도":90.02,
            "중학교학업성취도":86.3,
            "용적률":249,
            "건폐율":22,
            "Y":36.320067,
            "X":127.40646,
            "rank":19.0,
            "area_info":"33평(109.89), 33평(109.91), 33평(110.83), 50평(167.0)",
            "last_sales":"2018-05-13,53750.0,50평(167.0)",
            "rank_history":[
                [
                    "202202",
                    19
                ],
                [
                    "202201",
                    16
                ]
            ],
            "rank_gap":-3
        },
        {
            "index":279,
            "아파트명":"삼성",
            "투자타입":"재건축",
            "전용면적(m2)":"73.7",
            "전용면적(평)":"22평",
            "법정동주소":"대전시 중구 오류동 175-1",
            "도로명주소":"대전시 중구 계룡로 852",
            "세대수":100,
            "입주년차":"--",
            "용적률점수":0,
            "건폐율점수":0,
            "세대당주차수":"--",
            "난방방식":"--",
            "공급면적":50,
            "전용률":60,
            "욕실수":"--",
            "현관타입":"--",
            "주거총점":35.5,
            "지역구공급총점":0.0,
            "역세권":50,
            "30분내 이동가능 거점":20,
            "1시간내 이동가능 거점":10,
            "교통총점":33.0,
            "백화점":100,
            "아울렛몰":0,
            "대형마트":100,
            "은행":100,
            "병원":0,
            "종합병원":100,
            "공원":80,
            "혐오시설":0,
            "인프라총점":77.4,
            "초등학군":90.05,
            "중학군":47.98,
            "학군총점":56.394,
            "인구수":24.74,
            "인구증감":-11.39,
            "인구총점":13.901,
            "일자리":13.31,
            "소득수준":52.55,
            "일자리총점":25.082,
            "가치 총점":53.9632,
            "매매실거래년":20211204.0,
            "매매실거래가":57000.0,
            "전세실거래년":20211209.0,
            "전세실거래가":16000.0,
            "전세가율":41.03,
            "장기전세가율평균":70.88,
            "전세가율거품지수":29.85,
            "검색코드":6204,
            "세대수":2526.0,
            "준공년월":"1986-12-10",
            "준공년차":37.0,
            "가까운역이름":"서대전네거리",
            "가까운역거리":512.17,
            "역세권여부":"준역세권",
            "30분이내주요거점역":1,
            "30분거점역이름":"['대전']",
            "1시간이내주요거점역":1,
            "1시간거점역이름":"['대전']",
            "3km이내백화점수":1,
            "5km이내아울렛몰수":0,
            "1km이내대형먀트수":2,
            "500m이내은행수":5,
            "500m이내병원수":0,
            "5km이내대형병원수":6,
            "500m이내공원수":1,
            "3km이내혐오시설수":0,
            "초등학교학업성취도":90.05,
            "중학교학업성취도":77.9,
            "용적률":0,
            "건폐율":0,
            "Y":36.324254,
            "X":127.407331,
            "rank":20.0,
            "area_info":"22평(73.7), 27평(91.07), 27평(91.07), 31평(102.9), 31평(103.72), 31평(103.88), 31평(103.9), 31평(104.09), 38평(127.87), 39평(129.48), 45평(149.69), 47평(158.57), 60평(201.12)",
            "last_sales":"2021-12-04,57000.0,31평(103.72)",
            "rank_history":[
                [
                    "202202",
                    20
                ],
                [
                    "202201",
                    14
                ]
            ],
            "rank_gap":-6
        },
        {
            "index":454,
            "아파트명":"푸른뫼",
            "투자타입":"일반",
            "전용면적(m2)":"110.04",
            "전용면적(평)":"33평",
            "법정동주소":"대전시 중구 태평동 254-4",
            "도로명주소":"대전시 중구 수침로 122",
            "세대수":50,
            "입주년차":20,
            "용적률점수":"--",
            "건폐율점수":"--",
            "세대당주차수":30,
            "난방방식":30,
            "공급면적":"--",
            "전용률":"--",
            "욕실수":100,
            "현관타입":100,
            "주거총점":49.0,
            "지역구공급총점":0.0,
            "역세권":50,
            "30분내 이동가능 거점":20,
            "1시간내 이동가능 거점":10,
            "교통총점":33.0,
            "백화점":100,
            "아울렛몰":0,
            "대형마트":80,
            "은행":0,
            "병원":0,
            "종합병원":100,
            "공원":80,
            "혐오시설":0,
            "인프라총점":64.4,
            "초등학군":89.98,
            "중학군":45.56,
            "학군총점":54.444,
            "인구수":24.74,
            "인구증감":-11.39,
            "인구총점":13.901,
            "일자리":13.31,
            "소득수준":52.55,
            "일자리총점":25.082,
            "가치 총점":52.8532,
            "매매실거래년":20211125.0,
            "매매실거래가":48000.0,
            "전세실거래년":20220110.0,
            "전세실거래가":30000.0,
            "전세가율":85.71,
            "장기전세가율평균":70.88,
            "전세가율거품지수":-14.83,
            "검색코드":6380,
            "세대수":444.0,
            "준공년월":"1999-09-14",
            "준공년차":24.0,
            "가까운역이름":"오룡",
            "가까운역거리":505.81,
            "역세권여부":"준역세권",
            "30분이내주요거점역":1,
            "30분거점역이름":"['대전']",
            "1시간이내주요거점역":1,
            "1시간거점역이름":"['대전']",
            "3km이내백화점수":1,
            "5km이내아울렛몰수":0,
            "1km이내대형먀트수":1,
            "500m이내은행수":0,
            "500m이내병원수":0,
            "5km이내대형병원수":6,
            "500m이내공원수":1,
            "3km이내혐오시설수":0,
            "초등학교학업성취도":89.98,
            "중학교학업성취도":75.8,
            "용적률":233,
            "건폐율":15,
            "Y":36.329838,
            "X":127.399458,
            "rank":21.0,
            "area_info":"33평(110.04), 33평(110.04), 49평(164.91), 49평(164.81)",
            "last_sales":"2021-11-25,48000.0,49평(164.91)",
            "rank_history":[
                [
                    "202202",
                    21
                ],
                [
                    "202201",
                    22
                ]
            ],
            "rank_gap":1
        },
        {
            "index":147,
            "아파트명":"센트럴파크2단지",
            "투자타입":"일반",
            "전용면적(m2)":"113.46",
            "전용면적(평)":"34평",
            "법정동주소":"대전시 중구 문화동 1-253",
            "도로명주소":"대전시 중구 서문로 96",
            "세대수":90,
            "입주년차":40,
            "용적률점수":"--",
            "건폐율점수":"--",
            "세대당주차수":60,
            "난방방식":30,
            "공급면적":"--",
            "전용률":"--",
            "욕실수":100,
            "현관타입":100,
            "주거총점":71.5,
            "지역구공급총점":0.0,
            "역세권":50,
            "30분내 이동가능 거점":20,
            "1시간내 이동가능 거점":10,
            "교통총점":33.0,
            "백화점":0,
            "아울렛몰":0,
            "대형마트":100,
            "은행":20,
            "병원":0,
            "종합병원":100,
            "공원":0,
            "혐오시설":0,
            "인프라총점":37.0,
            "초등학군":90.02,
            "중학군":52.54,
            "학군총점":60.036,
            "인구수":24.74,
            "인구증감":-11.39,
            "인구총점":13.901,
            "일자리":13.31,
            "소득수준":52.55,
            "일자리총점":25.082,
            "가치 총점":51.9358,
            "매매실거래년":20220109.0,
            "매매실거래가":103000.0,
            "전세실거래년":20211218.0,
            "전세실거래가":34650.0,
            "전세가율":53.31,
            "장기전세가율평균":70.88,
            "전세가율거품지수":17.57,
            "검색코드":19062,
            "세대수":1089.0,
            "준공년월":"2007-02-01",
            "준공년차":16.0,
            "가까운역이름":"서대전네거리",
            "가까운역거리":578.53,
            "역세권여부":"준역세권",
            "30분이내주요거점역":1,
            "30분거점역이름":"['대전']",
            "1시간이내주요거점역":1,
            "1시간거점역이름":"['대전']",
            "3km이내백화점수":0,
            "5km이내아울렛몰수":0,
            "1km이내대형먀트수":2,
            "500m이내은행수":2,
            "500m이내병원수":0,
            "5km이내대형병원수":6,
            "500m이내공원수":0,
            "3km이내혐오시설수":0,
            "초등학교학업성취도":90.02,
            "중학교학업성취도":86.3,
            "용적률":241,
            "건폐율":13,
            "Y":36.317554,
            "X":127.410299,
            "rank":22.0,
            "area_info":"34평(113.46), 34평(113.53), 39평(131.66), 47평(156.49), 47평(157.69), 52평(173.44)",
            "last_sales":"2022-01-09,103000.0,47평(157.69)",
            "rank_history":[
                [
                    "202202",
                    22
                ],
                [
                    "202201",
                    20
                ]
            ],
            "rank_gap":-2
        },
        {
            "index":305,
            "아파트명":"늘푸른",
            "투자타입":"일반",
            "전용면적(m2)":"77.77",
            "전용면적(평)":"23평",
            "법정동주소":"대전시 중구 용두동 99-4",
            "도로명주소":"대전시 중구 동서대로 1347",
            "세대수":0,
            "입주년차":0,
            "용적률점수":"--",
            "건폐율점수":"--",
            "세대당주차수":60,
            "난방방식":30,
            "공급면적":"--",
            "전용률":"--",
            "욕실수":50,
            "현관타입":100,
            "주거총점":27.0,
            "지역구공급총점":0.0,
            "역세권":80,
            "30분내 이동가능 거점":20,
            "1시간내 이동가능 거점":10,
            "교통총점":48.0,
            "백화점":100,
            "아울렛몰":0,
            "대형마트":80,
            "은행":20,
            "병원":0,
            "종합병원":100,
            "공원":80,
            "혐오시설":0,
            "인프라총점":66.4,
            "초등학군":89.99,
            "중학군":49.56,
            "학군총점":57.646,
            "인구수":24.74,
            "인구증감":-11.39,
            "인구총점":13.901,
            "일자리":13.31,
            "소득수준":52.55,
            "일자리총점":25.082,
            "가치 총점":51.1638,
            "매매실거래년":20211221.0,
            "매매실거래가":24900.0,
            "전세실거래년":20211207.0,
            "전세실거래가":13125.0,
            "전세가율":52.71,
            "장기전세가율평균":70.88,
            "전세가율거품지수":18.17,
            "검색코드":6335,
            "세대수":260.0,
            "준공년월":"1997-10-29",
            "준공년차":26.0,
            "가까운역이름":"오룡",
            "가까운역거리":296.47,
            "역세권여부":"역세권",
            "30분이내주요거점역":1,
            "30분거점역이름":"['대전']",
            "1시간이내주요거점역":1,
            "1시간거점역이름":"['대전']",
            "3km이내백화점수":1,
            "5km이내아울렛몰수":0,
            "1km이내대형먀트수":1,
            "500m이내은행수":2,
            "500m이내병원수":0,
            "5km이내대형병원수":7,
            "500m이내공원수":1,
            "3km이내혐오시설수":0,
            "초등학교학업성취도":89.99,
            "중학교학업성취도":82.2,
            "용적률":209,
            "건폐율":22,
            "Y":36.33049,
            "X":127.407362,
            "rank":23.0,
            "area_info":"23평(77.77), 31평(104.27)",
            "last_sales":"2021-12-21,24900.0,23평(77.77)",
            "rank_history":[
                [
                    "202202",
                    23
                ],
                [
                    "202201",
                    28
                ]
            ],
            "rank_gap":5
        },
        {
            "index":241,
            "아파트명":"선화센트럴뷰",
            "투자타입":"일반",
            "전용면적(m2)":"85.57",
            "전용면적(평)":"25평",
            "법정동주소":"대전시 중구 선화동 877",
            "도로명주소":"대전시 중구 중앙로 45",
            "세대수":50,
            "입주년차":60,
            "용적률점수":"--",
            "건폐율점수":"--",
            "세대당주차수":30,
            "난방방식":30,
            "공급면적":"--",
            "전용률":"--",
            "욕실수":100,
            "현관타입":100,
            "주거총점":57.0,
            "지역구공급총점":0.0,
            "역세권":80,
            "30분내 이동가능 거점":20,
            "1시간내 이동가능 거점":10,
            "교통총점":48.0,
            "백화점":0,
            "아울렛몰":0,
            "대형마트":100,
            "은행":70,
            "병원":0,
            "종합병원":100,
            "공원":0,
            "혐오시설":0,
            "인프라총점":42.0,
            "초등학군":89.99,
            "중학군":47.98,
            "학군총점":56.382,
            "인구수":24.74,
            "인구증감":-11.39,
            "인구총점":13.901,
            "일자리":13.31,
            "소득수준":52.55,
            "일자리총점":25.082,
            "가치 총점":50.9646,
            "매매실거래년":20211207.0,
            "매매실거래가":73700.0,
            "전세실거래년":20210203.0,
            "전세실거래가":26250.0,
            "전세가율":58.33,
            "장기전세가율평균":70.88,
            "전세가율거품지수":12.55,
            "검색코드":102144,
            "세대수":662.0,
            "준공년월":"2012-04-17",
            "준공년차":11.0,
            "가까운역이름":"서대전네거리",
            "가까운역거리":406.26,
            "역세권여부":"역세권",
            "30분이내주요거점역":1,
            "30분거점역이름":"['대전']",
            "1시간이내주요거점역":1,
            "1시간거점역이름":"['대전']",
            "3km이내백화점수":0,
            "5km이내아울렛몰수":0,
            "1km이내대형먀트수":2,
            "500m이내은행수":3,
            "500m이내병원수":0,
            "5km이내대형병원수":6,
            "500m이내공원수":0,
            "3km이내혐오시설수":0,
            "초등학교학업성취도":89.99,
            "중학교학업성취도":77.9,
            "용적률":247,
            "건폐율":19,
            "Y":36.32384,
            "X":127.416756,
            "rank":24.0,
            "area_info":"25평(85.57), 26평(86.05), 34평(115.7), 34평(115.7), 34평(115.63), 35평(116.0), 35평(116.87), 47평(156.63), 48평(160.38)",
            "last_sales":"2021-12-07,73700.0,47평(156.63)",
            "rank_history":[
                [
                    "202202",
                    24
                ],
                [
                    "202201",
                    25
                ]
            ],
            "rank_gap":1
        },
        {
            "index":18,
            "아파트명":"대전센트럴자이1단지",
            "투자타입":"일반",
            "전용면적(m2)":"112.4",
            "전용면적(평)":"34평",
            "법정동주소":"대전시 중구 대흥동 912",
            "도로명주소":"대전시 중구 충무로107번길 100",
            "세대수":80,
            "입주년차":60,
            "용적률점수":"--",
            "건폐율점수":"--",
            "세대당주차수":60,
            "난방방식":30,
            "공급면적":"--",
            "전용률":"--",
            "욕실수":100,
            "현관타입":100,
            "주거총점":72.0,
            "지역구공급총점":0.0,
            "역세권":50,
            "30분내 이동가능 거점":20,
            "1시간내 이동가능 거점":10,
            "교통총점":33.0,
            "백화점":0,
            "아울렛몰":0,
            "대형마트":80,
            "은행":0,
            "병원":0,
            "종합병원":100,
            "공원":100,
            "혐오시설":0,
            "인프라총점":35.0,
            "초등학군":89.97,
            "중학군":49.84,
            "학군총점":57.866,
            "인구수":24.74,
            "인구증감":-11.39,
            "인구총점":13.901,
            "일자리":13.31,
            "소득수준":52.55,
            "일자리총점":25.082,
            "가치 총점":50.8098,
            "매매실거래년":20220105.0,
            "매매실거래가":54000.0,
            "전세실거래년":20220105.0,
            "전세실거래가":38000.0,
            "전세가율":70.37,
            "장기전세가율평균":70.88,
            "전세가율거품지수":0.51,
            "검색코드":103255,
            "세대수":874.0,
            "준공년월":"2013-09-24",
            "준공년차":10.0,
            "가까운역이름":"중앙로",
            "가까운역거리":732.75,
            "역세권여부":"준역세권",
            "30분이내주요거점역":1,
            "30분거점역이름":"['대전']",
            "1시간이내주요거점역":1,
            "1시간거점역이름":"['대전']",
            "3km이내백화점수":0,
            "5km이내아울렛몰수":0,
            "1km이내대형먀트수":1,
            "500m이내은행수":0,
            "500m이내병원수":0,
            "5km이내대형병원수":4,
            "500m이내공원수":2,
            "3km이내혐오시설수":0,
            "초등학교학업성취도":89.97,
            "중학교학업성취도":82.4,
            "용적률":249,
            "건폐율":22,
            "Y":36.322262,
            "X":127.42776,
            "rank":25.0,
            "area_info":"34평(112.4), 34평(112.74), 34평(112.74), 34평(113.38), 34평(113.42), 44평(146.57), 45평(150.32), 53평(176.09)",
            "last_sales":"2022-01-05,54000.0,34평(112.4)",
            "rank_history":[
                [
                    "202202",
                    25
                ],
                [
                    "202201",
                    23
                ]
            ],
            "rank_gap":-2
        },
        {
            "index":273,
            "아파트명":"리쥬파크(도시형)",
            "투자타입":"일반",
            "전용면적(m2)":"34.33",
            "전용면적(평)":"10평",
            "법정동주소":"대전시 중구 오류동 189-12",
            "도로명주소":"대전시 중구 오류로 92",
            "세대수":0,
            "입주년차":60,
            "용적률점수":"--",
            "건폐율점수":"--",
            "세대당주차수":0,
            "난방방식":30,
            "공급면적":"--",
            "전용률":"--",
            "욕실수":50,
            "현관타입":50,
            "주거총점":25.0,
            "지역구공급총점":0.0,
            "역세권":80,
            "30분내 이동가능 거점":20,
            "1시간내 이동가능 거점":10,
            "교통총점":48.0,
            "백화점":100,
            "아울렛몰":0,
            "대형마트":80,
            "은행":20,
            "병원":0,
            "종합병원":100,
            "공원":100,
            "혐오시설":0,
            "인프라총점":67.0,
            "초등학군":90.05,
            "중학군":45.56,
            "학군총점":54.458,
            "인구수":24.74,
            "인구증감":-11.39,
            "인구총점":13.901,
            "일자리":13.31,
            "소득수준":52.55,
            "일자리총점":25.082,
            "가치 총점":49.8874,
            "매매실거래년":20211106.0,
            "매매실거래가":5100.0,
            "전세실거래년":20210323.0,
            "전세실거래가":4500.0,
            "전세가율":88.24,
            "장기전세가율평균":70.88,
            "전세가율거품지수":-17.36,
            "검색코드":105459,
            "세대수":149.0,
            "준공년월":"2011-11-29",
            "준공년차":12.0,
            "가까운역이름":"오룡",
            "가까운역거리":187.27,
            "역세권여부":"역세권",
            "30분이내주요거점역":1,
            "30분거점역이름":"['대전']",
            "1시간이내주요거점역":1,
            "1시간거점역이름":"['대전']",
            "3km이내백화점수":1,
            "5km이내아울렛몰수":0,
            "1km이내대형먀트수":1,
            "500m이내은행수":2,
            "500m이내병원수":0,
            "5km이내대형병원수":7,
            "500m이내공원수":2,
            "3km이내혐오시설수":0,
            "초등학교학업성취도":90.05,
            "중학교학업성취도":75.8,
            "용적률":246,
            "건폐율":30,
            "Y":36.328674,
            "X":127.402831,
            "rank":26.0,
            "area_info":"10평(34.33), 10평(34.67), 10평(35.42), 10평(35.75), 11평(36.61), 23평(78.28)",
            "last_sales":"2021-11-06,5100.0,10평(34.33)",
            "rank_history":[
                [
                    "202202",
                    26
                ],
                [
                    "202201",
                    33
                ]
            ],
            "rank_gap":7
        },
        {
            "index":129,
            "아파트명":"문화하우스토리2차",
            "투자타입":"일반",
            "전용면적(m2)":"139.32",
            "전용면적(평)":"42평",
            "법정동주소":"대전시 중구 문화동 1-31",
            "도로명주소":"대전시 중구 계룡로 922",
            "세대수":0,
            "입주년차":60,
            "용적률점수":"--",
            "건폐율점수":"--",
            "세대당주차수":80,
            "난방방식":30,
            "공급면적":"--",
            "전용률":"--",
            "욕실수":100,
            "현관타입":100,
            "주거총점":47.0,
            "지역구공급총점":0.0,
            "역세권":80,
            "30분내 이동가능 거점":20,
            "1시간내 이동가능 거점":10,
            "교통총점":48.0,
            "백화점":0,
            "아울렛몰":0,
            "대형마트":100,
            "은행":70,
            "병원":0,
            "종합병원":100,
            "공원":0,
            "혐오시설":0,
            "인프라총점":42.0,
            "초등학군":90.02,
            "중학군":52.54,
            "학군총점":60.036,
            "인구수":24.74,
            "인구증감":-11.39,
            "인구총점":13.901,
            "일자리":13.31,
            "소득수준":52.55,
            "일자리총점":25.082,
            "가치 총점":49.5608,
            "매매실거래년":20220106.0,
            "매매실거래가":67500.0,
            "전세실거래년":20180519.0,
            "전세실거래가":28000.0,
            "전세가율":50.91,
            "장기전세가율평균":70.88,
            "전세가율거품지수":19.97,
            "검색코드":103521,
            "세대수":243.0,
            "준공년월":"2010-10-22",
            "준공년차":13.0,
            "가까운역이름":"서대전네거리",
            "가까운역거리":324.89,
            "역세권여부":"역세권",
            "30분이내주요거점역":1,
            "30분거점역이름":"['대전']",
            "1시간이내주요거점역":1,
            "1시간거점역이름":"['대전']",
            "3km이내백화점수":0,
            "5km이내아울렛몰수":0,
            "1km이내대형먀트수":2,
            "500m이내은행수":4,
            "500m이내병원수":0,
            "5km이내대형병원수":6,
            "500m이내공원수":0,
            "3km이내혐오시설수":0,
            "초등학교학업성취도":90.02,
            "중학교학업성취도":86.3,
            "용적률":797,
            "건폐율":58,
            "Y":36.320017,
            "X":127.414635,
            "rank":27.0,
            "area_info":"42평(139.32), 56평(188.02), 56평(188.02), 57평(189.88), 65평(215.07), 65평(215.07), 83평(277.05), 87평(288.69), 94평(312.62), 100평(332.37)",
            "last_sales":"2022-01-06,67500.0,57평(189.88)",
            "rank_history":[
                [
                    "202202",
                    27
                ],
                [
                    "202201",
                    34
                ]
            ],
            "rank_gap":7
        },
        {
            "index":72,
            "아파트명":"엠스타목동타운(도시형)",
            "투자타입":"일반",
            "전용면적(m2)":"79.59",
            "전용면적(평)":"24평",
            "법정동주소":"대전시 중구 목동 363",
            "도로명주소":"대전시 중구 목동로56번길 15",
            "세대수":0,
            "입주년차":80,
            "용적률점수":"--",
            "건폐율점수":"--",
            "세대당주차수":30,
            "난방방식":30,
            "공급면적":"--",
            "전용률":"--",
            "욕실수":100,
            "현관타입":100,
            "주거총점":43.5,
            "지역구공급총점":0.0,
            "역세권":50,
            "30분내 이동가능 거점":20,
            "1시간내 이동가능 거점":10,
            "교통총점":33.0,
            "백화점":100,
            "아울렛몰":0,
            "대형마트":0,
            "은행":0,
            "병원":0,
            "종합병원":100,
            "공원":100,
            "혐오시설":0,
            "인프라총점":53.0,
            "초등학군":89.99,
            "중학군":49.56,
            "학군총점":57.646,
            "인구수":24.74,
            "인구증감":-11.39,
            "인구총점":13.901,
            "일자리":13.31,
            "소득수준":52.55,
            "일자리총점":25.082,
            "가치 총점":49.0188,
            "매매실거래년":20191212.0,
            "매매실거래가":20636.0,
            "전세실거래년":null,
            "전세실거래가":null,
            "전세가율":null,
            "장기전세가율평균":70.88,
            "전세가율거품지수":null,
            "검색코드":123518,
            "세대수":118.0,
            "준공년월":"2018-09-18",
            "준공년차":5.0,
            "가까운역이름":"오룡",
            "가까운역거리":793.06,
            "역세권여부":"준역세권",
            "30분이내주요거점역":1,
            "30분거점역이름":"['대전']",
            "1시간이내주요거점역":1,
            "1시간거점역이름":"['대전']",
            "3km이내백화점수":1,
            "5km이내아울렛몰수":0,
            "1km이내대형먀트수":0,
            "500m이내은행수":1,
            "500m이내병원수":0,
            "5km이내대형병원수":7,
            "500m이내공원수":3,
            "3km이내혐오시설수":0,
            "초등학교학업성취도":89.99,
            "중학교학업성취도":82.2,
            "용적률":144,
            "건폐율":37,
            "Y":36.33539,
            "X":127.407954,
            "rank":28.0,
            "area_info":"24평(79.59), 24평(79.56), 24평(80.09), 24평(80.06), 24평(81.4), 24평(81.4)",
            "last_sales":"2019-12-12,20636.0,24평(79.59)",
            "rank_history":[
                [
                    "202202",
                    28
                ],
                [
                    "202201",
                    24
                ]
            ],
            "rank_gap":-4
        },
        {
            "index":139,
            "아파트명":"삼익",
            "투자타입":"재건축",
            "전용면적(m2)":"60.13",
            "전용면적(평)":"18평",
            "법정동주소":"대전시 중구 문화동 311-6",
            "도로명주소":"대전시 중구 서문로 119",
            "세대수":50,
            "입주년차":"--",
            "용적률점수":0,
            "건폐율점수":0,
            "세대당주차수":"--",
            "난방방식":"--",
            "공급면적":50,
            "전용률":60,
            "욕실수":"--",
            "현관타입":"--",
            "주거총점":20.5,
            "지역구공급총점":0.0,
            "역세권":50,
            "30분내 이동가능 거점":20,
            "1시간내 이동가능 거점":10,
            "교통총점":33.0,
            "백화점":100,
            "아울렛몰":0,
            "대형마트":100,
            "은행":20,
            "병원":0,
            "종합병원":100,
            "공원":80,
            "혐오시설":0,
            "인프라총점":69.4,
            "초등학군":90.02,
            "중학군":52.54,
            "학군총점":60.036,
            "인구수":24.74,
            "인구증감":-11.39,
            "인구총점":13.901,
            "일자리":13.31,
            "소득수준":52.55,
            "일자리총점":25.082,
            "가치 총점":48.9058,
            "매매실거래년":20211219.0,
            "매매실거래가":45000.0,
            "전세실거래년":20210424.0,
            "전세실거래가":13000.0,
            "전세가율":43.33,
            "장기전세가율평균":70.88,
            "전세가율거품지수":27.55,
            "검색코드":6256,
            "세대수":456.0,
            "준공년월":"1978-06-15",
            "준공년차":45.0,
            "가까운역이름":"서대전네거리",
            "가까운역거리":740.81,
            "역세권여부":"준역세권",
            "30분이내주요거점역":1,
            "30분거점역이름":"['대전']",
            "1시간이내주요거점역":1,
            "1시간거점역이름":"['대전']",
            "3km이내백화점수":1,
            "5km이내아울렛몰수":0,
            "1km이내대형먀트수":2,
            "500m이내은행수":2,
            "500m이내병원수":0,
            "5km이내대형병원수":6,
            "500m이내공원수":1,
            "3km이내혐오시설수":0,
            "초등학교학업성취도":90.02,
            "중학교학업성취도":86.3,
            "용적률":0,
            "건폐율":0,
            "Y":36.318873,
            "X":127.405579,
            "rank":29.0,
            "area_info":"18평(60.13), 25평(83.55), 30평(99.48), 34평(113.6)",
            "last_sales":"2021-12-19,45000.0,34평(113.6)",
            "rank_history":[
                [
                    "202202",
                    29
                ],
                [
                    "202201",
                    29
                ]
            ],
            "rank_gap":0
        },
        {
            "index":359,
            "아파트명":"현대2단지",
            "투자타입":"재건축",
            "전용면적(m2)":"97.44",
            "전용면적(평)":"29평",
            "법정동주소":"대전시 중구 유천동 10",
            "도로명주소":"대전시 중구 계백로1615번길 34",
            "세대수":50,
            "입주년차":"--",
            "용적률점수":0,
            "건폐율점수":0,
            "세대당주차수":"--",
            "난방방식":"--",
            "공급면적":70,
            "전용률":80,
            "욕실수":"--",
            "현관타입":"--",
            "주거총점":22.5,
            "지역구공급총점":0.0,
            "역세권":50,
            "30분내 이동가능 거점":20,
            "1시간내 이동가능 거점":10,
            "교통총점":33.0,
            "백화점":100,
            "아울렛몰":0,
            "대형마트":100,
            "은행":0,
            "병원":0,
            "종합병원":100,
            "공원":80,
            "혐오시설":0,
            "인프라총점":67.4,
            "초등학군":90.0,
            "중학군":52.54,
            "학군총점":60.032,
            "인구수":24.74,
            "인구증감":-11.39,
            "인구총점":13.901,
            "일자리":13.31,
            "소득수준":52.55,
            "일자리총점":25.082,
            "가치 총점":48.8046,
            "매매실거래년":"18000101",
            "매매실거래가":null,
            "전세실거래년":null,
            "전세실거래가":null,
            "전세가율":null,
            "장기전세가율평균":70.88,
            "전세가율거품지수":null,
            "검색코드":6372,
            "세대수":680.0,
            "준공년월":"1992-10-01",
            "준공년차":31.0,
            "가까운역이름":"오룡",
            "가까운역거리":802.14,
            "역세권여부":"준역세권",
            "30분이내주요거점역":1,
            "30분거점역이름":"['대전']",
            "1시간이내주요거점역":1,
            "1시간거점역이름":"['대전']",
            "3km이내백화점수":1,
            "5km이내아울렛몰수":0,
            "1km이내대형먀트수":2,
            "500m이내은행수":1,
            "500m이내병원수":0,
            "5km이내대형병원수":6,
            "500m이내공원수":1,
            "3km이내혐오시설수":0,
            "초등학교학업성취도":90.0,
            "중학교학업성취도":86.3,
            "용적률":0,
            "건폐율":0,
            "Y":36.321777,
            "X":127.40236,
            "rank":30.0,
            "area_info":"29평(97.44), 35평(116.18), 45평(148.82)",
            "last_sales":"1800-01-01,nan,29평(97.44)",
            "rank_history":[
                [
                    "202202",
                    30
                ],
                [
                    "202201",
                    30
                ]
            ],
            "rank_gap":0
        },
        {
            "index":143,
            "아파트명":"센트럴파크1단지",
            "투자타입":"일반",
            "전용면적(m2)":"113.42",
            "전용면적(평)":"34평",
            "법정동주소":"대전시 중구 문화동 284-168",
            "도로명주소":"대전시 중구 서문로 95",
            "세대수":50,
            "입주년차":40,
            "용적률점수":"--",
            "건폐율점수":"--",
            "세대당주차수":60,
            "난방방식":30,
            "공급면적":"--",
            "전용률":"--",
            "욕실수":100,
            "현관타입":100,
            "주거총점":57.5,
            "지역구공급총점":0.0,
            "역세권":50,
            "30분내 이동가능 거점":0,
            "1시간내 이동가능 거점":10,
            "교통총점":27.0,
            "백화점":0,
            "아울렛몰":0,
            "대형마트":80,
            "은행":0,
            "병원":0,
            "종합병원":100,
            "공원":100,
            "혐오시설":0,
            "인프라총점":35.0,
            "초등학군":90.0,
            "중학군":59.72,
            "학군총점":65.776,
            "인구수":24.74,
            "인구증감":-11.39,
            "인구총점":13.901,
            "일자리":13.31,
            "소득수준":52.55,
            "일자리총점":25.082,
            "가치 총점":48.6578,
            "매매실거래년":20211012.0,
            "매매실거래가":57000.0,
            "전세실거래년":20211030.0,
            "전세실거래가":45000.0,
            "전세가율":78.95,
            "장기전세가율평균":70.88,
            "전세가율거품지수":-8.07,
            "검색코드":19061,
            "세대수":448.0,
            "준공년월":"2007-02-01",
            "준공년차":16.0,
            "가까운역이름":"서대전네거리",
            "가까운역거리":840.94,
            "역세권여부":"준역세권",
            "30분이내주요거점역":0,
            "30분거점역이름":"[]",
            "1시간이내주요거점역":1,
            "1시간거점역이름":"['대전']",
            "3km이내백화점수":0,
            "5km이내아울렛몰수":0,
            "1km이내대형먀트수":1,
            "500m이내은행수":0,
            "500m이내병원수":0,
            "5km이내대형병원수":6,
            "500m이내공원수":2,
            "3km이내혐오시설수":0,
            "초등학교학업성취도":90.0,
            "중학교학업성취도":98.8,
            "용적률":248,
            "건폐율":15,
            "Y":36.316607,
            "X":127.406576,
            "rank":31.0,
            "area_info":"34평(113.42), 39평(129.56), 39평(131.68), 47평(157.85)",
            "last_sales":"2021-10-12,57000.0,34평(113.42)",
            "rank_history":[
                [
                    "202202",
                    31
                ],
                [
                    "202201",
                    26
                ]
            ],
            "rank_gap":-5
        },
        {
            "index":431,
            "아파트명":"새롬",
            "투자타입":"일반",
            "전용면적(m2)":"106.83",
            "전용면적(평)":"32평",
            "법정동주소":"대전시 중구 태평동 419-1",
            "도로명주소":"대전시 중구 평촌로 19",
            "세대수":0,
            "입주년차":20,
            "용적률점수":"--",
            "건폐율점수":"--",
            "세대당주차수":60,
            "난방방식":30,
            "공급면적":"--",
            "전용률":"--",
            "욕실수":100,
            "현관타입":100,
            "주거총점":36.0,
            "지역구공급총점":0.0,
            "역세권":0,
            "30분내 이동가능 거점":0,
            "1시간내 이동가능 거점":10,
            "교통총점":2.0,
            "백화점":100,
            "아울렛몰":0,
            "대형마트":100,
            "은행":20,
            "병원":0,
            "종합병원":100,
            "공원":80,
            "혐오시설":0,
            "인프라총점":69.4,
            "초등학군":90.02,
            "중학군":53.16,
            "학군총점":60.532,
            "인구수":24.74,
            "인구증감":-11.39,
            "인구총점":13.901,
            "일자리":13.31,
            "소득수준":52.55,
            "일자리총점":25.082,
            "가치 총점":48.2796,
            "매매실거래년":20211201.0,
            "매매실거래가":31000.0,
            "전세실거래년":20210917.0,
            "전세실거래가":30000.0,
            "전세가율":96.77,
            "장기전세가율평균":70.88,
            "전세가율거품지수":-25.89,
            "검색코드":25530,
            "세대수":221.0,
            "준공년월":"1999-11-24",
            "준공년차":24.0,
            "가까운역이름":"오룡",
            "가까운역거리":1563.8,
            "역세권여부":"비역세권",
            "30분이내주요거점역":0,
            "30분거점역이름":"[]",
            "1시간이내주요거점역":1,
            "1시간거점역이름":"['대전']",
            "3km이내백화점수":1,
            "5km이내아울렛몰수":0,
            "1km이내대형먀트수":2,
            "500m이내은행수":2,
            "500m이내병원수":0,
            "5km이내대형병원수":6,
            "500m이내공원수":1,
            "3km이내혐오시설수":0,
            "초등학교학업성취도":90.02,
            "중학교학업성취도":88.2,
            "용적률":344,
            "건폐율":26,
            "Y":36.322576,
            "X":127.389201,
            "rank":32.0,
            "area_info":"32평(106.83), 48평(160.83), 60평(199.41)",
            "last_sales":"2021-12-01,31000.0,32평(106.83)",
            "rank_history":[
                [
                    "202202",
                    32
                ],
                [
                    "202201",
                    32
                ]
            ],
            "rank_gap":0
        },
        {
            "index":114,
            "아파트명":"문화하우스토리1차",
            "투자타입":"일반",
            "전용면적(m2)":"103.05",
            "전용면적(평)":"31평",
            "법정동주소":"대전시 중구 문화동 1-135",
            "도로명주소":"대전시 중구 계룡로 923",
            "세대수":0,
            "입주년차":40,
            "용적률점수":"--",
            "건폐율점수":"--",
            "세대당주차수":80,
            "난방방식":30,
            "공급면적":"--",
            "전용률":"--",
            "욕실수":100,
            "현관타입":50,
            "주거총점":38.0,
            "지역구공급총점":0.0,
            "역세권":80,
            "30분내 이동가능 거점":20,
            "1시간내 이동가능 거점":10,
            "교통총점":48.0,
            "백화점":0,
            "아울렛몰":0,
            "대형마트":100,
            "은행":100,
            "병원":0,
            "종합병원":100,
            "공원":0,
            "혐오시설":0,
            "인프라총점":45.0,
            "초등학군":89.99,
            "중학군":52.54,
            "학군총점":60.03,
            "인구수":24.74,
            "인구증감":-11.39,
            "인구총점":13.901,
            "일자리":13.31,
            "소득수준":52.55,
            "일자리총점":25.082,
            "가치 총점":48.209,
            "매매실거래년":20211210.0,
            "매매실거래가":44300.0,
            "전세실거래년":20211128.0,
            "전세실거래가":26250.0,
            "전세가율":59.26,
            "장기전세가율평균":70.88,
            "전세가율거품지수":11.62,
            "검색코드":18753,
            "세대수":299.0,
            "준공년월":"2007-06-18",
            "준공년차":16.0,
            "가까운역이름":"서대전네거리",
            "가까운역거리":330.13,
            "역세권여부":"역세권",
            "30분이내주요거점역":1,
            "30분거점역이름":"['대전']",
            "1시간이내주요거점역":1,
            "1시간거점역이름":"['대전']",
            "3km이내백화점수":0,
            "5km이내아울렛몰수":0,
            "1km이내대형먀트수":2,
            "500m이내은행수":5,
            "500m이내병원수":0,
            "5km이내대형병원수":6,
            "500m이내공원수":0,
            "3km이내혐오시설수":0,
            "초등학교학업성취도":89.99,
            "중학교학업성취도":86.3,
            "용적률":695,
            "건폐율":50,
            "Y":36.32058,
            "X":127.415466,
            "rank":33.0,
            "area_info":"31평(103.05), 31평(103.05), 42평(139.61), 42평(139.52), 42평(139.57), 42평(140.76), 42평(140.59), 42평(140.11), 42평(141.16), 52평(175.12), 55평(182.52), 72평(238.91), 73평(243.48), 77평(257.62), 78평(258.23)",
            "last_sales":"2021-12-10,44300.0,31평(103.05)",
            "rank_history":[
                [
                    "202202",
                    33
                ],
                [
                    "202201",
                    41
                ]
            ],
            "rank_gap":8
        },
        {
            "index":335,
            "아파트명":"유천미소랑(도시형)",
            "투자타입":"일반",
            "전용면적(m2)":"42.79",
            "전용면적(평)":"12평",
            "법정동주소":"대전시 중구 유천동 303-48",
            "도로명주소":"대전시 중구 계백로1566번길 19",
            "세대수":0,
            "입주년차":80,
            "용적률점수":"--",
            "건폐율점수":"--",
            "세대당주차수":0,
            "난방방식":30,
            "공급면적":"--",
            "전용률":"--",
            "욕실수":50,
            "현관타입":100,
            "주거총점":34.0,
            "지역구공급총점":0.0,
            "역세권":0,
            "30분내 이동가능 거점":0,
            "1시간내 이동가능 거점":10,
            "교통총점":2.0,
            "백화점":100,
            "아울렛몰":0,
            "대형마트":80,
            "은행":0,
            "병원":0,
            "종합병원":100,
            "공원":100,
            "혐오시설":0,
            "인프라총점":65.0,
            "초등학군":89.99,
            "중학군":59.72,
            "학군총점":65.774,
            "인구수":24.74,
            "인구증감":-11.39,
            "인구총점":13.901,
            "일자리":13.31,
            "소득수준":52.55,
            "일자리총점":25.082,
            "가치 총점":48.0322,
            "매매실거래년":20210320.0,
            "매매실거래가":15000.0,
            "전세실거래년":20170717.0,
            "전세실거래가":5500.0,
            "전세가율":62.11,
            "장기전세가율평균":70.88,
            "전세가율거품지수":8.77,
            "검색코드":118518,
            "세대수":140.0,
            "준공년월":"2017-05-19",
            "준공년차":6.0,
            "가까운역이름":"오룡",
            "가까운역거리":1621.58,
            "역세권여부":"비역세권",
            "30분이내주요거점역":0,
            "30분거점역이름":"[]",
            "1시간이내주요거점역":1,
            "1시간거점역이름":"['대전']",
            "3km이내백화점수":1,
            "5km이내아울렛몰수":0,
            "1km이내대형먀트수":1,
            "500m이내은행수":0,
            "500m이내병원수":0,
            "5km이내대형병원수":6,
            "500m이내공원수":2,
            "3km이내혐오시설수":0,
            "초등학교학업성취도":89.99,
            "중학교학업성취도":98.8,
            "용적률":499,
            "건폐율":69,
            "Y":36.316632,
            "X":127.39474,
            "rank":34.0,
            "area_info":"12평(42.79), 13평(43.39), 13평(44.63), 13평(44.64), 16평(54.23), 18평(62.1)",
            "last_sales":"2021-03-20,15000.0,18평(62.1)",
            "rank_history":[
                [
                    "202202",
                    34
                ],
                [
                    "202201",
                    31
                ]
            ],
            "rank_gap":-3
        },
        {
            "index":30,
            "아파트명":"대흥센텀시티(도시형)",
            "투자타입":"일반",
            "전용면적(m2)":"44.21",
            "전용면적(평)":"13평",
            "법정동주소":"대전시 중구 대흥동 219-1",
            "도로명주소":"대전시 중구 중앙로138번길 48",
            "세대수":0,
            "입주년차":100,
            "용적률점수":"--",
            "건폐율점수":"--",
            "세대당주차수":0,
            "난방방식":30,
            "공급면적":"--",
            "전용률":"--",
            "욕실수":50,
            "현관타입":100,
            "주거총점":38.0,
            "지역구공급총점":0.0,
            "역세권":80,
            "30분내 이동가능 거점":20,
            "1시간내 이동가능 거점":10,
            "교통총점":48.0,
            "백화점":0,
            "아울렛몰":0,
            "대형마트":80,
            "은행":100,
            "병원":0,
            "종합병원":100,
            "공원":100,
            "혐오시설":0,
            "인프라총점":45.0,
            "초등학군":90.01,
            "중학군":49.84,
            "학군총점":57.874,
            "인구수":24.74,
            "인구증감":-11.39,
            "인구총점":13.901,
            "일자리":13.31,
            "소득수준":52.55,
            "일자리총점":25.082,
            "가치 총점":47.5622,
            "매매실거래년":20211122.0,
            "매매실거래가":14200.0,
            "전세실거래년":null,
            "전세실거래가":null,
            "전세가율":null,
            "장기전세가율평균":70.88,
            "전세가율거품지수":null,
            "검색코드":136035,
            "세대수":299.0,
            "준공년월":"2021-08-27",
            "준공년차":2.0,
            "가까운역이름":"중앙로",
            "가까운역거리":243.32,
            "역세권여부":"역세권",
            "30분이내주요거점역":1,
            "30분거점역이름":"['대전']",
            "1시간이내주요거점역":1,
            "1시간거점역이름":"['대전']",
            "3km이내백화점수":0,
            "5km이내아울렛몰수":0,
            "1km이내대형먀트수":1,
            "500m이내은행수":5,
            "500m이내병원수":0,
            "5km이내대형병원수":5,
            "500m이내공원수":2,
            "3km이내혐오시설수":0,
            "초등학교학업성취도":90.01,
            "중학교학업성취도":82.4,
            "용적률":747,
            "건폐율":75,
            "Y":36.326479,
            "X":127.425942,
            "rank":35.0,
            "area_info":"13평(44.21), 13평(44.67), 13평(45.21), 20평(67.85)",
            "last_sales":"2021-11-22,14200.0,13평(44.21)",
            "rank_history":[
                [
                    "202202",
                    35
                ],
                [
                    "202201",
                    37
                ]
            ],
            "rank_gap":2
        },
        {
            "index":176,
            "아파트명":"효성상아",
            "투자타입":"재건축",
            "전용면적(m2)":"51.93",
            "전용면적(평)":"15평",
            "법정동주소":"대전시 중구 문화동 1-46",
            "도로명주소":"대전시 중구 계백로1686번길 51",
            "세대수":0,
            "입주년차":"--",
            "용적률점수":0,
            "건폐율점수":0,
            "세대당주차수":"--",
            "난방방식":"--",
            "공급면적":50,
            "전용률":100,
            "욕실수":"--",
            "현관타입":"--",
            "주거총점":7.5,
            "지역구공급총점":0.0,
            "역세권":50,
            "30분내 이동가능 거점":20,
            "1시간내 이동가능 거점":10,
            "교통총점":33.0,
            "백화점":100,
            "아울렛몰":0,
            "대형마트":100,
            "은행":70,
            "병원":0,
            "종합병원":100,
            "공원":80,
            "혐오시설":0,
            "인프라총점":74.4,
            "초등학군":90.02,
            "중학군":52.54,
            "학군총점":60.036,
            "인구수":24.74,
            "인구증감":-11.39,
            "인구총점":13.901,
            "일자리":13.31,
            "소득수준":52.55,
            "일자리총점":25.082,
            "가치 총점":47.1558,
            "매매실거래년":20211109.0,
            "매매실거래가":26000.0,
            "전세실거래년":20211027.0,
            "전세실거래가":20000.0,
            "전세가율":76.92,
            "장기전세가율평균":70.88,
            "전세가율거품지수":-6.04,
            "검색코드":6276,
            "세대수":296.0,
            "준공년월":"1984-07-01",
            "준공년차":39.0,
            "가까운역이름":"서대전네거리",
            "가까운역거리":511.53,
            "역세권여부":"준역세권",
            "30분이내주요거점역":1,
            "30분거점역이름":"['대전']",
            "1시간이내주요거점역":1,
            "1시간거점역이름":"['대전']",
            "3km이내백화점수":1,
            "5km이내아울렛몰수":0,
            "1km이내대형먀트수":2,
            "500m이내은행수":3,
            "500m이내병원수":0,
            "5km이내대형병원수":6,
            "500m이내공원수":1,
            "3km이내혐오시설수":0,
            "초등학교학업성취도":90.02,
            "중학교학업성취도":86.3,
            "용적률":0,
            "건폐율":0,
            "Y":36.31926,
            "X":127.40843,
            "rank":36.0,
            "area_info":"15평(51.93), 20평(68.16), 28평(93.05), 39평(130.24)",
            "last_sales":"2021-11-09,26000.0,15평(51.93)",
            "rank_history":[
                [
                    "202202",
                    36
                ],
                [
                    "202201",
                    36
                ]
            ],
            "rank_gap":0
        },
        {
            "index":103,
            "아파트명":"문화마을2단지",
            "투자타입":"일반",
            "전용면적(m2)":"111.34",
            "전용면적(평)":"33평",
            "법정동주소":"대전시 중구 문화동 1-38",
            "도로명주소":"대전시 중구 계백로1716번길 39",
            "세대수":0,
            "입주년차":40,
            "용적률점수":"--",
            "건폐율점수":"--",
            "세대당주차수":30,
            "난방방식":30,
            "공급면적":"--",
            "전용률":"--",
            "욕실수":100,
            "현관타입":100,
            "주거총점":35.5,
            "지역구공급총점":0.0,
            "역세권":80,
            "30분내 이동가능 거점":20,
            "1시간내 이동가능 거점":10,
            "교통총점":48.0,
            "백화점":0,
            "아울렛몰":0,
            "대형마트":100,
            "은행":70,
            "병원":0,
            "종합병원":100,
            "공원":0,
            "혐오시설":0,
            "인프라총점":42.0,
            "초등학군":90.02,
            "중학군":52.54,
            "학군총점":60.036,
            "인구수":24.74,
            "인구증감":-11.39,
            "인구총점":13.901,
            "일자리":13.31,
            "소득수준":52.55,
            "일자리총점":25.082,
            "가치 총점":46.6858,
            "매매실거래년":20211203.0,
            "매매실거래가":88000.0,
            "전세실거래년":20220128.0,
            "전세실거래가":36000.0,
            "전세가율":58.06,
            "장기전세가율평균":70.88,
            "전세가율거품지수":12.82,
            "검색코드":11183,
            "세대수":214.0,
            "준공년월":"2004-06-04",
            "준공년차":19.0,
            "가까운역이름":"서대전네거리",
            "가까운역거리":279.34,
            "역세권여부":"역세권",
            "30분이내주요거점역":1,
            "30분거점역이름":"['대전']",
            "1시간이내주요거점역":1,
            "1시간거점역이름":"['대전']",
            "3km이내백화점수":0,
            "5km이내아울렛몰수":0,
            "1km이내대형먀트수":2,
            "500m이내은행수":4,
            "500m이내병원수":0,
            "5km이내대형병원수":6,
            "500m이내공원수":0,
            "3km이내혐오시설수":0,
            "초등학교학업성취도":90.02,
            "중학교학업성취도":86.3,
            "용적률":199,
            "건폐율":19,
            "Y":36.32008,
            "X":127.41145,
            "rank":37.0,
            "area_info":"33평(111.34), 48평(161.68)",
            "last_sales":"2021-12-03,88000.0,48평(161.68)",
            "rank_history":[
                [
                    "202202",
                    37
                ],
                [
                    "202201",
                    47
                ]
            ],
            "rank_gap":10
        },
        {
            "index":323,
            "아파트명":"용두",
            "투자타입":"재건축",
            "전용면적(m2)":"56.96",
            "전용면적(평)":"17평",
            "법정동주소":"대전시 중구 용두동 56-53",
            "도로명주소":"대전시 중구 동서대로1340번길 15",
            "세대수":0,
            "입주년차":"--",
            "용적률점수":0,
            "건폐율점수":0,
            "세대당주차수":"--",
            "난방방식":"--",
            "공급면적":50,
            "전용률":80,
            "욕실수":"--",
            "현관타입":"--",
            "주거총점":6.5,
            "지역구공급총점":0.0,
            "역세권":80,
            "30분내 이동가능 거점":20,
            "1시간내 이동가능 거점":10,
            "교통총점":48.0,
            "백화점":100,
            "아울렛몰":0,
            "대형마트":80,
            "은행":20,
            "병원":0,
            "종합병원":100,
            "공원":80,
            "혐오시설":0,
            "인프라총점":66.4,
            "초등학군":90.01,
            "중학군":51.32,
            "학군총점":59.058,
            "인구수":24.74,
            "인구증감":-11.39,
            "인구총점":13.901,
            "일자리":13.31,
            "소득수준":52.55,
            "일자리총점":25.082,
            "가치 총점":46.4624,
            "매매실거래년":20211121.0,
            "매매실거래가":30000.0,
            "전세실거래년":20210502.0,
            "전세실거래가":6500.0,
            "전세가율":21.67,
            "장기전세가율평균":70.88,
            "전세가율거품지수":49.21,
            "검색코드":14622,
            "세대수":200.0,
            "준공년월":"1985-03-29",
            "준공년차":38.0,
            "가까운역이름":"오룡",
            "가까운역거리":397.91,
            "역세권여부":"역세권",
            "30분이내주요거점역":1,
            "30분거점역이름":"['대전']",
            "1시간이내주요거점역":1,
            "1시간거점역이름":"['대전']",
            "3km이내백화점수":1,
            "5km이내아울렛몰수":0,
            "1km이내대형먀트수":1,
            "500m이내은행수":2,
            "500m이내병원수":0,
            "5km이내대형병원수":7,
            "500m이내공원수":1,
            "3km이내혐오시설수":0,
            "초등학교학업성취도":90.01,
            "중학교학업성취도":83.4,
            "용적률":0,
            "건폐율":0,
            "Y":36.329247,
            "X":127.409309,
            "rank":38.0,
            "area_info":"17평(56.96), 19평(63.36)",
            "last_sales":"2021-11-21,30000.0,17평(56.96)",
            "rank_history":[
                [
                    "202202",
                    38
                ],
                [
                    "202201",
                    51
                ]
            ],
            "rank_gap":13
        },
        {
            "index":351,
            "아파트명":"한사랑",
            "투자타입":"일반",
            "전용면적(m2)":"75.35",
            "전용면적(평)":"22평",
            "법정동주소":"대전시 중구 유천동 10-2",
            "도로명주소":"대전시 중구 계백로1615번길 12",
            "세대수":0,
            "입주년차":0,
            "용적률점수":"--",
            "건폐율점수":"--",
            "세대당주차수":0,
            "난방방식":30,
            "공급면적":"--",
            "전용률":"--",
            "욕실수":50,
            "현관타입":100,
            "주거총점":18.0,
            "지역구공급총점":0.0,
            "역세권":0,
            "30분내 이동가능 거점":20,
            "1시간내 이동가능 거점":10,
            "교통총점":8.0,
            "백화점":100,
            "아울렛몰":0,
            "대형마트":100,
            "은행":0,
            "병원":0,
            "종합병원":100,
            "공원":80,
            "혐오시설":0,
            "인프라총점":67.4,
            "초등학군":90.0,
            "중학군":59.72,
            "학군총점":65.776,
            "인구수":24.74,
            "인구증감":-11.39,
            "인구총점":13.901,
            "일자리":13.31,
            "소득수준":52.55,
            "일자리총점":25.082,
            "가치 총점":45.6528,
            "매매실거래년":20210805.0,
            "매매실거래가":23000.0,
            "전세실거래년":20211009.0,
            "전세실거래가":20000.0,
            "전세가율":86.96,
            "장기전세가율평균":70.88,
            "전세가율거품지수":-16.08,
            "검색코드":6375,
            "세대수":120.0,
            "준공년월":"1994-07-30",
            "준공년차":29.0,
            "가까운역이름":"오룡",
            "가까운역거리":1103.28,
            "역세권여부":"비역세권",
            "30분이내주요거점역":1,
            "30분거점역이름":"['대전']",
            "1시간이내주요거점역":1,
            "1시간거점역이름":"['대전']",
            "3km이내백화점수":1,
            "5km이내아울렛몰수":0,
            "1km이내대형먀트수":3,
            "500m이내은행수":1,
            "500m이내병원수":0,
            "5km이내대형병원수":6,
            "500m이내공원수":1,
            "3km이내혐오시설수":0,
            "초등학교학업성취도":90.0,
            "중학교학업성취도":98.8,
            "용적률":237,
            "건폐율":21,
            "Y":36.319673,
            "X":127.399781,
            "rank":39.0,
            "area_info":"22평(75.35), 30평(102.2), 43평(144.57)",
            "last_sales":"2021-08-05,23000.0,22평(75.35)",
            "rank_history":[
                [
                    "202202",
                    39
                ],
                [
                    "202201",
                    35
                ]
            ],
            "rank_gap":-4
        },
        {
            "index":325,
            "아파트명":"남촌(현대3단지)",
            "투자타입":"일반",
            "전용면적(m2)":"76.26",
            "전용면적(평)":"23평",
            "법정동주소":"대전시 중구 유천동 10-4",
            "도로명주소":"대전시 중구 계백로 1643",
            "세대수":0,
            "입주년차":0,
            "용적률점수":"--",
            "건폐율점수":"--",
            "세대당주차수":0,
            "난방방식":30,
            "공급면적":"--",
            "전용률":"--",
            "욕실수":50,
            "현관타입":100,
            "주거총점":18.0,
            "지역구공급총점":0.0,
            "역세권":0,
            "30분내 이동가능 거점":20,
            "1시간내 이동가능 거점":10,
            "교통총점":8.0,
            "백화점":100,
            "아울렛몰":0,
            "대형마트":100,
            "은행":0,
            "병원":0,
            "종합병원":100,
            "공원":80,
            "혐오시설":0,
            "인프라총점":67.4,
            "초등학군":90.0,
            "중학군":59.72,
            "학군총점":65.776,
            "인구수":24.74,
            "인구증감":-11.39,
            "인구총점":13.901,
            "일자리":13.31,
            "소득수준":52.55,
            "일자리총점":25.082,
            "가치 총점":45.6528,
            "매매실거래년":20211110.0,
            "매매실거래가":27500.0,
            "전세실거래년":20210814.0,
            "전세실거래가":21000.0,
            "전세가율":76.36,
            "장기전세가율평균":70.88,
            "전세가율거품지수":-5.48,
            "검색코드":6347,
            "세대수":180.0,
            "준공년월":"1995-04-28",
            "준공년차":28.0,
            "가까운역이름":"서대전네거리",
            "가까운역거리":1022.57,
            "역세권여부":"비역세권",
            "30분이내주요거점역":1,
            "30분거점역이름":"['대전']",
            "1시간이내주요거점역":1,
            "1시간거점역이름":"['대전']",
            "3km이내백화점수":1,
            "5km이내아울렛몰수":0,
            "1km이내대형먀트수":3,
            "500m이내은행수":1,
            "500m이내병원수":0,
            "5km이내대형병원수":6,
            "500m이내공원수":1,
            "3km이내혐오시설수":0,
            "초등학교학업성취도":90.0,
            "중학교학업성취도":98.8,
            "용적률":214,
            "건폐율":47,
            "Y":36.319791,
            "X":127.40164,
            "rank":39.0,
            "area_info":"23평(76.26), 32평(108.03)",
            "last_sales":"2021-11-10,27500.0,23평(76.26)",
            "rank_history":[
                [
                    "202202",
                    39
                ],
                [
                    "202201",
                    27
                ]
            ],
            "rank_gap":-12
        },
        {
            "index":105,
            "아파트명":"문화센트럴스타클래스",
            "투자타입":"일반",
            "전용면적(m2)":"46.42",
            "전용면적(평)":"14평",
            "법정동주소":"대전시 중구 문화동 1-9",
            "도로명주소":"대전시 중구 중앙로 28",
            "세대수":0,
            "입주년차":60,
            "용적률점수":"--",
            "건폐율점수":"--",
            "세대당주차수":30,
            "난방방식":30,
            "공급면적":"--",
            "전용률":"--",
            "욕실수":50,
            "현관타입":100,
            "주거총점":34.5,
            "지역구공급총점":0.0,
            "역세권":80,
            "30분내 이동가능 거점":20,
            "1시간내 이동가능 거점":10,
            "교통총점":48.0,
            "백화점":0,
            "아울렛몰":0,
            "대형마트":100,
            "은행":70,
            "병원":0,
            "종합병원":100,
            "공원":0,
            "혐오시설":0,
            "인프라총점":42.0,
            "초등학군":89.99,
            "중학군":47.98,
            "학군총점":56.382,
            "인구수":24.74,
            "인구증감":-11.39,
            "인구총점":13.901,
            "일자리":13.31,
            "소득수준":52.55,
            "일자리총점":25.082,
            "가치 총점":45.3396,
            "매매실거래년":20210925.0,
            "매매실거래가":32850.0,
            "전세실거래년":20150610.0,
            "전세실거래가":4600.0,
            "전세가율":28.84,
            "장기전세가율평균":70.88,
            "전세가율거품지수":42.04,
            "검색코드":104154,
            "세대수":250.0,
            "준공년월":"2013-08-27",
            "준공년차":10.0,
            "가까운역이름":"서대전네거리",
            "가까운역거리":258.78,
            "역세권여부":"역세권",
            "30분이내주요거점역":1,
            "30분거점역이름":"['대전']",
            "1시간이내주요거점역":1,
            "1시간거점역이름":"['대전']",
            "3km이내백화점수":0,
            "5km이내아울렛몰수":0,
            "1km이내대형먀트수":2,
            "500m이내은행수":4,
            "500m이내병원수":0,
            "5km이내대형병원수":6,
            "500m이내공원수":0,
            "3km이내혐오시설수":0,
            "초등학교학업성취도":89.99,
            "중학교학업성취도":77.9,
            "용적률":842,
            "건폐율":73,
            "Y":36.322509,
            "X":127.415463,
            "rank":40.0,
            "area_info":"14평(46.42), 22평(75.29), 25평(83.19), 26평(86.67), 30평(100.49), 33평(111.66), 34평(112.51), 34평(113.01), 34평(113.65)",
            "last_sales":"2021-09-25,32850.0,34평(113.65)",
            "rank_history":[
                [
                    "202202",
                    40
                ],
                [
                    "202201",
                    54
                ]
            ],
            "rank_gap":14
        },
        {
            "index":400,
            "아파트명":"삼부1차",
            "투자타입":"재건축",
            "전용면적(m2)":"58.69",
            "전용면적(평)":"17평",
            "법정동주소":"대전시 중구 태평동 383-1",
            "도로명주소":"대전시 중구 태평로 80",
            "세대수":80,
            "입주년차":"--",
            "용적률점수":0,
            "건폐율점수":0,
            "세대당주차수":"--",
            "난방방식":"--",
            "공급면적":50,
            "전용률":100,
            "욕실수":"--",
            "현관타입":"--",
            "주거총점":31.5,
            "지역구공급총점":0.0,
            "역세권":0,
            "30분내 이동가능 거점":20,
            "1시간내 이동가능 거점":10,
            "교통총점":8.0,
            "백화점":100,
            "아울렛몰":0,
            "대형마트":80,
            "은행":0,
            "병원":0,
            "종합병원":100,
            "공원":100,
            "혐오시설":0,
            "인프라총점":65.0,
            "초등학군":89.99,
            "중학군":45.56,
            "학군총점":54.446,
            "인구수":24.74,
            "인구증감":-11.39,
            "인구총점":13.901,
            "일자리":13.31,
            "소득수준":52.55,
            "일자리총점":25.082,
            "가치 총점":44.9088,
            "매매실거래년":20220104.0,
            "매매실거래가":23800.0,
            "전세실거래년":20220127.0,
            "전세실거래가":10500.0,
            "전세가율":53.03,
            "장기전세가율평균":70.88,
            "전세가율거품지수":17.85,
            "검색코드":6423,
            "세대수":705.0,
            "준공년월":"1978-10-07",
            "준공년차":45.0,
            "가까운역이름":"오룡",
            "가까운역거리":1040.59,
            "역세권여부":"비역세권",
            "30분이내주요거점역":1,
            "30분거점역이름":"['대전']",
            "1시간이내주요거점역":1,
            "1시간거점역이름":"['대전']",
            "3km이내백화점수":1,
            "5km이내아울렛몰수":0,
            "1km이내대형먀트수":1,
            "500m이내은행수":1,
            "500m이내병원수":0,
            "5km이내대형병원수":6,
            "500m이내공원수":2,
            "3km이내혐오시설수":0,
            "초등학교학업성취도":89.99,
            "중학교학업성취도":75.8,
            "용적률":0,
            "건폐율":0,
            "Y":36.323876,
            "X":127.39496,
            "rank":41.0,
            "area_info":"17평(58.69), 17평(58.87), 17평(58.7), 18평(61.19), 18평(61.36), 22평(74.17), 22평(74.76), 22평(74.96), 22평(74.35), 22평(74.7), 29평(98.29), 29평(98.51), 29평(98.28)",
            "last_sales":"2022-01-04,23800.0,22평(74.76)",
            "rank_history":[
                [
                    "202202",
                    41
                ],
                [
                    "202201",
                    43
                ]
            ],
            "rank_gap":2
        },
        {
            "index":424,
            "아파트명":"삼부4차",
            "투자타입":"재건축",
            "전용면적(m2)":"101.94",
            "전용면적(평)":"30평",
            "법정동주소":"대전시 중구 태평동 393",
            "도로명주소":"대전시 중구 태평로 55",
            "세대수":80,
            "입주년차":"--",
            "용적률점수":0,
            "건폐율점수":0,
            "세대당주차수":"--",
            "난방방식":"--",
            "공급면적":90,
            "전용률":80,
            "욕실수":"--",
            "현관타입":"--",
            "주거총점":32.5,
            "지역구공급총점":0.0,
            "역세권":0,
            "30분내 이동가능 거점":0,
            "1시간내 이동가능 거점":10,
            "교통총점":2.0,
            "백화점":100,
            "아울렛몰":0,
            "대형마트":80,
            "은행":20,
            "병원":0,
            "종합병원":100,
            "공원":100,
            "혐오시설":0,
            "인프라총점":67.0,
            "초등학군":90.02,
            "중학군":45.56,
            "학군총점":54.452,
            "인구수":24.74,
            "인구증감":-11.39,
            "인구총점":13.901,
            "일자리":13.31,
            "소득수준":52.55,
            "일자리총점":25.082,
            "가치 총점":44.8606,
            "매매실거래년":20211122.0,
            "매매실거래가":44000.0,
            "전세실거래년":20211126.0,
            "전세실거래가":25000.0,
            "전세가율":80.65,
            "장기전세가율평균":70.88,
            "전세가율거품지수":-9.77,
            "검색코드":6449,
            "세대수":870.0,
            "준공년월":"1986-11-25",
            "준공년차":37.0,
            "가까운역이름":"오룡",
            "가까운역거리":1343.88,
            "역세권여부":"비역세권",
            "30분이내주요거점역":0,
            "30분거점역이름":"[]",
            "1시간이내주요거점역":1,
            "1시간거점역이름":"['대전']",
            "3km이내백화점수":1,
            "5km이내아울렛몰수":0,
            "1km이내대형먀트수":1,
            "500m이내은행수":2,
            "500m이내병원수":0,
            "5km이내대형병원수":7,
            "500m이내공원수":2,
            "3km이내혐오시설수":0,
            "초등학교학업성취도":90.02,
            "중학교학업성취도":75.8,
            "용적률":0,
            "건폐율":0,
            "Y":36.322554,
            "X":127.391997,
            "rank":42.0,
            "area_info":"30평(101.94), 38평(126.1), 42평(141.15), 46평(154.49), 56평(186.51)",
            "last_sales":"2021-11-22,44000.0,46평(154.49)",
            "rank_history":[
                [
                    "202202",
                    42
                ],
                [
                    "202201",
                    39
                ]
            ],
            "rank_gap":-3
        },
        {
            "index":346,
            "아파트명":"큰솔(335-12)",
            "투자타입":"일반",
            "전용면적(m2)":"72.15",
            "전용면적(평)":"21평",
            "법정동주소":"대전시 중구 유천동 335-12",
            "도로명주소":"대전시 중구 대둔산로 512",
            "세대수":0,
            "입주년차":40,
            "용적률점수":"--",
            "건폐율점수":"--",
            "세대당주차수":0,
            "난방방식":30,
            "공급면적":"--",
            "전용률":"--",
            "욕실수":100,
            "현관타입":100,
            "주거총점":31.0,
            "지역구공급총점":0.0,
            "역세권":0,
            "30분내 이동가능 거점":0,
            "1시간내 이동가능 거점":10,
            "교통총점":2.0,
            "백화점":100,
            "아울렛몰":0,
            "대형마트":80,
            "은행":0,
            "병원":0,
            "종합병원":100,
            "공원":0,
            "혐오시설":0,
            "인프라총점":62.0,
            "초등학군":89.99,
            "중학군":53.16,
            "학군총점":60.526,
            "인구수":24.74,
            "인구증감":-11.39,
            "인구총점":13.901,
            "일자리":13.31,
            "소득수준":52.55,
            "일자리총점":25.082,
            "가치 총점":44.8078,
            "매매실거래년":20220117.0,
            "매매실거래가":13850.0,
            "전세실거래년":20220121.0,
            "전세실거래가":10000.0,
            "전세가율":72.2,
            "장기전세가율평균":70.88,
            "전세가율거품지수":-1.32,
            "검색코드":104390,
            "세대수":278.0,
            "준공년월":"2004-06-02",
            "준공년차":19.0,
            "가까운역이름":"오룡",
            "가까운역거리":2012.51,
            "역세권여부":"비역세권",
            "30분이내주요거점역":0,
            "30분거점역이름":"[]",
            "1시간이내주요거점역":1,
            "1시간거점역이름":"['대전']",
            "3km이내백화점수":1,
            "5km이내아울렛몰수":0,
            "1km이내대형먀트수":1,
            "500m이내은행수":0,
            "500m이내병원수":0,
            "5km이내대형병원수":6,
            "500m이내공원수":0,
            "3km이내혐오시설수":0,
            "초등학교학업성취도":89.99,
            "중학교학업성취도":88.2,
            "용적률":710,
            "건폐율":56,
            "Y":36.314769,
            "X":127.390565,
            "rank":43.0,
            "area_info":"21평(72.15), 30평(99.42)",
            "last_sales":"2022-01-17,13850.0,21평(72.15)",
            "rank_history":[
                [
                    "202202",
                    43
                ],
                [
                    "202201",
                    42
                ]
            ],
            "rank_gap":-1
        },
        {
            "index":348,
            "아파트명":"큰솔(341-31)",
            "투자타입":"일반",
            "전용면적(m2)":"89.59",
            "전용면적(평)":"27평",
            "법정동주소":"대전시 중구 유천동 341-31",
            "도로명주소":"대전시 중구 대둔산로 503",
            "세대수":0,
            "입주년차":40,
            "용적률점수":"--",
            "건폐율점수":"--",
            "세대당주차수":30,
            "난방방식":30,
            "공급면적":"--",
            "전용률":"--",
            "욕실수":100,
            "현관타입":50,
            "주거총점":30.5,
            "지역구공급총점":0.0,
            "역세권":0,
            "30분내 이동가능 거점":0,
            "1시간내 이동가능 거점":10,
            "교통총점":2.0,
            "백화점":100,
            "아울렛몰":0,
            "대형마트":80,
            "은행":0,
            "병원":0,
            "종합병원":100,
            "공원":0,
            "혐오시설":0,
            "인프라총점":62.0,
            "초등학군":89.99,
            "중학군":53.16,
            "학군총점":60.526,
            "인구수":24.74,
            "인구증감":-11.39,
            "인구총점":13.901,
            "일자리":13.31,
            "소득수준":52.55,
            "일자리총점":25.082,
            "가치 총점":44.6828,
            "매매실거래년":20211026.0,
            "매매실거래가":21800.0,
            "전세실거래년":20210906.0,
            "전세실거래가":10000.0,
            "전세가율":52.63,
            "장기전세가율평균":70.88,
            "전세가율거품지수":18.25,
            "검색코드":104443,
            "세대수":195.0,
            "준공년월":"2006-01-27",
            "준공년차":17.0,
            "가까운역이름":"오룡",
            "가까운역거리":2152.64,
            "역세권여부":"비역세권",
            "30분이내주요거점역":0,
            "30분거점역이름":"[]",
            "1시간이내주요거점역":1,
            "1시간거점역이름":"['대전']",
            "3km이내백화점수":1,
            "5km이내아울렛몰수":0,
            "1km이내대형먀트수":1,
            "500m이내은행수":0,
            "500m이내병원수":0,
            "5km이내대형병원수":6,
            "500m이내공원수":0,
            "3km이내혐오시설수":0,
            "초등학교학업성취도":89.99,
            "중학교학업성취도":88.2,
            "용적률":816,
            "건폐율":64,
            "Y":36.313987,
            "X":127.38929,
            "rank":44.0,
            "area_info":"27평(89.59), 27평(91.59), 29평(96.88)",
            "last_sales":"2021-10-26,21800.0,29평(96.88)",
            "rank_history":[
                [
                    "202202",
                    44
                ],
                [
                    "202201",
                    48
                ]
            ],
            "rank_gap":4
        },
        {
            "index":327,
            "아파트명":"유등탑스빌",
            "투자타입":"일반",
            "전용면적(m2)":"26.39",
            "전용면적(평)":"7평",
            "법정동주소":"대전시 중구 유천동 331-10",
            "도로명주소":"대전시 중구 유천로33번길 106",
            "세대수":0,
            "입주년차":40,
            "용적률점수":"--",
            "건폐율점수":"--",
            "세대당주차수":0,
            "난방방식":30,
            "공급면적":"--",
            "전용률":"--",
            "욕실수":50,
            "현관타입":100,
            "주거총점":26.0,
            "지역구공급총점":0.0,
            "역세권":0,
            "30분내 이동가능 거점":0,
            "1시간내 이동가능 거점":10,
            "교통총점":2.0,
            "백화점":100,
            "아울렛몰":0,
            "대형마트":80,
            "은행":0,
            "병원":0,
            "종합병원":100,
            "공원":80,
            "혐오시설":0,
            "인프라총점":64.4,
            "초등학군":89.99,
            "중학군":53.16,
            "학군총점":60.526,
            "인구수":24.74,
            "인구증감":-11.39,
            "인구총점":13.901,
            "일자리":13.31,
            "소득수준":52.55,
            "일자리총점":25.082,
            "가치 총점":44.2778,
            "매매실거래년":20211228.0,
            "매매실거래가":6000.0,
            "전세실거래년":20201222.0,
            "전세실거래가":4000.0,
            "전세가율":100.0,
            "장기전세가율평균":70.88,
            "전세가율거품지수":-29.12,
            "검색코드":101067,
            "세대수":207.0,
            "준공년월":"2004-05-04",
            "준공년차":19.0,
            "가까운역이름":"오룡",
            "가까운역거리":1927.87,
            "역세권여부":"비역세권",
            "30분이내주요거점역":0,
            "30분거점역이름":"[]",
            "1시간이내주요거점역":1,
            "1시간거점역이름":"['대전']",
            "3km이내백화점수":1,
            "5km이내아울렛몰수":0,
            "1km이내대형먀트수":1,
            "500m이내은행수":0,
            "500m이내병원수":0,
            "5km이내대형병원수":6,
            "500m이내공원수":1,
            "3km이내혐오시설수":0,
            "초등학교학업성취도":89.99,
            "중학교학업성취도":88.2,
            "용적률":429,
            "건폐율":67,
            "Y":36.31433,
            "X":127.392862,
            "rank":45.0,
            "area_info":"7평(26.39), 13평(45.16), 14평(47.37), 16평(53.7), 18평(61.08)",
            "last_sales":"2021-12-28,6000.0,14평(47.37)",
            "rank_history":[
                [
                    "202202",
                    45
                ],
                [
                    "202201",
                    45
                ]
            ],
            "rank_gap":0
        },
        {
            "index":238,
            "아파트명":"선호",
            "투자타입":"일반",
            "전용면적(m2)":"40.61",
            "전용면적(평)":"12평",
            "법정동주소":"대전시 중구 선화동 152-1",
            "도로명주소":"대전시 중구 대종로 583",
            "세대수":30,
            "입주년차":20,
            "용적률점수":"--",
            "건폐율점수":"--",
            "세대당주차수":0,
            "난방방식":30,
            "공급면적":"--",
            "전용률":"--",
            "욕실수":50,
            "현관타입":10,
            "주거총점":23.5,
            "지역구공급총점":0.0,
            "역세권":50,
            "30분내 이동가능 거점":0,
            "1시간내 이동가능 거점":10,
            "교통총점":27.0,
            "백화점":100,
            "아울렛몰":0,
            "대형마트":0,
            "은행":0,
            "병원":0,
            "종합병원":100,
            "공원":0,
            "혐오시설":0,
            "인프라총점":50.0,
            "초등학군":90.01,
            "중학군":57.5,
            "학군총점":64.002,
            "인구수":24.74,
            "인구증감":-11.39,
            "인구총점":13.901,
            "일자리":13.31,
            "소득수준":52.55,
            "일자리총점":25.082,
            "가치 총점":44.1256,
            "매매실거래년":20220108.0,
            "매매실거래가":8400.0,
            "전세실거래년":20210206.0,
            "전세실거래가":3500.0,
            "전세가율":67.96,
            "장기전세가율평균":70.88,
            "전세가율거품지수":2.92,
            "검색코드":23187,
            "세대수":332.0,
            "준공년월":"2001-11-19",
            "준공년차":22.0,
            "가까운역이름":"중앙로",
            "가까운역거리":839.56,
            "역세권여부":"준역세권",
            "30분이내주요거점역":0,
            "30분거점역이름":"[]",
            "1시간이내주요거점역":1,
            "1시간거점역이름":"['대전']",
            "3km이내백화점수":1,
            "5km이내아울렛몰수":0,
            "1km이내대형먀트수":0,
            "500m이내은행수":0,
            "500m이내병원수":0,
            "5km이내대형병원수":6,
            "500m이내공원수":0,
            "3km이내혐오시설수":0,
            "초등학교학업성취도":90.01,
            "중학교학업성취도":95.3,
            "용적률":729,
            "건폐율":81,
            "Y":36.33382,
            "X":127.41898,
            "rank":46.0,
            "area_info":"12평(40.61), 13평(43.82), 15평(50.56)",
            "last_sales":"2022-01-08,8400.0,15평(50.56)",
            "rank_history":[
                [
                    "202202",
                    46
                ],
                [
                    "202201",
                    55
                ]
            ],
            "rank_gap":9
        },
        {
            "index":268,
            "아파트명":"참좋은",
            "투자타입":"일반",
            "전용면적(m2)":"105.47",
            "전용면적(평)":"31평",
            "법정동주소":"대전시 중구 선화동 83-1",
            "도로명주소":"대전시 중구 대종로 544",
            "세대수":30,
            "입주년차":40,
            "용적률점수":"--",
            "건폐율점수":"--",
            "세대당주차수":30,
            "난방방식":30,
            "공급면적":"--",
            "전용률":"--",
            "욕실수":100,
            "현관타입":100,
            "주거총점":46.0,
            "지역구공급총점":0.0,
            "역세권":80,
            "30분내 이동가능 거점":20,
            "1시간내 이동가능 거점":10,
            "교통총점":48.0,
            "백화점":0,
            "아울렛몰":0,
            "대형마트":0,
            "은행":0,
            "병원":0,
            "종합병원":100,
            "공원":0,
            "혐오시설":0,
            "인프라총점":20.0,
            "초등학군":90.01,
            "중학군":57.5,
            "학군총점":64.002,
            "인구수":24.74,
            "인구증감":-11.39,
            "인구총점":13.901,
            "일자리":13.31,
            "소득수준":52.55,
            "일자리총점":25.082,
            "가치 총점":43.9006,
            "매매실거래년":20190830.0,
            "매매실거래가":18000.0,
            "전세실거래년":20160912.0,
            "전세실거래가":10200.0,
            "전세가율":56.67,
            "장기전세가율평균":70.88,
            "전세가율거품지수":14.21,
            "검색코드":103300,
            "세대수":307.0,
            "준공년월":"2008-03-18",
            "준공년차":15.0,
            "가까운역이름":"중앙로",
            "가까운역거리":489.46,
            "역세권여부":"역세권",
            "30분이내주요거점역":1,
            "30분거점역이름":"['대전']",
            "1시간이내주요거점역":1,
            "1시간거점역이름":"['대전']",
            "3km이내백화점수":0,
            "5km이내아울렛몰수":0,
            "1km이내대형먀트수":0,
            "500m이내은행수":1,
            "500m이내병원수":0,
            "5km이내대형병원수":6,
            "500m이내공원수":0,
            "3km이내혐오시설수":0,
            "초등학교학업성취도":90.01,
            "중학교학업성취도":95.3,
            "용적률":858,
            "건폐율":66,
            "Y":36.331987,
            "X":127.422243,
            "rank":47.0,
            "area_info":"31평(105.47), 33평(110.03)",
            "last_sales":"2019-08-30,18000.0,31평(105.47)",
            "rank_history":[
                [
                    "202202",
                    47
                ],
                [
                    "202201",
                    71
                ]
            ],
            "rank_gap":24
        },
        {
            "index":413,
            "아파트명":"삼부2차",
            "투자타입":"재건축",
            "전용면적(m2)":"68.67",
            "전용면적(평)":"20평",
            "법정동주소":"대전시 중구 태평동 407",
            "도로명주소":"대전시 중구 태평로 77",
            "세대수":80,
            "입주년차":"--",
            "용적률점수":0,
            "건폐율점수":0,
            "세대당주차수":"--",
            "난방방식":"--",
            "공급면적":50,
            "전용률":40,
            "욕실수":"--",
            "현관타입":"--",
            "주거총점":28.5,
            "지역구공급총점":0.0,
            "역세권":0,
            "30분내 이동가능 거점":0,
            "1시간내 이동가능 거점":10,
            "교통총점":2.0,
            "백화점":100,
            "아울렛몰":0,
            "대형마트":80,
            "은행":20,
            "병원":0,
            "종합병원":100,
            "공원":80,
            "혐오시설":0,
            "인프라총점":66.4,
            "초등학군":90.02,
            "중학군":45.56,
            "학군총점":54.452,
            "인구수":24.74,
            "인구증감":-11.39,
            "인구총점":13.901,
            "일자리":13.31,
            "소득수준":52.55,
            "일자리총점":25.082,
            "가치 총점":43.6806,
            "매매실거래년":20211201.0,
            "매매실거래가":23000.0,
            "전세실거래년":20220106.0,
            "전세실거래가":14000.0,
            "전세가율":60.87,
            "장기전세가율평균":70.88,
            "전세가율거품지수":10.01,
            "검색코드":6426,
            "세대수":750.0,
            "준공년월":"1981-12-15",
            "준공년차":42.0,
            "가까운역이름":"오룡",
            "가까운역거리":1268.38,
            "역세권여부":"비역세권",
            "30분이내주요거점역":0,
            "30분거점역이름":"[]",
            "1시간이내주요거점역":1,
            "1시간거점역이름":"['대전']",
            "3km이내백화점수":1,
            "5km이내아울렛몰수":0,
            "1km이내대형먀트수":1,
            "500m이내은행수":2,
            "500m이내병원수":0,
            "5km이내대형병원수":7,
            "500m이내공원수":1,
            "3km이내혐오시설수":0,
            "초등학교학업성취도":90.02,
            "중학교학업성취도":75.8,
            "용적률":0,
            "건폐율":0,
            "Y":36.32485,
            "X":127.391589,
            "rank":48.0,
            "area_info":"20평(68.67), 25평(85.93), 26평(88.45), 33평(111.93), 34평(112.63), 45평(149.82)",
            "last_sales":"2021-12-01,23000.0,20평(68.67)",
            "rank_history":[
                [
                    "202202",
                    48
                ],
                [
                    "202201",
                    46
                ]
            ],
            "rank_gap":-2
        },
        {
            "index":434,
            "아파트명":"시영",
            "투자타입":"재건축",
            "전용면적(m2)":"50.64",
            "전용면적(평)":"15평",
            "법정동주소":"대전시 중구 태평동 281-8",
            "도로명주소":"대전시 중구 수침로 42",
            "세대수":0,
            "입주년차":"--",
            "용적률점수":0,
            "건폐율점수":0,
            "세대당주차수":"--",
            "난방방식":"--",
            "공급면적":50,
            "전용률":100,
            "욕실수":"--",
            "현관타입":"--",
            "주거총점":7.5,
            "지역구공급총점":0.0,
            "역세권":50,
            "30분내 이동가능 거점":20,
            "1시간내 이동가능 거점":10,
            "교통총점":33.0,
            "백화점":100,
            "아울렛몰":0,
            "대형마트":100,
            "은행":0,
            "병원":0,
            "종합병원":100,
            "공원":100,
            "혐오시설":0,
            "인프라총점":68.0,
            "초등학군":90.0,
            "중학군":45.56,
            "학군총점":54.448,
            "인구수":24.74,
            "인구증감":-11.39,
            "인구총점":13.901,
            "일자리":13.31,
            "소득수준":52.55,
            "일자리총점":25.082,
            "가치 총점":43.5594,
            "매매실거래년":20210603.0,
            "매매실거래가":21300.0,
            "전세실거래년":20171010.0,
            "전세실거래가":3000.0,
            "전세가율":48.39,
            "장기전세가율평균":70.88,
            "전세가율거품지수":22.49,
            "검색코드":11445,
            "세대수":100.0,
            "준공년월":"1981-05-29",
            "준공년차":42.0,
            "가까운역이름":"오룡",
            "가까운역거리":673.42,
            "역세권여부":"준역세권",
            "30분이내주요거점역":1,
            "30분거점역이름":"['대전']",
            "1시간이내주요거점역":1,
            "1시간거점역이름":"['대전']",
            "3km이내백화점수":1,
            "5km이내아울렛몰수":0,
            "1km이내대형먀트수":2,
            "500m이내은행수":1,
            "500m이내병원수":0,
            "5km이내대형병원수":6,
            "500m이내공원수":2,
            "3km이내혐오시설수":0,
            "초등학교학업성취도":90.0,
            "중학교학업성취도":75.8,
            "용적률":0,
            "건폐율":0,
            "Y":36.323305,
            "X":127.40148,
            "rank":49.0,
            "area_info":"15평(50.64), 17평(57.32)",
            "last_sales":"2021-06-03,21300.0,17평(57.32)",
            "rank_history":[
                [
                    "202202",
                    49
                ],
                [
                    "202201",
                    52
                ]
            ],
            "rank_gap":3
        },
        {
            "index":372,
            "아파트명":"주공3단지",
            "투자타입":"일반",
            "전용면적(m2)":"54.38",
            "전용면적(평)":"16평",
            "법정동주소":"대전시 중구 중촌동 283",
            "도로명주소":"대전시 중구 목중로 69",
            "세대수":90,
            "입주년차":0,
            "용적률점수":"--",
            "건폐율점수":"--",
            "세대당주차수":0,
            "난방방식":30,
            "공급면적":"--",
            "전용률":"--",
            "욕실수":50,
            "현관타입":10,
            "주거총점":40.5,
            "지역구공급총점":0.0,
            "역세권":0,
            "30분내 이동가능 거점":20,
            "1시간내 이동가능 거점":10,
            "교통총점":8.0,
            "백화점":100,
            "아울렛몰":0,
            "대형마트":0,
            "은행":0,
            "병원":0,
            "종합병원":100,
            "공원":80,
            "혐오시설":0,
            "인프라총점":52.4,
            "초등학군":90.0,
            "중학군":45.96,
            "학군총점":54.768,
            "인구수":24.74,
            "인구증감":-11.39,
            "인구총점":13.901,
            "일자리":13.31,
            "소득수준":52.55,
            "일자리총점":25.082,
            "가치 총점":43.4754,
            "매매실거래년":20211105.0,
            "매매실거래가":36500.0,
            "전세실거래년":20210227.0,
            "전세실거래가":8500.0,
            "전세가율":62.96,
            "장기전세가율평균":70.88,
            "전세가율거품지수":7.92,
            "검색코드":6231,
            "세대수":964.0,
            "준공년월":"1998-07-27",
            "준공년차":25.0,
            "가까운역이름":"오룡",
            "가까운역거리":1140.09,
            "역세권여부":"비역세권",
            "30분이내주요거점역":1,
            "30분거점역이름":"['대전']",
            "1시간이내주요거점역":1,
            "1시간거점역이름":"['대전']",
            "3km이내백화점수":2,
            "5km이내아울렛몰수":0,
            "1km이내대형먀트수":0,
            "500m이내은행수":0,
            "500m이내병원수":0,
            "5km이내대형병원수":7,
            "500m이내공원수":1,
            "3km이내혐오시설수":0,
            "초등학교학업성취도":90.0,
            "중학교학업성취도":76.6,
            "용적률":268,
            "건폐율":16,
            "Y":36.338833,
            "X":127.406775,
            "rank":50.0,
            "area_info":"16평(54.38), 21평(69.52), 21평(69.94), 20평(69.09), 23평(78.93), 31평(103.46)",
            "last_sales":"2021-11-05,36500.0,31평(103.46)",
            "rank_history":[
                [
                    "202202",
                    50
                ],
                [
                    "202201",
                    38
                ]
            ],
            "rank_gap":-12
        },
        {
            "index":88,
            "아파트명":"현대",
            "투자타입":"재건축",
            "전용면적(m2)":"99.59",
            "전용면적(평)":"30평",
            "법정동주소":"대전시 중구 목동 132-2",
            "도로명주소":"대전시 중구 선화로43번길 29",
            "세대수":0,
            "입주년차":"--",
            "용적률점수":0,
            "건폐율점수":0,
            "세대당주차수":"--",
            "난방방식":"--",
            "공급면적":90,
            "전용률":80,
            "욕실수":"--",
            "현관타입":"--",
            "주거총점":8.5,
            "지역구공급총점":0.0,
            "역세권":50,
            "30분내 이동가능 거점":20,
            "1시간내 이동가능 거점":10,
            "교통총점":33.0,
            "백화점":100,
            "아울렛몰":0,
            "대형마트":80,
            "은행":0,
            "병원":0,
            "종합병원":100,
            "공원":80,
            "혐오시설":0,
            "인프라총점":64.4,
            "초등학군":90.0,
            "중학군":47.98,
            "학군총점":56.384,
            "인구수":24.74,
            "인구증감":-11.39,
            "인구총점":13.901,
            "일자리":13.31,
            "소득수준":52.55,
            "일자리총점":25.082,
            "가치 총점":43.3102,
            "매매실거래년":20211002.0,
            "매매실거래가":30000.0,
            "전세실거래년":20211113.0,
            "전세실거래가":27800.0,
            "전세가율":92.67,
            "장기전세가율평균":70.88,
            "전세가율거품지수":-21.79,
            "검색코드":6341,
            "세대수":169.0,
            "준공년월":"1991-05-30",
            "준공년차":32.0,
            "가까운역이름":"서대전네거리",
            "가까운역거리":736.64,
            "역세권여부":"준역세권",
            "30분이내주요거점역":1,
            "30분거점역이름":"['대전']",
            "1시간이내주요거점역":1,
            "1시간거점역이름":"['대전']",
            "3km이내백화점수":1,
            "5km이내아울렛몰수":0,
            "1km이내대형먀트수":1,
            "500m이내은행수":0,
            "500m이내병원수":0,
            "5km이내대형병원수":7,
            "500m이내공원수":1,
            "3km이내혐오시설수":0,
            "초등학교학업성취도":90.0,
            "중학교학업성취도":77.9,
            "용적률":0,
            "건폐율":0,
            "Y":36.329015,
            "X":127.413387,
            "rank":51.0,
            "area_info":"30평(99.59), 46평(152.1)",
            "last_sales":"2021-10-02,30000.0,30평(99.59)",
            "rank_history":[
                [
                    "202202",
                    51
                ],
                [
                    "202201",
                    60
                ]
            ],
            "rank_gap":9
        },
        {
            "index":419,
            "아파트명":"삼부3차",
            "투자타입":"재건축",
            "전용면적(m2)":"85.68",
            "전용면적(평)":"25평",
            "법정동주소":"대전시 중구 태평동 403-1",
            "도로명주소":"대전시 중구 태평로 65",
            "세대수":50,
            "입주년차":"--",
            "용적률점수":0,
            "건폐율점수":0,
            "세대당주차수":"--",
            "난방방식":"--",
            "공급면적":70,
            "전용률":80,
            "욕실수":"--",
            "현관타입":"--",
            "주거총점":22.5,
            "지역구공급총점":0.0,
            "역세권":0,
            "30분내 이동가능 거점":0,
            "1시간내 이동가능 거점":10,
            "교통총점":2.0,
            "백화점":100,
            "아울렛몰":0,
            "대형마트":80,
            "은행":20,
            "병원":0,
            "종합병원":100,
            "공원":100,
            "혐오시설":0,
            "인프라총점":67.0,
            "초등학군":90.02,
            "중학군":45.56,
            "학군총점":54.452,
            "인구수":24.74,
            "인구증감":-11.39,
            "인구총점":13.901,
            "일자리":13.31,
            "소득수준":52.55,
            "일자리총점":25.082,
            "가치 총점":42.3606,
            "매매실거래년":20210227.0,
            "매매실거래가":37800.0,
            "전세실거래년":20210908.0,
            "전세실거래가":12600.0,
            "전세가율":60.0,
            "장기전세가율평균":70.88,
            "전세가율거품지수":10.88,
            "검색코드":6439,
            "세대수":510.0,
            "준공년월":"1985-10-23",
            "준공년차":38.0,
            "가까운역이름":"오룡",
            "가까운역거리":1284.43,
            "역세권여부":"비역세권",
            "30분이내주요거점역":0,
            "30분거점역이름":"[]",
            "1시간이내주요거점역":1,
            "1시간거점역이름":"['대전']",
            "3km이내백화점수":1,
            "5km이내아울렛몰수":0,
            "1km이내대형먀트수":1,
            "500m이내은행수":2,
            "500m이내병원수":0,
            "5km이내대형병원수":7,
            "500m이내공원수":2,
            "3km이내혐오시설수":0,
            "초등학교학업성취도":90.02,
            "중학교학업성취도":75.8,
            "용적률":0,
            "건폐율":0,
            "Y":36.32386,
            "X":127.391897,
            "rank":52.0,
            "area_info":"25평(85.68), 30평(102.29), 39평(129.66), 49평(162.71), 57평(190.32)",
            "last_sales":"2021-02-27,37800.0,57평(190.32)",
            "rank_history":[
                [
                    "202202",
                    52
                ],
                [
                    "202201",
                    53
                ]
            ],
            "rank_gap":1
        },
        {
            "index":258,
            "아파트명":"스마트284(도시형)",
            "투자타입":"일반",
            "전용면적(m2)":"24.37",
            "전용면적(평)":"7평",
            "법정동주소":"대전시 중구 선화동 284-4",
            "도로명주소":"대전시 중구 보문로 286",
            "세대수":0,
            "입주년차":60,
            "용적률점수":"--",
            "건폐율점수":"--",
            "세대당주차수":0,
            "난방방식":30,
            "공급면적":"--",
            "전용률":"--",
            "욕실수":50,
            "현관타입":100,
            "주거총점":30.0,
            "지역구공급총점":0.0,
            "역세권":80,
            "30분내 이동가능 거점":20,
            "1시간내 이동가능 거점":10,
            "교통총점":48.0,
            "백화점":0,
            "아울렛몰":0,
            "대형마트":0,
            "은행":100,
            "병원":0,
            "종합병원":100,
            "공원":80,
            "혐오시설":0,
            "인프라총점":32.4,
            "초등학군":90.01,
            "중학군":49.84,
            "학군총점":57.874,
            "인구수":24.74,
            "인구증감":-11.39,
            "인구총점":13.901,
            "일자리":13.31,
            "소득수준":52.55,
            "일자리총점":25.082,
            "가치 총점":41.7822,
            "매매실거래년":20211021.0,
            "매매실거래가":4200.0,
            "전세실거래년":20220124.0,
            "전세실거래가":4000.0,
            "전세가율":95.24,
            "장기전세가율평균":70.88,
            "전세가율거품지수":-24.36,
            "검색코드":110626,
            "세대수":286.0,
            "준공년월":"2013-06-21",
            "준공년차":10.0,
            "가까운역이름":"중앙로",
            "가까운역거리":418.2,
            "역세권여부":"역세권",
            "30분이내주요거점역":1,
            "30분거점역이름":"['대전']",
            "1시간이내주요거점역":1,
            "1시간거점역이름":"['대전']",
            "3km이내백화점수":0,
            "5km이내아울렛몰수":0,
            "1km이내대형먀트수":0,
            "500m이내은행수":5,
            "500m이내병원수":0,
            "5km이내대형병원수":6,
            "500m이내공원수":1,
            "3km이내혐오시설수":0,
            "초등학교학업성취도":90.01,
            "중학교학업성취도":82.4,
            "용적률":570,
            "건폐율":73,
            "Y":36.328161,
            "X":127.421202,
            "rank":53.0,
            "area_info":"7평(24.37), 7평(25.11)",
            "last_sales":"2021-10-21,4200.0,7평(24.37)",
            "rank_history":[
                [
                    "202202",
                    53
                ],
                [
                    "202201",
                    67
                ]
            ],
            "rank_gap":14
        },
        {
            "index":34,
            "아파트명":"동건참좋은",
            "투자타입":"일반",
            "전용면적(m2)":"90.66",
            "전용면적(평)":"27평",
            "법정동주소":"대전시 중구 대흥동 402-1",
            "도로명주소":"대전시 중구 대종로 425",
            "세대수":0,
            "입주년차":40,
            "용적률점수":"--",
            "건폐율점수":"--",
            "세대당주차수":30,
            "난방방식":30,
            "공급면적":"--",
            "전용률":"--",
            "욕실수":100,
            "현관타입":100,
            "주거총점":35.5,
            "지역구공급총점":0.0,
            "역세권":50,
            "30분내 이동가능 거점":20,
            "1시간내 이동가능 거점":10,
            "교통총점":33.0,
            "백화점":0,
            "아울렛몰":0,
            "대형마트":80,
            "은행":0,
            "병원":0,
            "종합병원":100,
            "공원":100,
            "혐오시설":0,
            "인프라총점":35.0,
            "초등학군":89.97,
            "중학군":49.84,
            "학군총점":57.866,
            "인구수":24.74,
            "인구증감":-11.39,
            "인구총점":13.901,
            "일자리":13.31,
            "소득수준":52.55,
            "일자리총점":25.082,
            "가치 총점":41.6848,
            "매매실거래년":20211214.0,
            "매매실거래가":23700.0,
            "전세실거래년":20191007.0,
            "전세실거래가":11000.0,
            "전세가율":59.46,
            "장기전세가율평균":70.88,
            "전세가율거품지수":11.42,
            "검색코드":106044,
            "세대수":299.0,
            "준공년월":"2005-07-26",
            "준공년차":18.0,
            "가까운역이름":"중앙로",
            "가까운역거리":687.95,
            "역세권여부":"준역세권",
            "30분이내주요거점역":1,
            "30분거점역이름":"['대전']",
            "1시간이내주요거점역":1,
            "1시간거점역이름":"['대전']",
            "3km이내백화점수":0,
            "5km이내아울렛몰수":0,
            "1km이내대형먀트수":1,
            "500m이내은행수":1,
            "500m이내병원수":0,
            "5km이내대형병원수":4,
            "500m이내공원수":2,
            "3km이내혐오시설수":0,
            "초등학교학업성취도":89.97,
            "중학교학업성취도":82.4,
            "용적률":815,
            "건폐율":65,
            "Y":36.322988,
            "X":127.42888,
            "rank":54.0,
            "area_info":"27평(90.66), 30평(100.82), 33평(109.29)",
            "last_sales":"2021-12-14,23700.0,30평(100.82)",
            "rank_history":[
                [
                    "202202",
                    54
                ],
                [
                    "202201",
                    59
                ]
            ],
            "rank_gap":5
        },
        {
            "index":251,
            "아파트명":"선화참좋은Ⅱ",
            "투자타입":"일반",
            "전용면적(m2)":"88.92",
            "전용면적(평)":"26평",
            "법정동주소":"대전시 중구 선화동 82-1",
            "도로명주소":"대전시 중구 대전천서로 529",
            "세대수":30,
            "입주년차":80,
            "용적률점수":"--",
            "건폐율점수":"--",
            "세대당주차수":30,
            "난방방식":30,
            "공급면적":"--",
            "전용률":"--",
            "욕실수":100,
            "현관타입":10,
            "주거총점":45.0,
            "지역구공급총점":0.0,
            "역세권":50,
            "30분내 이동가능 거점":20,
            "1시간내 이동가능 거점":10,
            "교통총점":33.0,
            "백화점":0,
            "아울렛몰":0,
            "대형마트":0,
            "은행":0,
            "병원":0,
            "종합병원":100,
            "공원":0,
            "혐오시설":0,
            "인프라총점":20.0,
            "초등학군":90.01,
            "중학군":57.5,
            "학군총점":64.002,
            "인구수":24.74,
            "인구증감":-11.39,
            "인구총점":13.901,
            "일자리":13.31,
            "소득수준":52.55,
            "일자리총점":25.082,
            "가치 총점":41.4006,
            "매매실거래년":"18000101",
            "매매실거래가":null,
            "전세실거래년":null,
            "전세실거래가":null,
            "전세가율":null,
            "장기전세가율평균":70.88,
            "전세가율거품지수":null,
            "검색코드":118992,
            "세대수":392.0,
            "준공년월":"2017-01-06",
            "준공년차":6.0,
            "가까운역이름":"중앙로",
            "가까운역거리":652.79,
            "역세권여부":"준역세권",
            "30분이내주요거점역":1,
            "30분거점역이름":"['대전']",
            "1시간이내주요거점역":1,
            "1시간거점역이름":"['대전']",
            "3km이내백화점수":0,
            "5km이내아울렛몰수":0,
            "1km이내대형먀트수":0,
            "500m이내은행수":0,
            "500m이내병원수":0,
            "5km이내대형병원수":6,
            "500m이내공원수":0,
            "3km이내혐오시설수":0,
            "초등학교학업성취도":90.01,
            "중학교학업성취도":95.3,
            "용적률":984,
            "건폐율":79,
            "Y":36.333997,
            "X":127.422778,
            "rank":55.0,
            "area_info":"26평(88.92), 27평(90.07), 27평(92.14), 28평(93.05), 29평(96.55), 30평(100.85), 30평(101.08)",
            "last_sales":"1800-01-01,nan,26평(88.92)",
            "rank_history":[
                [
                    "202202",
                    55
                ],
                [
                    "202201",
                    68
                ]
            ],
            "rank_gap":13
        },
        {
            "index":260,
            "아파트명":"아르젠",
            "투자타입":"일반",
            "전용면적(m2)":"73.78",
            "전용면적(평)":"22평",
            "법정동주소":"대전시 중구 선화동 159-5",
            "도로명주소":"대전시 중구 동서대로1440번길 5",
            "세대수":0,
            "입주년차":40,
            "용적률점수":"--",
            "건폐율점수":"--",
            "세대당주차수":30,
            "난방방식":30,
            "공급면적":"--",
            "전용률":"--",
            "욕실수":50,
            "현관타입":100,
            "주거총점":30.5,
            "지역구공급총점":0.0,
            "역세권":0,
            "30분내 이동가능 거점":20,
            "1시간내 이동가능 거점":10,
            "교통총점":8.0,
            "백화점":100,
            "아울렛몰":0,
            "대형마트":0,
            "은행":0,
            "병원":0,
            "종합병원":100,
            "공원":100,
            "혐오시설":0,
            "인프라총점":53.0,
            "초등학군":90.0,
            "중학군":45.96,
            "학군총점":54.768,
            "인구수":24.74,
            "인구증감":-11.39,
            "인구총점":13.901,
            "일자리":13.31,
            "소득수준":52.55,
            "일자리총점":25.082,
            "가치 총점":41.1554,
            "매매실거래년":20211026.0,
            "매매실거래가":13000.0,
            "전세실거래년":20211028.0,
            "전세실거래가":9000.0,
            "전세가율":69.23,
            "장기전세가율평균":70.88,
            "전세가율거품지수":1.65,
            "검색코드":25756,
            "세대수":100.0,
            "준공년월":"2005-12-27",
            "준공년차":18.0,
            "가까운역이름":"중앙로",
            "가까운역거리":1192.77,
            "역세권여부":"비역세권",
            "30분이내주요거점역":1,
            "30분거점역이름":"['대전']",
            "1시간이내주요거점역":1,
            "1시간거점역이름":"['대전']",
            "3km이내백화점수":1,
            "5km이내아울렛몰수":0,
            "1km이내대형먀트수":0,
            "500m이내은행수":1,
            "500m이내병원수":0,
            "5km이내대형병원수":6,
            "500m이내공원수":2,
            "3km이내혐오시설수":0,
            "초등학교학업성취도":90.0,
            "중학교학업성취도":76.6,
            "용적률":578,
            "건폐율":68,
            "Y":36.335949,
            "X":127.416053,
            "rank":56.0,
            "area_info":"22평(73.78), 24평(82.12), 26평(86.28), 26평(89.22), 27평(91.15), 29평(96.68), 29평(98.99), 38평(128.12)",
            "last_sales":"2021-10-26,13000.0,22평(73.78)",
            "rank_history":[
                [
                    "202202",
                    56
                ],
                [
                    "202201",
                    44
                ]
            ],
            "rank_gap":-12
        },
        {
            "index":3,
            "아파트명":"대미리치빌",
            "투자타입":"일반",
            "전용면적(m2)":"53.83",
            "전용면적(평)":"16평",
            "법정동주소":"대전시 중구 대흥동 452-22",
            "도로명주소":"대전시 중구 대흥로111번길 24",
            "세대수":0,
            "입주년차":40,
            "용적률점수":"--",
            "건폐율점수":"--",
            "세대당주차수":0,
            "난방방식":30,
            "공급면적":"--",
            "전용률":"--",
            "욕실수":50,
            "현관타입":50,
            "주거총점":21.0,
            "지역구공급총점":0.0,
            "역세권":50,
            "30분내 이동가능 거점":20,
            "1시간내 이동가능 거점":10,
            "교통총점":33.0,
            "백화점":0,
            "아울렛몰":0,
            "대형마트":80,
            "은행":100,
            "병원":0,
            "종합병원":100,
            "공원":100,
            "혐오시설":0,
            "인프라총점":45.0,
            "초등학군":89.97,
            "중학군":49.84,
            "학군총점":57.866,
            "인구수":24.74,
            "인구증감":-11.39,
            "인구총점":13.901,
            "일자리":13.31,
            "소득수준":52.55,
            "일자리총점":25.082,
            "가치 총점":41.0598,
            "매매실거래년":20211204.0,
            "매매실거래가":17800.0,
            "전세실거래년":20191116.0,
            "전세실거래가":7000.0,
            "전세가율":66.99,
            "장기전세가율평균":70.88,
            "전세가율거품지수":3.89,
            "검색코드":106703,
            "세대수":160.0,
            "준공년월":"2007-05-30",
            "준공년차":16.0,
            "가까운역이름":"중앙로",
            "가까운역거리":507.37,
            "역세권여부":"준역세권",
            "30분이내주요거점역":1,
            "30분거점역이름":"['대전']",
            "1시간이내주요거점역":1,
            "1시간거점역이름":"['대전']",
            "3km이내백화점수":0,
            "5km이내아울렛몰수":0,
            "1km이내대형먀트수":1,
            "500m이내은행수":7,
            "500m이내병원수":0,
            "5km이내대형병원수":5,
            "500m이내공원수":3,
            "3km이내혐오시설수":0,
            "초등학교학업성취도":89.97,
            "중학교학업성취도":82.4,
            "용적률":692,
            "건폐율":69,
            "Y":36.324256,
            "X":127.424371,
            "rank":57.0,
            "area_info":"16평(53.83), 20평(66.23), 21평(71.19), 22평(74.25), 23평(77.99), 24평(79.7), 24평(81.11), 24평(81.77), 26평(88.36), 27평(89.33), 28평(95.38), 28평(95.64), 30평(100.97), 31평(103.53), 31평(103.2)",
            "last_sales":"2021-12-04,17800.0,31평(103.53)",
            "rank_history":[
                [
                    "202202",
                    57
                ],
                [
                    "202201",
                    58
                ]
            ],
            "rank_gap":1
        },
        {
            "index":365,
            "아파트명":"금호",
            "투자타입":"재건축",
            "전용면적(m2)":"48.97",
            "전용면적(평)":"14평",
            "법정동주소":"대전시 중구 중촌동 10-2",
            "도로명주소":"대전시 중구 대종로 713",
            "세대수":80,
            "입주년차":"--",
            "용적률점수":0,
            "건폐율점수":0,
            "세대당주차수":"--",
            "난방방식":"--",
            "공급면적":50,
            "전용률":60,
            "욕실수":"--",
            "현관타입":"--",
            "주거총점":29.5,
            "지역구공급총점":0.0,
            "역세권":0,
            "30분내 이동가능 거점":20,
            "1시간내 이동가능 거점":10,
            "교통총점":8.0,
            "백화점":100,
            "아울렛몰":0,
            "대형마트":0,
            "은행":0,
            "병원":0,
            "종합병원":100,
            "공원":100,
            "혐오시설":0,
            "인프라총점":53.0,
            "초등학군":89.99,
            "중학군":45.96,
            "학군총점":54.766,
            "인구수":24.74,
            "인구증감":-11.39,
            "인구총점":13.901,
            "일자리":13.31,
            "소득수준":52.55,
            "일자리총점":25.082,
            "가치 총점":40.9048,
            "매매실거래년":20220115.0,
            "매매실거래가":11700.0,
            "전세실거래년":20211013.0,
            "전세실거래가":7000.0,
            "전세가율":59.83,
            "장기전세가율평균":70.88,
            "전세가율거품지수":11.05,
            "검색코드":6226,
            "세대수":876.0,
            "준공년월":"1989-12-14",
            "준공년차":34.0,
            "가까운역이름":"용문",
            "가까운역거리":1306.72,
            "역세권여부":"비역세권",
            "30분이내주요거점역":1,
            "30분거점역이름":"['대전']",
            "1시간이내주요거점역":1,
            "1시간거점역이름":"['대전']",
            "3km이내백화점수":2,
            "5km이내아울렛몰수":0,
            "1km이내대형먀트수":0,
            "500m이내은행수":0,
            "500m이내병원수":0,
            "5km이내대형병원수":7,
            "500m이내공원수":2,
            "3km이내혐오시설수":0,
            "초등학교학업성취도":89.99,
            "중학교학업성취도":76.6,
            "용적률":0,
            "건폐율":0,
            "Y":36.340919,
            "X":127.407594,
            "rank":58.0,
            "area_info":"14평(48.97), 22평(73.79), 26평(87.54), 26평(87.45), 30평(101.85), 31평(103.24)",
            "last_sales":"2022-01-15,11700.0,14평(48.97)",
            "rank_history":[
                [
                    "202202",
                    58
                ],
                [
                    "202201",
                    49
                ]
            ],
            "rank_gap":-9
        },
        {
            "index":90,
            "아파트명":"계룡맨션",
            "투자타입":"재건축",
            "전용면적(m2)":"89.95",
            "전용면적(평)":"27평",
            "법정동주소":"대전시 중구 문화동 1-34",
            "도로명주소":"대전시 중구 계룡로920번안길 60",
            "세대수":0,
            "입주년차":"--",
            "용적률점수":0,
            "건폐율점수":0,
            "세대당주차수":"--",
            "난방방식":"--",
            "공급면적":70,
            "전용률":100,
            "욕실수":"--",
            "현관타입":"--",
            "주거총점":8.5,
            "지역구공급총점":0.0,
            "역세권":80,
            "30분내 이동가능 거점":20,
            "1시간내 이동가능 거점":10,
            "교통총점":48.0,
            "백화점":0,
            "아울렛몰":0,
            "대형마트":100,
            "은행":100,
            "병원":0,
            "종합병원":100,
            "공원":0,
            "혐오시설":0,
            "인프라총점":45.0,
            "초등학군":90.02,
            "중학군":52.54,
            "학군총점":60.036,
            "인구수":24.74,
            "인구증감":-11.39,
            "인구총점":13.901,
            "일자리":13.31,
            "소득수준":52.55,
            "일자리총점":25.082,
            "가치 총점":40.8358,
            "매매실거래년":20191219.0,
            "매매실거래가":7800.0,
            "전세실거래년":null,
            "전세실거래가":null,
            "전세가율":null,
            "장기전세가율평균":70.88,
            "전세가율거품지수":null,
            "검색코드":14615,
            "세대수":120.0,
            "준공년월":"1978-06-08",
            "준공년차":45.0,
            "가까운역이름":"서대전네거리",
            "가까운역거리":392.61,
            "역세권여부":"역세권",
            "30분이내주요거점역":1,
            "30분거점역이름":"['대전']",
            "1시간이내주요거점역":1,
            "1시간거점역이름":"['대전']",
            "3km이내백화점수":0,
            "5km이내아울렛몰수":0,
            "1km이내대형먀트수":2,
            "500m이내은행수":5,
            "500m이내병원수":0,
            "5km이내대형병원수":6,
            "500m이내공원수":0,
            "3km이내혐오시설수":0,
            "초등학교학업성취도":90.02,
            "중학교학업성취도":86.3,
            "용적률":0,
            "건폐율":0,
            "Y":36.319089,
            "X":127.414021,
            "rank":59.0,
            "area_info":"27평(89.95), 27평(90.28), 28평(94.31), 38평(128.58)",
            "last_sales":"2019-12-19,7800.0,27평(89.95)",
            "rank_history":[
                [
                    "202202",
                    59
                ],
                [
                    "202201",
                    79
                ]
            ],
            "rank_gap":20
        },
        {
            "index":378,
            "아파트명":"현대",
            "투자타입":"재건축",
            "전용면적(m2)":"71.51",
            "전용면적(평)":"21평",
            "법정동주소":"대전시 중구 중촌동 16-1",
            "도로명주소":"대전시 중구 목중로26번길 29",
            "세대수":90,
            "입주년차":"--",
            "용적률점수":0,
            "건폐율점수":0,
            "세대당주차수":"--",
            "난방방식":"--",
            "공급면적":50,
            "전용률":60,
            "욕실수":"--",
            "현관타입":"--",
            "주거총점":32.5,
            "지역구공급총점":0.0,
            "역세권":0,
            "30분내 이동가능 거점":0,
            "1시간내 이동가능 거점":10,
            "교통총점":2.0,
            "백화점":100,
            "아울렛몰":0,
            "대형마트":0,
            "은행":0,
            "병원":0,
            "종합병원":100,
            "공원":100,
            "혐오시설":0,
            "인프라총점":53.0,
            "초등학군":89.99,
            "중학군":45.96,
            "학군총점":54.766,
            "인구수":24.74,
            "인구증감":-11.39,
            "인구총점":13.901,
            "일자리":13.31,
            "소득수준":52.55,
            "일자리총점":25.082,
            "가치 총점":40.7548,
            "매매실거래년":20220111.0,
            "매매실거래가":21500.0,
            "전세실거래년":20220106.0,
            "전세실거래가":18000.0,
            "전세가율":83.72,
            "장기전세가율평균":70.88,
            "전세가율거품지수":-12.84,
            "검색코드":6234,
            "세대수":974.0,
            "준공년월":"1987-04-23",
            "준공년차":36.0,
            "가까운역이름":"오룡",
            "가까운역거리":1178.96,
            "역세권여부":"비역세권",
            "30분이내주요거점역":0,
            "30분거점역이름":"[]",
            "1시간이내주요거점역":1,
            "1시간거점역이름":"['대전']",
            "3km이내백화점수":1,
            "5km이내아울렛몰수":0,
            "1km이내대형먀트수":0,
            "500m이내은행수":1,
            "500m이내병원수":0,
            "5km이내대형병원수":7,
            "500m이내공원수":3,
            "3km이내혐오시설수":0,
            "초등학교학업성취도":89.99,
            "중학교학업성취도":76.6,
            "용적률":0,
            "건폐율":0,
            "Y":36.338016,
            "X":127.411181,
            "rank":60.0,
            "area_info":"21평(71.51), 25평(82.72), 26평(88.17), 29평(98.98), 30평(100.24), 31평(105.49)",
            "last_sales":"2022-01-11,21500.0,21평(71.51)",
            "rank_history":[
                [
                    "202202",
                    60
                ],
                [
                    "202201",
                    40
                ]
            ],
            "rank_gap":-20
        },
        {
            "index":212,
            "아파트명":"성산마을우남스타원",
            "투자타입":"일반",
            "전용면적(m2)":"115.53",
            "전용면적(평)":"34평",
            "법정동주소":"대전시 중구 사정동 487",
            "도로명주소":"대전시 중구 안영로 68",
            "세대수":50,
            "입주년차":40,
            "용적률점수":"--",
            "건폐율점수":"--",
            "세대당주차수":30,
            "난방방식":30,
            "공급면적":"--",
            "전용률":"--",
            "욕실수":100,
            "현관타입":100,
            "주거총점":53.0,
            "지역구공급총점":0.0,
            "역세권":0,
            "30분내 이동가능 거점":0,
            "1시간내 이동가능 거점":10,
            "교통총점":2.0,
            "백화점":0,
            "아울렛몰":0,
            "대형마트":80,
            "은행":0,
            "병원":0,
            "종합병원":100,
            "공원":100,
            "혐오시설":0,
            "인프라총점":35.0,
            "초등학군":90.01,
            "중학군":46.96,
            "학군총점":55.57,
            "인구수":24.74,
            "인구증감":-11.39,
            "인구총점":13.901,
            "일자리":13.31,
            "소득수준":52.55,
            "일자리총점":25.082,
            "가치 총점":40.721,
            "매매실거래년":20211217.0,
            "매매실거래가":35000.0,
            "전세실거래년":20220115.0,
            "전세실거래가":18375.0,
            "전세가율":52.5,
            "장기전세가율평균":70.88,
            "전세가율거품지수":18.38,
            "검색코드":24218,
            "세대수":561.0,
            "준공년월":"2006-04-14",
            "준공년차":17.0,
            "가까운역이름":"서대전네거리",
            "가까운역거리":4131.35,
            "역세권여부":"비역세권",
            "30분이내주요거점역":0,
            "30분거점역이름":"[]",
            "1시간이내주요거점역":1,
            "1시간거점역이름":"['대전']",
            "3km이내백화점수":0,
            "5km이내아울렛몰수":0,
            "1km이내대형먀트수":1,
            "500m이내은행수":0,
            "500m이내병원수":0,
            "5km이내대형병원수":4,
            "500m이내공원수":2,
            "3km이내혐오시설수":0,
            "초등학교학업성취도":90.01,
            "중학교학업성취도":77.8,
            "용적률":212,
            "건폐율":16,
            "Y":36.29435,
            "X":127.382374,
            "rank":61.0,
            "area_info":"34평(115.53), 36평(119.86), 39평(129.66), 46평(152.62)",
            "last_sales":"2021-12-17,35000.0,34평(115.53)",
            "rank_history":[
                [
                    "202202",
                    61
                ],
                [
                    "202201",
                    63
                ]
            ],
            "rank_gap":2
        },
        {
            "index":232,
            "아파트명":"빌리프(도시형)",
            "투자타입":"일반",
            "전용면적(m2)":"24.88",
            "전용면적(평)":"7평",
            "법정동주소":"대전시 중구 선화동 283",
            "도로명주소":"대전시 중구 대종로517번길 61",
            "세대수":0,
            "입주년차":80,
            "용적률점수":"--",
            "건폐율점수":"--",
            "세대당주차수":0,
            "난방방식":30,
            "공급면적":"--",
            "전용률":"--",
            "욕실수":50,
            "현관타입":10,
            "주거총점":25.0,
            "지역구공급총점":0.0,
            "역세권":80,
            "30분내 이동가능 거점":20,
            "1시간내 이동가능 거점":10,
            "교통총점":48.0,
            "백화점":0,
            "아울렛몰":0,
            "대형마트":0,
            "은행":100,
            "병원":0,
            "종합병원":100,
            "공원":80,
            "혐오시설":0,
            "인프라총점":32.4,
            "초등학군":90.01,
            "중학군":49.84,
            "학군총점":57.874,
            "인구수":24.74,
            "인구증감":-11.39,
            "인구총점":13.901,
            "일자리":13.31,
            "소득수준":52.55,
            "일자리총점":25.082,
            "가치 총점":40.5322,
            "매매실거래년":20211001.0,
            "매매실거래가":10500.0,
            "전세실거래년":20180306.0,
            "전세실거래가":5800.0,
            "전세가율":82.86,
            "장기전세가율평균":70.88,
            "전세가율거품지수":-11.98,
            "검색코드":114359,
            "세대수":240.0,
            "준공년월":"2016-11-30",
            "준공년차":7.0,
            "가까운역이름":"중앙로",
            "가까운역거리":427.07,
            "역세권여부":"역세권",
            "30분이내주요거점역":1,
            "30분거점역이름":"['대전']",
            "1시간이내주요거점역":1,
            "1시간거점역이름":"['대전']",
            "3km이내백화점수":0,
            "5km이내아울렛몰수":0,
            "1km이내대형먀트수":0,
            "500m이내은행수":5,
            "500m이내병원수":0,
            "5km이내대형병원수":6,
            "500m이내공원수":1,
            "3km이내혐오시설수":0,
            "초등학교학업성취도":90.01,
            "중학교학업성취도":82.4,
            "용적률":574,
            "건폐율":75,
            "Y":36.328487,
            "X":127.421066,
            "rank":62.0,
            "area_info":"7평(24.88), 8평(27.64), 12평(39.95), 12평(39.74), 13평(44.41), 13평(44.19)",
            "last_sales":"2021-10-01,10500.0,13평(44.41)",
            "rank_history":[
                [
                    "202202",
                    62
                ],
                [
                    "202201",
                    74
                ]
            ],
            "rank_gap":12
        },
        {
            "index":429,
            "아파트명":"삼부5차",
            "투자타입":"재건축",
            "전용면적(m2)":"102.18",
            "전용면적(평)":"30평",
            "법정동주소":"대전시 중구 태평동 408-1",
            "도로명주소":"대전시 중구 태평로 89",
            "세대수":30,
            "입주년차":"--",
            "용적률점수":0,
            "건폐율점수":0,
            "세대당주차수":"--",
            "난방방식":"--",
            "공급면적":90,
            "전용률":80,
            "욕실수":"--",
            "현관타입":"--",
            "주거총점":17.5,
            "지역구공급총점":0.0,
            "역세권":0,
            "30분내 이동가능 거점":0,
            "1시간내 이동가능 거점":10,
            "교통총점":2.0,
            "백화점":100,
            "아울렛몰":0,
            "대형마트":80,
            "은행":0,
            "병원":0,
            "종합병원":100,
            "공원":100,
            "혐오시설":0,
            "인프라총점":65.0,
            "초등학군":89.99,
            "중학군":45.56,
            "학군총점":54.446,
            "인구수":24.74,
            "인구증감":-11.39,
            "인구총점":13.901,
            "일자리":13.31,
            "소득수준":52.55,
            "일자리총점":25.082,
            "가치 총점":40.5088,
            "매매실거래년":20211207.0,
            "매매실거래가":27000.0,
            "전세실거래년":20211207.0,
            "전세실거래가":25000.0,
            "전세가율":92.59,
            "장기전세가율평균":70.88,
            "전세가율거품지수":-21.71,
            "검색코드":6454,
            "세대수":340.0,
            "준공년월":"1991-12-27",
            "준공년차":32.0,
            "가까운역이름":"오룡",
            "가까운역거리":1121.25,
            "역세권여부":"비역세권",
            "30분이내주요거점역":0,
            "30분거점역이름":"[]",
            "1시간이내주요거점역":1,
            "1시간거점역이름":"['대전']",
            "3km이내백화점수":1,
            "5km이내아울렛몰수":0,
            "1km이내대형먀트수":1,
            "500m이내은행수":1,
            "500m이내병원수":0,
            "5km이내대형병원수":7,
            "500m이내공원수":2,
            "3km이내혐오시설수":0,
            "초등학교학업성취도":89.99,
            "중학교학업성취도":75.8,
            "용적률":0,
            "건폐율":0,
            "Y":36.324697,
            "X":127.393428,
            "rank":63.0,
            "area_info":"30평(102.18), 43평(143.78)",
            "last_sales":"2021-12-07,27000.0,30평(102.18)",
            "rank_history":[
                [
                    "202202",
                    63
                ],
                [
                    "202201",
                    61
                ]
            ],
            "rank_gap":-2
        },
        {
            "index":332,
            "아파트명":"유진하나",
            "투자타입":"일반",
            "전용면적(m2)":"80.32",
            "전용면적(평)":"24평",
            "법정동주소":"대전시 중구 유천동 319-1",
            "도로명주소":"대전시 중구 태평로44번길 53",
            "세대수":0,
            "입주년차":0,
            "용적률점수":"--",
            "건폐율점수":"--",
            "세대당주차수":0,
            "난방방식":30,
            "공급면적":"--",
            "전용률":"--",
            "욕실수":50,
            "현관타입":10,
            "주거총점":9.0,
            "지역구공급총점":0.0,
            "역세권":0,
            "30분내 이동가능 거점":0,
            "1시간내 이동가능 거점":10,
            "교통총점":2.0,
            "백화점":100,
            "아울렛몰":0,
            "대형마트":80,
            "은행":70,
            "병원":0,
            "종합병원":100,
            "공원":100,
            "혐오시설":0,
            "인프라총점":72.0,
            "초등학군":89.99,
            "중학군":45.56,
            "학군총점":54.446,
            "인구수":24.74,
            "인구증감":-11.39,
            "인구총점":13.901,
            "일자리":13.31,
            "소득수준":52.55,
            "일자리총점":25.082,
            "가치 총점":40.4838,
            "매매실거래년":20211011.0,
            "매매실거래가":25500.0,
            "전세실거래년":20211019.0,
            "전세실거래가":19000.0,
            "전세가율":74.51,
            "장기전세가율평균":70.88,
            "전세가율거품지수":-3.63,
            "검색코드":6351,
            "세대수":234.0,
            "준공년월":"1997-12-23",
            "준공년차":26.0,
            "가까운역이름":"오룡",
            "가까운역거리":1169.13,
            "역세권여부":"비역세권",
            "30분이내주요거점역":0,
            "30분거점역이름":"[]",
            "1시간이내주요거점역":1,
            "1시간거점역이름":"['대전']",
            "3km이내백화점수":1,
            "5km이내아울렛몰수":0,
            "1km이내대형먀트수":1,
            "500m이내은행수":3,
            "500m이내병원수":0,
            "5km이내대형병원수":6,
            "500m이내공원수":2,
            "3km이내혐오시설수":0,
            "초등학교학업성취도":89.99,
            "중학교학업성취도":75.8,
            "용적률":388,
            "건폐율":30,
            "Y":36.32163,
            "X":127.39525,
            "rank":64.0,
            "area_info":"24평(80.32), 28평(94.47), 31평(103.64)",
            "last_sales":"2021-10-11,25500.0,24평(80.32)",
            "rank_history":[
                [
                    "202202",
                    64
                ],
                [
                    "202201",
                    57
                ]
            ],
            "rank_gap":-7
        },
        {
            "index":270,
            "아파트명":"현대",
            "투자타입":"재건축",
            "전용면적(m2)":"107.76",
            "전용면적(평)":"32평",
            "법정동주소":"대전시 중구 선화동 151-1",
            "도로명주소":"대전시 중구 보문로 341",
            "세대수":0,
            "입주년차":"--",
            "용적률점수":0,
            "건폐율점수":0,
            "세대당주차수":"--",
            "난방방식":"--",
            "공급면적":90,
            "전용률":60,
            "욕실수":"--",
            "현관타입":"--",
            "주거총점":7.5,
            "지역구공급총점":0.0,
            "역세권":50,
            "30분내 이동가능 거점":0,
            "1시간내 이동가능 거점":10,
            "교통총점":27.0,
            "백화점":100,
            "아울렛몰":0,
            "대형마트":0,
            "은행":0,
            "병원":0,
            "종합병원":100,
            "공원":0,
            "혐오시설":0,
            "인프라총점":50.0,
            "초등학군":90.01,
            "중학군":57.5,
            "학군총점":64.002,
            "인구수":24.74,
            "인구증감":-11.39,
            "인구총점":13.901,
            "일자리":13.31,
            "소득수준":52.55,
            "일자리총점":25.082,
            "가치 총점":40.1256,
            "매매실거래년":20211214.0,
            "매매실거래가":20000.0,
            "전세실거래년":20211103.0,
            "전세실거래가":25000.0,
            "전세가율":125.0,
            "장기전세가율평균":70.88,
            "전세가율거품지수":-54.12,
            "검색코드":6315,
            "세대수":212.0,
            "준공년월":"1986-09-10",
            "준공년차":37.0,
            "가까운역이름":"중앙로",
            "가까운역거리":826.94,
            "역세권여부":"준역세권",
            "30분이내주요거점역":0,
            "30분거점역이름":"[]",
            "1시간이내주요거점역":1,
            "1시간거점역이름":"['대전']",
            "3km이내백화점수":1,
            "5km이내아울렛몰수":0,
            "1km이내대형먀트수":0,
            "500m이내은행수":0,
            "500m이내병원수":0,
            "5km이내대형병원수":6,
            "500m이내공원수":0,
            "3km이내혐오시설수":0,
            "초등학교학업성취도":90.01,
            "중학교학업성취도":95.3,
            "용적률":0,
            "건폐율":0,
            "Y":36.333213,
            "X":127.418524,
            "rank":65.0,
            "area_info":"32평(107.76), 33평(110.43), 49평(162.31)",
            "last_sales":"2021-12-14,20000.0,32평(107.76)",
            "rank_history":[
                [
                    "202202",
                    65
                ],
                [
                    "202201",
                    73
                ]
            ],
            "rank_gap":8
        },
        {
            "index":97,
            "아파트명":"극동",
            "투자타입":"재건축",
            "전용면적(m2)":"85.7",
            "전용면적(평)":"25평",
            "법정동주소":"대전시 중구 문화동 584-4",
            "도로명주소":"대전시 중구 송리로 6",
            "세대수":0,
            "입주년차":"--",
            "용적률점수":100,
            "건폐율점수":100,
            "세대당주차수":"--",
            "난방방식":"--",
            "공급면적":70,
            "전용률":80,
            "욕실수":"--",
            "현관타입":"--",
            "주거총점":67.5,
            "지역구공급총점":0.0,
            "역세권":0,
            "30분내 이동가능 거점":0,
            "1시간내 이동가능 거점":10,
            "교통총점":2.0,
            "백화점":0,
            "아울렛몰":0,
            "대형마트":0,
            "은행":0,
            "병원":0,
            "종합병원":100,
            "공원":100,
            "혐오시설":0,
            "인프라총점":23.0,
            "초등학군":89.99,
            "중학군":39.54,
            "학군총점":49.63,
            "인구수":24.74,
            "인구증감":-11.39,
            "인구총점":13.901,
            "일자리":13.31,
            "소득수준":52.55,
            "일자리총점":25.082,
            "가치 총점":38.964,
            "매매실거래년":20211023.0,
            "매매실거래가":28000.0,
            "전세실거래년":20210225.0,
            "전세실거래가":10000.0,
            "전세가율":56.18,
            "장기전세가율평균":70.88,
            "전세가율거품지수":14.7,
            "검색코드":6285,
            "세대수":216.0,
            "준공년월":"1992-08-28",
            "준공년차":31.0,
            "가까운역이름":"서대전네거리",
            "가까운역거리":1992.11,
            "역세권여부":"비역세권",
            "30분이내주요거점역":0,
            "30분거점역이름":"[]",
            "1시간이내주요거점역":1,
            "1시간거점역이름":"['대전']",
            "3km이내백화점수":0,
            "5km이내아울렛몰수":0,
            "1km이내대형먀트수":0,
            "500m이내은행수":0,
            "500m이내병원수":0,
            "5km이내대형병원수":4,
            "500m이내공원수":4,
            "3km이내혐오시설수":0,
            "초등학교학업성취도":89.99,
            "중학교학업성취도":64.9,
            "용적률":119,
            "건폐율":11,
            "Y":36.306403,
            "X":127.402622,
            "rank":66.0,
            "area_info":"25평(85.7), 31평(103.79), 40평(135.38)",
            "last_sales":"2021-10-23,28000.0,40평(135.38)",
            "rank_history":[
                [
                    "202202",
                    66
                ],
                [
                    "202201",
                    50
                ]
            ],
            "rank_gap":-16
        },
        {
            "index":166,
            "아파트명":"한밭우성",
            "투자타입":"일반",
            "전용면적(m2)":"78.04",
            "전용면적(평)":"23평",
            "법정동주소":"대전시 중구 문화동 141",
            "도로명주소":"대전시 중구 서문로 32",
            "세대수":90,
            "입주년차":0,
            "용적률점수":"--",
            "건폐율점수":"--",
            "세대당주차수":0,
            "난방방식":30,
            "공급면적":"--",
            "전용률":"--",
            "욕실수":50,
            "현관타입":100,
            "주거총점":49.5,
            "지역구공급총점":0.0,
            "역세권":0,
            "30분내 이동가능 거점":0,
            "1시간내 이동가능 거점":10,
            "교통총점":2.0,
            "백화점":0,
            "아울렛몰":0,
            "대형마트":80,
            "은행":0,
            "병원":0,
            "종합병원":100,
            "공원":100,
            "혐오시설":0,
            "인프라총점":35.0,
            "초등학군":90.0,
            "중학군":41.86,
            "학군총점":51.488,
            "인구수":24.74,
            "인구증감":-11.39,
            "인구총점":13.901,
            "일자리":13.31,
            "소득수준":52.55,
            "일자리총점":25.082,
            "가치 총점":38.6214,
            "매매실거래년":20211111.0,
            "매매실거래가":28000.0,
            "전세실거래년":20220124.0,
            "전세실거래가":15000.0,
            "전세가율":53.57,
            "장기전세가율평균":70.88,
            "전세가율거품지수":17.31,
            "검색코드":6308,
            "세대수":974.0,
            "준공년월":"1995-06-08",
            "준공년차":28.0,
            "가까운역이름":"서대전네거리",
            "가까운역거리":1191.35,
            "역세권여부":"비역세권",
            "30분이내주요거점역":0,
            "30분거점역이름":"[]",
            "1시간이내주요거점역":1,
            "1시간거점역이름":"['대전']",
            "3km이내백화점수":0,
            "5km이내아울렛몰수":0,
            "1km이내대형먀트수":1,
            "500m이내은행수":0,
            "500m이내병원수":0,
            "5km이내대형병원수":5,
            "500m이내공원수":4,
            "3km이내혐오시설수":0,
            "초등학교학업성취도":90.0,
            "중학교학업성취도":69.1,
            "용적률":0,
            "건폐율":0,
            "Y":36.311998,
            "X":127.409506,
            "rank":67.0,
            "area_info":"23평(78.04), 31평(104.25), 48평(159.13)",
            "last_sales":"2021-11-11,28000.0,23평(78.04)",
            "rank_history":[
                [
                    "202202",
                    67
                ],
                [
                    "202201",
                    56
                ]
            ],
            "rank_gap":-11
        },
        {
            "index":26,
            "아파트명":"대전센트럴자이2단지",
            "투자타입":"일반",
            "전용면적(m2)":"57.09",
            "전용면적(평)":"17평",
            "법정동주소":"대전시 중구 대흥동 913",
            "도로명주소":"대전시 중구 충무로107번길 100",
            "세대수":0,
            "입주년차":60,
            "용적률점수":"--",
            "건폐율점수":"--",
            "세대당주차수":30,
            "난방방식":30,
            "공급면적":"--",
            "전용률":"--",
            "욕실수":50,
            "현관타입":100,
            "주거총점":34.5,
            "지역구공급총점":0.0,
            "역세권":50,
            "30분내 이동가능 거점":20,
            "1시간내 이동가능 거점":10,
            "교통총점":33.0,
            "백화점":0,
            "아울렛몰":0,
            "대형마트":80,
            "은행":0,
            "병원":0,
            "종합병원":100,
            "공원":100,
            "혐오시설":0,
            "인프라총점":35.0,
            "초등학군":89.97,
            "중학군":36.54,
            "학군총점":47.226,
            "인구수":24.74,
            "인구증감":-11.39,
            "인구총점":13.901,
            "일자리":13.31,
            "소득수준":52.55,
            "일자리총점":25.082,
            "가치 총점":38.2428,
            "매매실거래년":20220106.0,
            "매매실거래가":21000.0,
            "전세실거래년":20220121.0,
            "전세실거래가":14700.0,
            "전세가율":70.0,
            "장기전세가율평균":70.88,
            "전세가율거품지수":0.88,
            "검색코드":103256,
            "세대수":278.0,
            "준공년월":"2013-09-24",
            "준공년차":10.0,
            "가까운역이름":"중앙로",
            "가까운역거리":726.88,
            "역세권여부":"준역세권",
            "30분이내주요거점역":1,
            "30분거점역이름":"['대전']",
            "1시간이내주요거점역":1,
            "1시간거점역이름":"['대전']",
            "3km이내백화점수":0,
            "5km이내아울렛몰수":0,
            "1km이내대형먀트수":1,
            "500m이내은행수":1,
            "500m이내병원수":0,
            "5km이내대형병원수":4,
            "500m이내공원수":2,
            "3km이내혐오시설수":0,
            "초등학교학업성취도":89.97,
            "중학교학업성취도":60.5,
            "용적률":246,
            "건폐율":35,
            "Y":36.322138,
            "X":127.426269,
            "rank":68.0,
            "area_info":"17평(57.09), 26평(85.96), 26평(86.61), 31평(104.28)",
            "last_sales":"2022-01-06,21000.0,17평(57.09)",
            "rank_history":[
                [
                    "202202",
                    68
                ],
                [
                    "202201",
                    65
                ]
            ],
            "rank_gap":-3
        },
        {
            "index":37,
            "아파트명":"현대1차",
            "투자타입":"재건축",
            "전용면적(m2)":"74.99",
            "전용면적(평)":"22평",
            "법정동주소":"대전시 중구 대흥동 22-7",
            "도로명주소":"대전시 중구 대흥로 176-15",
            "세대수":50,
            "입주년차":"--",
            "용적률점수":0,
            "건폐율점수":0,
            "세대당주차수":"--",
            "난방방식":"--",
            "공급면적":50,
            "전용률":60,
            "욕실수":"--",
            "현관타입":"--",
            "주거총점":20.5,
            "지역구공급총점":0.0,
            "역세권":50,
            "30분내 이동가능 거점":20,
            "1시간내 이동가능 거점":10,
            "교통총점":33.0,
            "백화점":0,
            "아울렛몰":0,
            "대형마트":80,
            "은행":0,
            "병원":0,
            "종합병원":100,
            "공원":80,
            "혐오시설":0,
            "인프라총점":34.4,
            "초등학군":89.97,
            "중학군":49.84,
            "학군총점":57.866,
            "인구수":24.74,
            "인구증감":-11.39,
            "인구총점":13.901,
            "일자리":13.31,
            "소득수준":52.55,
            "일자리총점":25.082,
            "가치 총점":37.7548,
            "매매실거래년":20211122.0,
            "매매실거래가":21000.0,
            "전세실거래년":20211212.0,
            "전세실거래가":17000.0,
            "전세가율":79.44,
            "장기전세가율평균":70.88,
            "전세가율거품지수":-8.56,
            "검색코드":6240,
            "세대수":476.0,
            "준공년월":"1987-10-05",
            "준공년차":36.0,
            "가까운역이름":"중앙로",
            "가까운역거리":736.04,
            "역세권여부":"준역세권",
            "30분이내주요거점역":1,
            "30분거점역이름":"['대전']",
            "1시간이내주요거점역":1,
            "1시간거점역이름":"['대전']",
            "3km이내백화점수":0,
            "5km이내아울렛몰수":0,
            "1km이내대형먀트수":1,
            "500m이내은행수":0,
            "500m이내병원수":0,
            "5km이내대형병원수":5,
            "500m이내공원수":1,
            "3km이내혐오시설수":0,
            "초등학교학업성취도":89.97,
            "중학교학업성취도":82.4,
            "용적률":0,
            "건폐율":0,
            "Y":36.32412,
            "X":127.431801,
            "rank":69.0,
            "area_info":"22평(74.99), 25평(83.17), 28평(94.74), 28평(94.15), 31평(104.85)",
            "last_sales":"2021-11-22,21000.0,28평(94.74)",
            "rank_history":[
                [
                    "202202",
                    69
                ],
                [
                    "202201",
                    81
                ]
            ],
            "rank_gap":12
        },
        {
            "index":371,
            "아파트명":"시영",
            "투자타입":"재건축",
            "전용면적(m2)":"60.35",
            "전용면적(평)":"18평",
            "법정동주소":"대전시 중구 중촌동 10-3",
            "도로명주소":"대전시 중구 대종로 701",
            "세대수":30,
            "입주년차":"--",
            "용적률점수":0,
            "건폐율점수":0,
            "세대당주차수":"--",
            "난방방식":"--",
            "공급면적":50,
            "전용률":100,
            "욕실수":"--",
            "현관타입":"--",
            "주거총점":16.5,
            "지역구공급총점":0.0,
            "역세권":0,
            "30분내 이동가능 거점":20,
            "1시간내 이동가능 거점":10,
            "교통총점":8.0,
            "백화점":100,
            "아울렛몰":0,
            "대형마트":0,
            "은행":0,
            "병원":0,
            "종합병원":100,
            "공원":80,
            "혐오시설":0,
            "인프라총점":52.4,
            "초등학군":89.99,
            "중학군":45.96,
            "학군총점":54.766,
            "인구수":24.74,
            "인구증감":-11.39,
            "인구총점":13.901,
            "일자리":13.31,
            "소득수준":52.55,
            "일자리총점":25.082,
            "가치 총점":37.4748,
            "매매실거래년":20211115.0,
            "매매실거래가":25300.0,
            "전세실거래년":20220110.0,
            "전세실거래가":13000.0,
            "전세가율":51.38,
            "장기전세가율평균":70.88,
            "전세가율거품지수":19.5,
            "검색코드":6228,
            "세대수":360.0,
            "준공년월":"1986-10-08",
            "준공년차":37.0,
            "가까운역이름":"용문",
            "가까운역거리":1438.08,
            "역세권여부":"비역세권",
            "30분이내주요거점역":1,
            "30분거점역이름":"['대전']",
            "1시간이내주요거점역":1,
            "1시간거점역이름":"['대전']",
            "3km이내백화점수":2,
            "5km이내아울렛몰수":0,
            "1km이내대형먀트수":0,
            "500m이내은행수":0,
            "500m이내병원수":0,
            "5km이내대형병원수":6,
            "500m이내공원수":1,
            "3km이내혐오시설수":0,
            "초등학교학업성취도":89.99,
            "중학교학업성취도":76.6,
            "용적률":0,
            "건폐율":0,
            "Y":36.341313,
            "X":127.408984,
            "rank":70.0,
            "area_info":"18평(60.35)",
            "last_sales":"2021-11-15,25300.0,18평(60.35)",
            "rank_history":[
                [
                    "202202",
                    70
                ],
                [
                    "202201",
                    64
                ]
            ],
            "rank_gap":-6
        },
        {
            "index":94,
            "아파트명":"계룡문화",
            "투자타입":"재건축",
            "전용면적(m2)":"93.97",
            "전용면적(평)":"28평",
            "법정동주소":"대전시 중구 문화동 418-1",
            "도로명주소":"대전시 중구 천근로69번길 114",
            "세대수":0,
            "입주년차":"--",
            "용적률점수":0,
            "건폐율점수":80,
            "세대당주차수":"--",
            "난방방식":"--",
            "공급면적":70,
            "전용률":80,
            "욕실수":"--",
            "현관타입":"--",
            "주거총점":23.5,
            "지역구공급총점":0.0,
            "역세권":0,
            "30분내 이동가능 거점":20,
            "1시간내 이동가능 거점":10,
            "교통총점":8.0,
            "백화점":0,
            "아울렛몰":0,
            "대형마트":80,
            "은행":0,
            "병원":0,
            "종합병원":100,
            "공원":100,
            "혐오시설":0,
            "인프라총점":35.0,
            "초등학군":90.0,
            "중학군":59.72,
            "학군총점":65.776,
            "인구수":24.74,
            "인구증감":-11.39,
            "인구총점":13.901,
            "일자리":13.31,
            "소득수준":52.55,
            "일자리총점":25.082,
            "가치 총점":37.3078,
            "매매실거래년":20210826.0,
            "매매실거래가":21000.0,
            "전세실거래년":20201025.0,
            "전세실거래가":13000.0,
            "전세가율":63.41,
            "장기전세가율평균":70.88,
            "전세가율거품지수":7.47,
            "검색코드":6251,
            "세대수":168.0,
            "준공년월":"1992-07-31",
            "준공년차":31.0,
            "가까운역이름":"서대전네거리",
            "가까운역거리":1214.41,
            "역세권여부":"비역세권",
            "30분이내주요거점역":1,
            "30분거점역이름":"['대전']",
            "1시간이내주요거점역":1,
            "1시간거점역이름":"['대전']",
            "3km이내백화점수":0,
            "5km이내아울렛몰수":0,
            "1km이내대형먀트수":1,
            "500m이내은행수":0,
            "500m이내병원수":0,
            "5km이내대형병원수":5,
            "500m이내공원수":5,
            "3km이내혐오시설수":0,
            "초등학교학업성취도":90.0,
            "중학교학업성취도":98.8,
            "용적률":246,
            "건폐율":23,
            "Y":36.31326,
            "X":127.4052,
            "rank":71.0,
            "area_info":"28평(93.97), 28평(93.65), 28평(95.09)",
            "last_sales":"2021-08-26,21000.0,28평(95.09)",
            "rank_history":[
                [
                    "202202",
                    71
                ],
                [
                    "202201",
                    70
                ]
            ],
            "rank_gap":-1
        },
        {
            "index":250,
            "아파트명":"선화시티빌",
            "투자타입":"일반",
            "전용면적(m2)":"60.09",
            "전용면적(평)":"18평",
            "법정동주소":"대전시 중구 선화동 123-2",
            "도로명주소":"대전시 중구 대종로 541",
            "세대수":0,
            "입주년차":40,
            "용적률점수":"--",
            "건폐율점수":"--",
            "세대당주차수":0,
            "난방방식":30,
            "공급면적":"--",
            "전용률":"--",
            "욕실수":50,
            "현관타입":10,
            "주거총점":17.0,
            "지역구공급총점":0.0,
            "역세권":80,
            "30분내 이동가능 거점":20,
            "1시간내 이동가능 거점":10,
            "교통총점":48.0,
            "백화점":0,
            "아울렛몰":0,
            "대형마트":0,
            "은행":20,
            "병원":0,
            "종합병원":100,
            "공원":0,
            "혐오시설":0,
            "인프라총점":22.0,
            "초등학군":90.01,
            "중학군":57.5,
            "학군총점":64.002,
            "인구수":24.74,
            "인구증감":-11.39,
            "인구총점":13.901,
            "일자리":13.31,
            "소득수준":52.55,
            "일자리총점":25.082,
            "가치 총점":37.2506,
            "매매실거래년":20211025.0,
            "매매실거래가":36475.0,
            "전세실거래년":20211005.0,
            "전세실거래가":9000.0,
            "전세가율":24.67,
            "장기전세가율평균":70.88,
            "전세가율거품지수":46.21,
            "검색코드":25406,
            "세대수":112.0,
            "준공년월":"2007-04-12",
            "준공년차":16.0,
            "가까운역이름":"중앙로",
            "가까운역거리":461.22,
            "역세권여부":"역세권",
            "30분이내주요거점역":1,
            "30분거점역이름":"['대전']",
            "1시간이내주요거점역":1,
            "1시간거점역이름":"['대전']",
            "3km이내백화점수":0,
            "5km이내아울렛몰수":0,
            "1km이내대형먀트수":0,
            "500m이내은행수":2,
            "500m이내병원수":0,
            "5km이내대형병원수":6,
            "500m이내공원수":0,
            "3km이내혐오시설수":0,
            "초등학교학업성취도":90.01,
            "중학교학업성취도":95.3,
            "용적률":516,
            "건폐율":75,
            "Y":36.3314,
            "X":127.421957,
            "rank":72.0,
            "area_info":"18평(60.09)",
            "last_sales":"2021-10-25,36475.0,18평(60.09)",
            "rank_history":[
                [
                    "202202",
                    72
                ],
                [
                    "202201",
                    92
                ]
            ],
            "rank_gap":20
        },
        {
            "index":190,
            "아파트명":"강변",
            "투자타입":"일반",
            "전용면적(m2)":"78.53",
            "전용면적(평)":"23평",
            "법정동주소":"대전시 중구 사정동 516-7",
            "도로명주소":"대전시 중구 안영로 53",
            "세대수":0,
            "입주년차":80,
            "용적률점수":"--",
            "건폐율점수":"--",
            "세대당주차수":0,
            "난방방식":30,
            "공급면적":"--",
            "전용률":"--",
            "욕실수":100,
            "현관타입":100,
            "주거총점":39.0,
            "지역구공급총점":0.0,
            "역세권":0,
            "30분내 이동가능 거점":0,
            "1시간내 이동가능 거점":10,
            "교통총점":2.0,
            "백화점":0,
            "아울렛몰":0,
            "대형마트":80,
            "은행":0,
            "병원":0,
            "종합병원":100,
            "공원":100,
            "혐오시설":0,
            "인프라총점":35.0,
            "초등학군":90.01,
            "중학군":46.96,
            "학군총점":55.57,
            "인구수":24.74,
            "인구증감":-11.39,
            "인구총점":13.901,
            "일자리":13.31,
            "소득수준":52.55,
            "일자리총점":25.082,
            "가치 총점":37.221,
            "매매실거래년":20211130.0,
            "매매실거래가":22800.0,
            "전세실거래년":null,
            "전세실거래가":null,
            "전세가율":null,
            "장기전세가율평균":70.88,
            "전세가율거품지수":null,
            "검색코드":118957,
            "세대수":110.0,
            "준공년월":"2016-06-14",
            "준공년차":7.0,
            "가까운역이름":"서대전네거리",
            "가까운역거리":4225.64,
            "역세권여부":"비역세권",
            "30분이내주요거점역":0,
            "30분거점역이름":"[]",
            "1시간이내주요거점역":1,
            "1시간거점역이름":"['대전']",
            "3km이내백화점수":0,
            "5km이내아울렛몰수":0,
            "1km이내대형먀트수":1,
            "500m이내은행수":0,
            "500m이내병원수":0,
            "5km이내대형병원수":4,
            "500m이내공원수":2,
            "3km이내혐오시설수":0,
            "초등학교학업성취도":90.01,
            "중학교학업성취도":77.8,
            "용적률":0,
            "건폐율":0,
            "Y":36.294085,
            "X":127.381155,
            "rank":73.0,
            "area_info":"23평(78.53), 25평(84.26), 25평(84.75), 25평(84.75), 27평(89.72), 27평(89.91), 27평(92.25), 28평(93.31), 28평(93.76), 28평(93.31), 29평(96.68), 29평(98.48), 29평(98.48), 30평(100.11), 30평(101.39), 30평(101.47)",
            "last_sales":"2021-11-30,22800.0,29평(96.68)",
            "rank_history":[
                [
                    "202202",
                    73
                ],
                [
                    "202201",
                    83
                ]
            ],
            "rank_gap":10
        },
        {
            "index":161,
            "아파트명":"평화",
            "투자타입":"재건축",
            "전용면적(m2)":"84.08",
            "전용면적(평)":"25평",
            "법정동주소":"대전시 중구 문화동 372-2",
            "도로명주소":"대전시 중구 문화로163번길 26",
            "세대수":0,
            "입주년차":"--",
            "용적률점수":0,
            "건폐율점수":60,
            "세대당주차수":"--",
            "난방방식":"--",
            "공급면적":70,
            "전용률":80,
            "욕실수":"--",
            "현관타입":"--",
            "주거총점":19.5,
            "지역구공급총점":0.0,
            "역세권":0,
            "30분내 이동가능 거점":20,
            "1시간내 이동가능 거점":10,
            "교통총점":8.0,
            "백화점":0,
            "아울렛몰":0,
            "대형마트":80,
            "은행":0,
            "병원":0,
            "종합병원":100,
            "공원":80,
            "혐오시설":0,
            "인프라총점":34.4,
            "초등학군":90.0,
            "중학군":59.72,
            "학군총점":65.776,
            "인구수":24.74,
            "인구증감":-11.39,
            "인구총점":13.901,
            "일자리":13.31,
            "소득수준":52.55,
            "일자리총점":25.082,
            "가치 총점":36.1278,
            "매매실거래년":20210904.0,
            "매매실거래가":17500.0,
            "전세실거래년":20211027.0,
            "전세실거래가":10000.0,
            "전세가율":89.29,
            "장기전세가율평균":70.88,
            "전세가율거품지수":-18.41,
            "검색코드":14619,
            "세대수":140.0,
            "준공년월":"1992-08-18",
            "준공년차":31.0,
            "가까운역이름":"서대전네거리",
            "가까운역거리":1055.69,
            "역세권여부":"비역세권",
            "30분이내주요거점역":1,
            "30분거점역이름":"['대전']",
            "1시간이내주요거점역":1,
            "1시간거점역이름":"['대전']",
            "3km이내백화점수":0,
            "5km이내아울렛몰수":0,
            "1km이내대형먀트수":1,
            "500m이내은행수":0,
            "500m이내병원수":0,
            "5km이내대형병원수":6,
            "500m이내공원수":1,
            "3km이내혐오시설수":0,
            "초등학교학업성취도":90.0,
            "중학교학업성취도":98.8,
            "용적률":273,
            "건폐율":30,
            "Y":36.31599,
            "X":127.40391,
            "rank":74.0,
            "area_info":"25평(84.08), 25평(85.07), 28평(93.11)",
            "last_sales":"2021-09-04,17500.0,28평(93.11)",
            "rank_history":[
                [
                    "202202",
                    74
                ],
                [
                    "202201",
                    80
                ]
            ],
            "rank_gap":6
        },
        {
            "index":224,
            "아파트명":"유등천모아미래도리버뷰",
            "투자타입":"일반",
            "전용면적(m2)":"80.68",
            "전용면적(평)":"24평",
            "법정동주소":"대전시 중구 산성동 120-15",
            "도로명주소":"대전시 중구 유등천동로 218",
            "세대수":0,
            "입주년차":100,
            "용적률점수":"--",
            "건폐율점수":"--",
            "세대당주차수":30,
            "난방방식":30,
            "공급면적":"--",
            "전용률":"--",
            "욕실수":100,
            "현관타입":100,
            "주거총점":47.5,
            "지역구공급총점":0.0,
            "역세권":0,
            "30분내 이동가능 거점":0,
            "1시간내 이동가능 거점":10,
            "교통총점":2.0,
            "백화점":0,
            "아울렛몰":0,
            "대형마트":0,
            "은행":0,
            "병원":0,
            "종합병원":100,
            "공원":100,
            "혐오시설":0,
            "인프라총점":23.0,
            "초등학군":90.0,
            "중학군":46.96,
            "학군총점":55.568,
            "인구수":24.74,
            "인구증감":-11.39,
            "인구총점":13.901,
            "일자리":13.31,
            "소득수준":52.55,
            "일자리총점":25.082,
            "가치 총점":35.7454,
            "매매실거래년":20210324.0,
            "매매실거래가":43000.0,
            "전세실거래년":20220108.0,
            "전세실거래가":18000.0,
            "전세가율":67.92,
            "장기전세가율평균":70.88,
            "전세가율거품지수":2.96,
            "검색코드":113856,
            "세대수":237.0,
            "준공년월":"2019-02-26",
            "준공년차":4.0,
            "가까운역이름":"서대전네거리",
            "가까운역거리":3378.78,
            "역세권여부":"비역세권",
            "30분이내주요거점역":0,
            "30분거점역이름":"[]",
            "1시간이내주요거점역":1,
            "1시간거점역이름":"['대전']",
            "3km이내백화점수":0,
            "5km이내아울렛몰수":0,
            "1km이내대형먀트수":0,
            "500m이내은행수":0,
            "500m이내병원수":0,
            "5km이내대형병원수":5,
            "500m이내공원수":2,
            "3km이내혐오시설수":0,
            "초등학교학업성취도":90.0,
            "중학교학업성취도":77.8,
            "용적률":245,
            "건폐율":21,
            "Y":36.303464,
            "X":127.383107,
            "rank":75.0,
            "area_info":"24평(80.68), 24평(81.19), 31평(102.61), 31평(102.63), 34평(112.76), 34평(113.03)",
            "last_sales":"2021-03-24,43000.0,34평(113.03)",
            "rank_history":[
                [
                    "202202",
                    75
                ],
                [
                    "202201",
                    62
                ]
            ],
            "rank_gap":-13
        },
        {
            "index":362,
            "아파트명":"금성백조",
            "투자타입":"재건축",
            "전용면적(m2)":"82.9",
            "전용면적(평)":"25평",
            "법정동주소":"대전시 중구 중촌동 88",
            "도로명주소":"대전시 중구 중촌로 31",
            "세대수":0,
            "입주년차":"--",
            "용적률점수":0,
            "건폐율점수":0,
            "세대당주차수":"--",
            "난방방식":"--",
            "공급면적":70,
            "전용률":80,
            "욕실수":"--",
            "현관타입":"--",
            "주거총점":7.5,
            "지역구공급총점":0.0,
            "역세권":0,
            "30분내 이동가능 거점":20,
            "1시간내 이동가능 거점":10,
            "교통총점":8.0,
            "백화점":100,
            "아울렛몰":0,
            "대형마트":0,
            "은행":0,
            "병원":0,
            "종합병원":100,
            "공원":80,
            "혐오시설":0,
            "인프라총점":52.4,
            "초등학군":89.99,
            "중학군":45.96,
            "학군총점":54.766,
            "인구수":24.74,
            "인구증감":-11.39,
            "인구총점":13.901,
            "일자리":13.31,
            "소득수준":52.55,
            "일자리총점":25.082,
            "가치 총점":35.2248,
            "매매실거래년":20211228.0,
            "매매실거래가":21800.0,
            "전세실거래년":20211210.0,
            "전세실거래가":15000.0,
            "전세가율":83.33,
            "장기전세가율평균":70.88,
            "전세가율거품지수":-12.45,
            "검색코드":6224,
            "세대수":182.0,
            "준공년월":"1989-10-13",
            "준공년차":34.0,
            "가까운역이름":"오룡",
            "가까운역거리":1411.47,
            "역세권여부":"비역세권",
            "30분이내주요거점역":1,
            "30분거점역이름":"['대전']",
            "1시간이내주요거점역":1,
            "1시간거점역이름":"['대전']",
            "3km이내백화점수":1,
            "5km이내아울렛몰수":0,
            "1km이내대형먀트수":0,
            "500m이내은행수":0,
            "500m이내병원수":0,
            "5km이내대형병원수":6,
            "500m이내공원수":1,
            "3km이내혐오시설수":0,
            "초등학교학업성취도":89.99,
            "중학교학업성취도":76.6,
            "용적률":0,
            "건폐율":0,
            "Y":36.34046,
            "X":127.41082,
            "rank":76.0,
            "area_info":"25평(82.9), 28평(95.58), 30평(101.18)",
            "last_sales":"2021-12-28,21800.0,28평(95.58)",
            "rank_history":[
                [
                    "202202",
                    76
                ],
                [
                    "202201",
                    77
                ]
            ],
            "rank_gap":1
        },
        {
            "index":0,
            "아파트명":"계룡",
            "투자타입":"재건축",
            "전용면적(m2)":"115.56",
            "전용면적(평)":"34평",
            "법정동주소":"대전시 중구 대사동 248-219",
            "도로명주소":"대전시 중구 계룡로929번길 40",
            "세대수":0,
            "입주년차":"--",
            "용적률점수":0,
            "건폐율점수":0,
            "세대당주차수":"--",
            "난방방식":"--",
            "공급면적":90,
            "전용률":80,
            "욕실수":"--",
            "현관타입":"--",
            "주거총점":8.5,
            "지역구공급총점":0.0,
            "역세권":80,
            "30분내 이동가능 거점":20,
            "1시간내 이동가능 거점":10,
            "교통총점":48.0,
            "백화점":0,
            "아울렛몰":0,
            "대형마트":80,
            "은행":70,
            "병원":0,
            "종합병원":100,
            "공원":0,
            "혐오시설":0,
            "인프라총점":39.0,
            "초등학군":89.99,
            "중학군":36.54,
            "학군총점":47.23,
            "인구수":24.74,
            "인구증감":-11.39,
            "인구총점":13.901,
            "일자리":13.31,
            "소득수준":52.55,
            "일자리총점":25.082,
            "가치 총점":35.194,
            "매매실거래년":20211203.0,
            "매매실거래가":30800.0,
            "전세실거래년":20191018.0,
            "전세실거래가":4000.0,
            "전세가율":13.79,
            "장기전세가율평균":70.88,
            "전세가율거품지수":57.09,
            "검색코드":6212,
            "세대수":180.0,
            "준공년월":"1990-07-18",
            "준공년차":33.0,
            "가까운역이름":"서대전네거리",
            "가까운역거리":469.6,
            "역세권여부":"역세권",
            "30분이내주요거점역":1,
            "30분거점역이름":"['대전']",
            "1시간이내주요거점역":1,
            "1시간거점역이름":"['대전']",
            "3km이내백화점수":0,
            "5km이내아울렛몰수":0,
            "1km이내대형먀트수":1,
            "500m이내은행수":3,
            "500m이내병원수":0,
            "5km이내대형병원수":6,
            "500m이내공원수":0,
            "3km이내혐오시설수":0,
            "초등학교학업성취도":89.99,
            "중학교학업성취도":60.5,
            "용적률":0,
            "건폐율":0,
            "Y":36.32058,
            "X":127.417293,
            "rank":77.0,
            "area_info":"34평(115.56), 43평(144.92)",
            "last_sales":"2021-12-03,30800.0,43평(144.92)",
            "rank_history":[
                [
                    "202202",
                    77
                ],
                [
                    "202201",
                    86
                ]
            ],
            "rank_gap":9
        },
        {
            "index":164,
            "아파트명":"푸른",
            "투자타입":"일반",
            "전용면적(m2)":"120.52",
            "전용면적(평)":"36평",
            "법정동주소":"대전시 중구 문화동 777",
            "도로명주소":"대전시 중구 보문산로161번길 56",
            "세대수":50,
            "입주년차":0,
            "용적률점수":"--",
            "건폐율점수":"--",
            "세대당주차수":60,
            "난방방식":30,
            "공급면적":"--",
            "전용률":"--",
            "욕실수":100,
            "현관타입":100,
            "주거총점":49.5,
            "지역구공급총점":0.0,
            "역세권":0,
            "30분내 이동가능 거점":0,
            "1시간내 이동가능 거점":10,
            "교통총점":2.0,
            "백화점":0,
            "아울렛몰":0,
            "대형마트":0,
            "은행":0,
            "병원":0,
            "종합병원":100,
            "공원":100,
            "혐오시설":0,
            "인프라총점":23.0,
            "초등학군":90.01,
            "중학군":39.54,
            "학군총점":49.634,
            "인구수":24.74,
            "인구증감":-11.39,
            "인구총점":13.901,
            "일자리":13.31,
            "소득수준":52.55,
            "일자리총점":25.082,
            "가치 총점":34.4652,
            "매매실거래년":20211207.0,
            "매매실거래가":35500.0,
            "전세실거래년":20211211.0,
            "전세실거래가":20000.0,
            "전세가율":58.82,
            "장기전세가율평균":70.88,
            "전세가율거품지수":12.06,
            "검색코드":6289,
            "세대수":480.0,
            "준공년월":"1994-11-15",
            "준공년차":29.0,
            "가까운역이름":"서대전네거리",
            "가까운역거리":2020.42,
            "역세권여부":"비역세권",
            "30분이내주요거점역":0,
            "30분거점역이름":"[]",
            "1시간이내주요거점역":1,
            "1시간거점역이름":"['대전']",
            "3km이내백화점수":0,
            "5km이내아울렛몰수":0,
            "1km이내대형먀트수":0,
            "500m이내은행수":0,
            "500m이내병원수":0,
            "5km이내대형병원수":5,
            "500m이내공원수":5,
            "3km이내혐오시설수":0,
            "초등학교학업성취도":90.01,
            "중학교학업성취도":64.9,
            "용적률":0,
            "건폐율":0,
            "Y":36.308516,
            "X":127.398063,
            "rank":78.0,
            "area_info":"36평(120.52), 44평(148.62)",
            "last_sales":"2021-12-07,35500.0,44평(148.62)",
            "rank_history":[
                [
                    "202202",
                    78
                ],
                [
                    "202201",
                    66
                ]
            ],
            "rank_gap":-12
        },
        {
            "index":2,
            "아파트명":"대자연",
            "투자타입":"일반",
            "전용면적(m2)":"80.4",
            "전용면적(평)":"24평",
            "법정동주소":"대전시 중구 대사동 640-7",
            "도로명주소":"대전시 중구 보문산로 375",
            "세대수":0,
            "입주년차":20,
            "용적률점수":"--",
            "건폐율점수":"--",
            "세대당주차수":0,
            "난방방식":30,
            "공급면적":"--",
            "전용률":"--",
            "욕실수":100,
            "현관타입":100,
            "주거총점":27.0,
            "지역구공급총점":0.0,
            "역세권":50,
            "30분내 이동가능 거점":20,
            "1시간내 이동가능 거점":10,
            "교통총점":33.0,
            "백화점":0,
            "아울렛몰":0,
            "대형마트":0,
            "은행":0,
            "병원":0,
            "종합병원":100,
            "공원":80,
            "혐오시설":0,
            "인프라총점":22.4,
            "초등학군":90.03,
            "중학군":41.86,
            "학군총점":51.494,
            "인구수":24.74,
            "인구증감":-11.39,
            "인구총점":13.901,
            "일자리":13.31,
            "소득수준":52.55,
            "일자리총점":25.082,
            "가치 총점":33.8682,
            "매매실거래년":20211016.0,
            "매매실거래가":17800.0,
            "전세실거래년":20210807.0,
            "전세실거래가":13000.0,
            "전세가율":73.03,
            "장기전세가율평균":70.88,
            "전세가율거품지수":-2.15,
            "검색코드":27492,
            "세대수":145.0,
            "준공년월":"2002-11-21",
            "준공년차":21.0,
            "가까운역이름":"서대전네거리",
            "가까운역거리":872.84,
            "역세권여부":"준역세권",
            "30분이내주요거점역":1,
            "30분거점역이름":"['대전']",
            "1시간이내주요거점역":1,
            "1시간거점역이름":"['대전']",
            "3km이내백화점수":0,
            "5km이내아울렛몰수":0,
            "1km이내대형먀트수":0,
            "500m이내은행수":1,
            "500m이내병원수":0,
            "5km이내대형병원수":5,
            "500m이내공원수":1,
            "3km이내혐오시설수":0,
            "초등학교학업성취도":90.03,
            "중학교학업성취도":69.1,
            "용적률":198,
            "건폐율":35,
            "Y":36.315469,
            "X":127.417097,
            "rank":79.0,
            "area_info":"24평(80.4)",
            "last_sales":"2021-10-16,17800.0,24평(80.4)",
            "rank_history":[
                [
                    "202202",
                    79
                ],
                [
                    "202201",
                    88
                ]
            ],
            "rank_gap":9
        },
        {
            "index":158,
            "아파트명":"주공1단지",
            "투자타입":"일반",
            "전용면적(m2)":"56.02",
            "전용면적(평)":"16평",
            "법정동주소":"대전시 중구 문화동 779",
            "도로명주소":"대전시 중구 보문산로161번길 55",
            "세대수":90,
            "입주년차":0,
            "용적률점수":"--",
            "건폐율점수":"--",
            "세대당주차수":0,
            "난방방식":80,
            "공급면적":"--",
            "전용률":"--",
            "욕실수":50,
            "현관타입":10,
            "주거총점":45.5,
            "지역구공급총점":0.0,
            "역세권":0,
            "30분내 이동가능 거점":0,
            "1시간내 이동가능 거점":10,
            "교통총점":2.0,
            "백화점":0,
            "아울렛몰":0,
            "대형마트":0,
            "은행":0,
            "병원":0,
            "종합병원":100,
            "공원":100,
            "혐오시설":0,
            "인프라총점":23.0,
            "초등학군":90.01,
            "중학군":39.54,
            "학군총점":49.634,
            "인구수":24.74,
            "인구증감":-11.39,
            "인구총점":13.901,
            "일자리":13.31,
            "소득수준":52.55,
            "일자리총점":25.082,
            "가치 총점":33.4652,
            "매매실거래년":"18000101",
            "매매실거래가":null,
            "전세실거래년":20181123.0,
            "전세실거래가":3148.0,
            "전세가율":null,
            "장기전세가율평균":70.88,
            "전세가율거품지수":null,
            "검색코드":6299,
            "세대수":960.0,
            "준공년월":"1994-09-12",
            "준공년차":29.0,
            "가까운역이름":"서대전네거리",
            "가까운역거리":2185.63,
            "역세권여부":"비역세권",
            "30분이내주요거점역":0,
            "30분거점역이름":"[]",
            "1시간이내주요거점역":1,
            "1시간거점역이름":"['대전']",
            "3km이내백화점수":0,
            "5km이내아울렛몰수":0,
            "1km이내대형먀트수":0,
            "500m이내은행수":0,
            "500m이내병원수":0,
            "5km이내대형병원수":5,
            "500m이내공원수":4,
            "3km이내혐오시설수":0,
            "초등학교학업성취도":90.01,
            "중학교학업성취도":64.9,
            "용적률":216,
            "건폐율":19,
            "Y":36.307751,
            "X":127.396343,
            "rank":80.0,
            "area_info":"16평(56.02)",
            "last_sales":"1800-01-01,nan,16평(56.02)",
            "rank_history":[
                [
                    "202202",
                    80
                ],
                [
                    "202201",
                    75
                ]
            ],
            "rank_gap":-5
        },
        {
            "index":160,
            "아파트명":"주공3단지",
            "투자타입":"일반",
            "전용면적(m2)":"58.23",
            "전용면적(평)":"17평",
            "법정동주소":"대전시 중구 문화동 757",
            "도로명주소":"대전시 중구 산성로 108-23",
            "세대수":90,
            "입주년차":0,
            "용적률점수":"--",
            "건폐율점수":"--",
            "세대당주차수":0,
            "난방방식":80,
            "공급면적":"--",
            "전용률":"--",
            "욕실수":50,
            "현관타입":10,
            "주거총점":45.5,
            "지역구공급총점":0.0,
            "역세권":0,
            "30분내 이동가능 거점":0,
            "1시간내 이동가능 거점":10,
            "교통총점":2.0,
            "백화점":0,
            "아울렛몰":0,
            "대형마트":0,
            "은행":0,
            "병원":0,
            "종합병원":100,
            "공원":100,
            "혐오시설":0,
            "인프라총점":23.0,
            "초등학군":89.96,
            "중학군":39.54,
            "학군총점":49.624,
            "인구수":24.74,
            "인구증감":-11.39,
            "인구총점":13.901,
            "일자리":13.31,
            "소득수준":52.55,
            "일자리총점":25.082,
            "가치 총점":33.4622,
            "매매실거래년":20211231.0,
            "매매실거래가":11350.0,
            "전세실거래년":20220121.0,
            "전세실거래가":6000.0,
            "전세가율":52.86,
            "장기전세가율평균":70.88,
            "전세가율거품지수":18.02,
            "검색코드":25049,
            "세대수":900.0,
            "준공년월":"1994-09-12",
            "준공년차":29.0,
            "가까운역이름":"서대전네거리",
            "가까운역거리":1745.11,
            "역세권여부":"비역세권",
            "30분이내주요거점역":0,
            "30분거점역이름":"[]",
            "1시간이내주요거점역":1,
            "1시간거점역이름":"['대전']",
            "3km이내백화점수":0,
            "5km이내아울렛몰수":0,
            "1km이내대형먀트수":0,
            "500m이내은행수":0,
            "500m이내병원수":0,
            "5km이내대형병원수":4,
            "500m이내공원수":6,
            "3km이내혐오시설수":0,
            "초등학교학업성취도":89.96,
            "중학교학업성취도":64.9,
            "용적률":225,
            "건폐율":19,
            "Y":36.31032,
            "X":127.400176,
            "rank":81.0,
            "area_info":"17평(58.23)",
            "last_sales":"2021-12-31,11350.0,17평(58.23)",
            "rank_history":[
                [
                    "202202",
                    81
                ],
                [
                    "202201",
                    69
                ]
            ],
            "rank_gap":-12
        },
        {
            "index":187,
            "아파트명":"부사참좋은(도시형)",
            "투자타입":"일반",
            "전용면적(m2)":"93.96",
            "전용면적(평)":"28평",
            "법정동주소":"대전시 중구 부사동 381",
            "도로명주소":"대전시 중구 부용로41번길 50",
            "세대수":0,
            "입주년차":80,
            "용적률점수":"--",
            "건폐율점수":"--",
            "세대당주차수":30,
            "난방방식":30,
            "공급면적":"--",
            "전용률":"--",
            "욕실수":100,
            "현관타입":100,
            "주거총점":43.5,
            "지역구공급총점":0.0,
            "역세권":0,
            "30분내 이동가능 거점":0,
            "1시간내 이동가능 거점":10,
            "교통총점":2.0,
            "백화점":0,
            "아울렛몰":0,
            "대형마트":0,
            "은행":0,
            "병원":0,
            "종합병원":100,
            "공원":80,
            "혐오시설":0,
            "인프라총점":22.4,
            "초등학군":89.99,
            "중학군":41.44,
            "학군총점":51.15,
            "인구수":24.74,
            "인구증감":-11.39,
            "인구총점":13.901,
            "일자리":13.31,
            "소득수준":52.55,
            "일자리총점":25.082,
            "가치 총점":33.24,
            "매매실거래년":"18000101",
            "매매실거래가":null,
            "전세실거래년":null,
            "전세실거래가":null,
            "전세가율":null,
            "장기전세가율평균":70.88,
            "전세가율거품지수":null,
            "검색코드":108784,
            "세대수":149.0,
            "준공년월":"2014-09-02",
            "준공년차":9.0,
            "가까운역이름":"신흥",
            "가까운역거리":1782.3,
            "역세권여부":"비역세권",
            "30분이내주요거점역":0,
            "30분거점역이름":"[]",
            "1시간이내주요거점역":1,
            "1시간거점역이름":"['대전']",
            "3km이내백화점수":0,
            "5km이내아울렛몰수":0,
            "1km이내대형먀트수":0,
            "500m이내은행수":0,
            "500m이내병원수":0,
            "5km이내대형병원수":4,
            "500m이내공원수":1,
            "3km이내혐오시설수":0,
            "초등학교학업성취도":89.99,
            "중학교학업성취도":68.0,
            "용적률":162,
            "건폐율":39,
            "Y":36.309491,
            "X":127.433421,
            "rank":82.0,
            "area_info":"28평(93.96), 28평(94.7), 29평(96.75)",
            "last_sales":"1800-01-01,nan,28평(93.96)",
            "rank_history":[
                [
                    "202202",
                    82
                ],
                [
                    "202201",
                    72
                ]
            ],
            "rank_gap":-10
        },
        {
            "index":180,
            "아파트명":"남대전아이비",
            "투자타입":"일반",
            "전용면적(m2)":"48.22",
            "전용면적(평)":"14평",
            "법정동주소":"대전시 중구 부사동 101-1",
            "도로명주소":"대전시 중구 대종로316번길 19",
            "세대수":0,
            "입주년차":40,
            "용적률점수":"--",
            "건폐율점수":"--",
            "세대당주차수":0,
            "난방방식":30,
            "공급면적":"--",
            "전용률":"--",
            "욕실수":50,
            "현관타입":100,
            "주거총점":26.0,
            "지역구공급총점":0.0,
            "역세권":0,
            "30분내 이동가능 거점":0,
            "1시간내 이동가능 거점":10,
            "교통총점":2.0,
            "백화점":0,
            "아울렛몰":0,
            "대형마트":100,
            "은행":0,
            "병원":0,
            "종합병원":100,
            "공원":0,
            "혐오시설":0,
            "인프라총점":35.0,
            "초등학군":89.99,
            "중학군":41.44,
            "학군총점":51.15,
            "인구수":24.74,
            "인구증감":-11.39,
            "인구총점":13.901,
            "일자리":13.31,
            "소득수준":52.55,
            "일자리총점":25.082,
            "가치 총점":32.645,
            "매매실거래년":20200907.0,
            "매매실거래가":12500.0,
            "전세실거래년":null,
            "전세실거래가":null,
            "전세가율":null,
            "장기전세가율평균":70.88,
            "전세가율거품지수":null,
            "검색코드":104860,
            "세대수":120.0,
            "준공년월":"2005-10-26",
            "준공년차":18.0,
            "가까운역이름":"신흥",
            "가까운역거리":1344.15,
            "역세권여부":"비역세권",
            "30분이내주요거점역":0,
            "30분거점역이름":"[]",
            "1시간이내주요거점역":1,
            "1시간거점역이름":"['대전']",
            "3km이내백화점수":0,
            "5km이내아울렛몰수":0,
            "1km이내대형먀트수":2,
            "500m이내은행수":0,
            "500m이내병원수":0,
            "5km이내대형병원수":4,
            "500m이내공원수":0,
            "3km이내혐오시설수":0,
            "초등학교학업성취도":89.99,
            "중학교학업성취도":68.0,
            "용적률":351,
            "건폐율":59,
            "Y":36.314673,
            "X":127.435132,
            "rank":83.0,
            "area_info":"14평(48.22), 15평(51.98), 15평(51.43), 20평(67.41), 23평(78.55), 26평(86.81), 26평(87.84)",
            "last_sales":"2020-09-07,12500.0,23평(78.55)",
            "rank_history":[
                [
                    "202202",
                    83
                ],
                [
                    "202201",
                    78
                ]
            ],
            "rank_gap":-5
        },
        {
            "index":159,
            "아파트명":"주공2단지",
            "투자타입":"일반",
            "전용면적(m2)":"71.65",
            "전용면적(평)":"21평",
            "법정동주소":"대전시 중구 문화동 775",
            "도로명주소":"대전시 중구 산성로 108-24",
            "세대수":80,
            "입주년차":0,
            "용적률점수":"--",
            "건폐율점수":"--",
            "세대당주차수":0,
            "난방방식":80,
            "공급면적":"--",
            "전용률":"--",
            "욕실수":50,
            "현관타입":10,
            "주거총점":42.0,
            "지역구공급총점":0.0,
            "역세권":0,
            "30분내 이동가능 거점":0,
            "1시간내 이동가능 거점":10,
            "교통총점":2.0,
            "백화점":0,
            "아울렛몰":0,
            "대형마트":0,
            "은행":0,
            "병원":0,
            "종합병원":100,
            "공원":100,
            "혐오시설":0,
            "인프라총점":23.0,
            "초등학군":89.96,
            "중학군":39.54,
            "학군총점":49.624,
            "인구수":24.74,
            "인구증감":-11.39,
            "인구총점":13.901,
            "일자리":13.31,
            "소득수준":52.55,
            "일자리총점":25.082,
            "가치 총점":32.5872,
            "매매실거래년":20211221.0,
            "매매실거래가":15200.0,
            "전세실거래년":20220125.0,
            "전세실거래가":11000.0,
            "전세가율":72.37,
            "장기전세가율평균":70.88,
            "전세가율거품지수":-1.49,
            "검색코드":25051,
            "세대수":810.0,
            "준공년월":"1994-09-01",
            "준공년차":29.0,
            "가까운역이름":"서대전네거리",
            "가까운역거리":1918.75,
            "역세권여부":"비역세권",
            "30분이내주요거점역":0,
            "30분거점역이름":"[]",
            "1시간이내주요거점역":1,
            "1시간거점역이름":"['대전']",
            "3km이내백화점수":0,
            "5km이내아울렛몰수":0,
            "1km이내대형먀트수":0,
            "500m이내은행수":0,
            "500m이내병원수":0,
            "5km이내대형병원수":4,
            "500m이내공원수":5,
            "3km이내혐오시설수":0,
            "초등학교학업성취도":89.96,
            "중학교학업성취도":64.9,
            "용적률":0,
            "건폐율":0,
            "Y":36.309008,
            "X":127.399106,
            "rank":84.0,
            "area_info":"21평(71.65)",
            "last_sales":"2021-12-21,15200.0,21평(71.65)",
            "rank_history":[
                [
                    "202202",
                    84
                ],
                [
                    "202201",
                    76
                ]
            ],
            "rank_gap":-8
        },
        {
            "index":230,
            "아파트명":"한밭가든",
            "투자타입":"재건축",
            "전용면적(m2)":"87.84",
            "전용면적(평)":"26평",
            "법정동주소":"대전시 중구 산성동 78-5",
            "도로명주소":"대전시 중구 보문산로 31",
            "세대수":90,
            "입주년차":"--",
            "용적률점수":0,
            "건폐율점수":0,
            "세대당주차수":"--",
            "난방방식":"--",
            "공급면적":70,
            "전용률":60,
            "욕실수":"--",
            "현관타입":"--",
            "주거총점":33.5,
            "지역구공급총점":0.0,
            "역세권":0,
            "30분내 이동가능 거점":0,
            "1시간내 이동가능 거점":10,
            "교통총점":2.0,
            "백화점":0,
            "아울렛몰":0,
            "대형마트":0,
            "은행":0,
            "병원":0,
            "종합병원":100,
            "공원":100,
            "혐오시설":0,
            "인프라총점":23.0,
            "초등학군":89.99,
            "중학군":46.62,
            "학군총점":55.294,
            "인구수":24.74,
            "인구증감":-11.39,
            "인구총점":13.901,
            "일자리":13.31,
            "소득수준":52.55,
            "일자리총점":25.082,
            "가치 총점":32.1632,
            "매매실거래년":20211221.0,
            "매매실거래가":27800.0,
            "전세실거래년":20210612.0,
            "전세실거래가":9000.0,
            "전세가율":43.9,
            "장기전세가율평균":70.88,
            "전세가율거품지수":26.98,
            "검색코드":6200,
            "세대수":990.0,
            "준공년월":"1991-04-27",
            "준공년차":32.0,
            "가까운역이름":"서대전네거리",
            "가까운역거리":3131.36,
            "역세권여부":"비역세권",
            "30분이내주요거점역":0,
            "30분거점역이름":"[]",
            "1시간이내주요거점역":1,
            "1시간거점역이름":"['대전']",
            "3km이내백화점수":0,
            "5km이내아울렛몰수":0,
            "1km이내대형먀트수":0,
            "500m이내은행수":0,
            "500m이내병원수":0,
            "5km이내대형병원수":5,
            "500m이내공원수":2,
            "3km이내혐오시설수":0,
            "초등학교학업성취도":89.99,
            "중학교학업성취도":77.3,
            "용적률":0,
            "건폐율":0,
            "Y":36.305689,
            "X":127.384467,
            "rank":85.0,
            "area_info":"26평(87.84), 30평(102.33)",
            "last_sales":"2021-12-21,27800.0,30평(102.33)",
            "rank_history":[
                [
                    "202202",
                    85
                ],
                [
                    "202201",
                    82
                ]
            ],
            "rank_gap":-3
        },
        {
            "index":209,
            "아파트명":"샛뜸마을",
            "투자타입":"일반",
            "전용면적(m2)":"112.09",
            "전용면적(평)":"33평",
            "법정동주소":"대전시 중구 사정동 439-14",
            "도로명주소":"대전시 중구 대둔산로350번길 6",
            "세대수":0,
            "입주년차":20,
            "용적률점수":"--",
            "건폐율점수":"--",
            "세대당주차수":30,
            "난방방식":30,
            "공급면적":"--",
            "전용률":"--",
            "욕실수":100,
            "현관타입":100,
            "주거총점":31.5,
            "지역구공급총점":0.0,
            "역세권":0,
            "30분내 이동가능 거점":0,
            "1시간내 이동가능 거점":10,
            "교통총점":2.0,
            "백화점":0,
            "아울렛몰":0,
            "대형마트":0,
            "은행":0,
            "병원":0,
            "종합병원":100,
            "공원":100,
            "혐오시설":0,
            "인프라총점":23.0,
            "초등학군":90.01,
            "중학군":46.96,
            "학군총점":55.57,
            "인구수":24.74,
            "인구증감":-11.39,
            "인구총점":13.901,
            "일자리":13.31,
            "소득수준":52.55,
            "일자리총점":25.082,
            "가치 총점":31.746,
            "매매실거래년":20211213.0,
            "매매실거래가":15000.0,
            "전세실거래년":20210617.0,
            "전세실거래가":11000.0,
            "전세가율":73.33,
            "장기전세가율평균":70.88,
            "전세가율거품지수":-2.45,
            "검색코드":25501,
            "세대수":100.0,
            "준공년월":"2002-06-01",
            "준공년차":21.0,
            "가까운역이름":"서대전네거리",
            "가까운역거리":3378.69,
            "역세권여부":"비역세권",
            "30분이내주요거점역":0,
            "30분거점역이름":"[]",
            "1시간이내주요거점역":1,
            "1시간거점역이름":"['대전']",
            "3km이내백화점수":0,
            "5km이내아울렛몰수":0,
            "1km이내대형먀트수":0,
            "500m이내은행수":0,
            "500m이내병원수":0,
            "5km이내대형병원수":5,
            "500m이내공원수":2,
            "3km이내혐오시설수":0,
            "초등학교학업성취도":90.01,
            "중학교학업성취도":77.8,
            "용적률":136,
            "건폐율":30,
            "Y":36.300302,
            "X":127.386725,
            "rank":86.0,
            "area_info":"33평(112.09), 33평(112.34), 34평(113.35)",
            "last_sales":"2021-12-13,15000.0,33평(112.09)",
            "rank_history":[
                [
                    "202202",
                    86
                ],
                [
                    "202201",
                    84
                ]
            ],
            "rank_gap":-2
        },
        {
            "index":173,
            "아파트명":"햇살",
            "투자타입":"일반",
            "전용면적(m2)":"56.89",
            "전용면적(평)":"17평",
            "법정동주소":"대전시 중구 문화동 422-1",
            "도로명주소":"대전시 중구 서문로43번길 37",
            "세대수":0,
            "입주년차":20,
            "용적률점수":"--",
            "건폐율점수":"--",
            "세대당주차수":0,
            "난방방식":30,
            "공급면적":"--",
            "전용률":"--",
            "욕실수":50,
            "현관타입":10,
            "주거총점":13.0,
            "지역구공급총점":0.0,
            "역세권":0,
            "30분내 이동가능 거점":0,
            "1시간내 이동가능 거점":10,
            "교통총점":2.0,
            "백화점":0,
            "아울렛몰":0,
            "대형마트":80,
            "은행":0,
            "병원":0,
            "종합병원":100,
            "공원":100,
            "혐오시설":0,
            "인프라총점":35.0,
            "초등학군":90.0,
            "중학군":41.86,
            "학군총점":51.488,
            "인구수":24.74,
            "인구증감":-11.39,
            "인구총점":13.901,
            "일자리":13.31,
            "소득수준":52.55,
            "일자리총점":25.082,
            "가치 총점":29.4964,
            "매매실거래년":20211106.0,
            "매매실거래가":9000.0,
            "전세실거래년":20210220.0,
            "전세실거래가":6100.0,
            "전세가율":67.78,
            "장기전세가율평균":70.88,
            "전세가율거품지수":3.1,
            "검색코드":6274,
            "세대수":137.0,
            "준공년월":"2000-08-25",
            "준공년차":23.0,
            "가까운역이름":"서대전네거리",
            "가까운역거리":1229.74,
            "역세권여부":"비역세권",
            "30분이내주요거점역":0,
            "30분거점역이름":"[]",
            "1시간이내주요거점역":1,
            "1시간거점역이름":"['대전']",
            "3km이내백화점수":0,
            "5km이내아울렛몰수":0,
            "1km이내대형먀트수":1,
            "500m이내은행수":0,
            "500m이내병원수":0,
            "5km이내대형병원수":5,
            "500m이내공원수":5,
            "3km이내혐오시설수":0,
            "초등학교학업성취도":90.0,
            "중학교학업성취도":69.1,
            "용적률":242,
            "건폐율":35,
            "Y":36.31251,
            "X":127.40649,
            "rank":87.0,
            "area_info":"17평(56.89), 23평(78.23), 30평(99.33)",
            "last_sales":"2021-11-06,9000.0,17평(56.89)",
            "rank_history":[
                [
                    "202202",
                    87
                ],
                [
                    "202201",
                    87
                ]
            ],
            "rank_gap":0
        },
        {
            "index":221,
            "아파트명":"우성",
            "투자타입":"재건축",
            "전용면적(m2)":"73.03",
            "전용면적(평)":"22평",
            "법정동주소":"대전시 중구 산성동 37-1",
            "도로명주소":"대전시 중구 당디로 45",
            "세대수":80,
            "입주년차":"--",
            "용적률점수":0,
            "건폐율점수":0,
            "세대당주차수":"--",
            "난방방식":"--",
            "공급면적":50,
            "전용률":60,
            "욕실수":"--",
            "현관타입":"--",
            "주거총점":29.5,
            "지역구공급총점":0.0,
            "역세권":0,
            "30분내 이동가능 거점":0,
            "1시간내 이동가능 거점":10,
            "교통총점":2.0,
            "백화점":0,
            "아울렛몰":0,
            "대형마트":0,
            "은행":0,
            "병원":0,
            "종합병원":100,
            "공원":100,
            "혐오시설":0,
            "인프라총점":23.0,
            "초등학군":90.01,
            "중학군":39.54,
            "학군총점":49.634,
            "인구수":24.74,
            "인구증감":-11.39,
            "인구총점":13.901,
            "일자리":13.31,
            "소득수준":52.55,
            "일자리총점":25.082,
            "가치 총점":29.4652,
            "매매실거래년":20211220.0,
            "매매실거래가":17000.0,
            "전세실거래년":20220109.0,
            "전세실거래가":13000.0,
            "전세가율":76.47,
            "장기전세가율평균":70.88,
            "전세가율거품지수":-5.59,
            "검색코드":6196,
            "세대수":880.0,
            "준공년월":"1989-07-01",
            "준공년차":34.0,
            "가까운역이름":"서대전네거리",
            "가까운역거리":2200.26,
            "역세권여부":"비역세권",
            "30분이내주요거점역":0,
            "30분거점역이름":"[]",
            "1시간이내주요거점역":1,
            "1시간거점역이름":"['대전']",
            "3km이내백화점수":0,
            "5km이내아울렛몰수":0,
            "1km이내대형먀트수":0,
            "500m이내은행수":0,
            "500m이내병원수":0,
            "5km이내대형병원수":5,
            "500m이내공원수":4,
            "3km이내혐오시설수":0,
            "초등학교학업성취도":90.01,
            "중학교학업성취도":64.9,
            "용적률":0,
            "건폐율":0,
            "Y":36.309182,
            "X":127.394327,
            "rank":88.0,
            "area_info":"22평(73.03), 31평(104.23), 45평(151.28)",
            "last_sales":"2021-12-20,17000.0,22평(73.03)",
            "rank_history":[
                [
                    "202202",
                    88
                ],
                [
                    "202201",
                    85
                ]
            ],
            "rank_gap":-3
        },
        {
            "index":206,
            "아파트명":"산성동원가든",
            "투자타입":"재건축",
            "전용면적(m2)":"71.65",
            "전용면적(평)":"21평",
            "법정동주소":"대전시 중구 사정동 431-1",
            "도로명주소":"대전시 중구 대둔산로326번길 23",
            "세대수":0,
            "입주년차":"--",
            "용적률점수":0,
            "건폐율점수":80,
            "세대당주차수":"--",
            "난방방식":"--",
            "공급면적":50,
            "전용률":60,
            "욕실수":"--",
            "현관타입":"--",
            "주거총점":21.5,
            "지역구공급총점":0.0,
            "역세권":0,
            "30분내 이동가능 거점":0,
            "1시간내 이동가능 거점":10,
            "교통총점":2.0,
            "백화점":0,
            "아울렛몰":0,
            "대형마트":0,
            "은행":0,
            "병원":0,
            "종합병원":100,
            "공원":100,
            "혐오시설":0,
            "인프라총점":23.0,
            "초등학군":90.01,
            "중학군":46.96,
            "학군총점":55.57,
            "인구수":24.74,
            "인구증감":-11.39,
            "인구총점":13.901,
            "일자리":13.31,
            "소득수준":52.55,
            "일자리총점":25.082,
            "가치 총점":29.246,
            "매매실거래년":20220119.0,
            "매매실거래가":9900.0,
            "전세실거래년":20200618.0,
            "전세실거래가":5000.0,
            "전세가율":63.29,
            "장기전세가율평균":70.88,
            "전세가율거품지수":7.59,
            "검색코드":6181,
            "세대수":188.0,
            "준공년월":"1992-01-01",
            "준공년차":31.0,
            "가까운역이름":"서대전네거리",
            "가까운역거리":3537.86,
            "역세권여부":"비역세권",
            "30분이내주요거점역":0,
            "30분거점역이름":"[]",
            "1시간이내주요거점역":1,
            "1시간거점역이름":"['대전']",
            "3km이내백화점수":0,
            "5km이내아울렛몰수":0,
            "1km이내대형먀트수":0,
            "500m이내은행수":0,
            "500m이내병원수":0,
            "5km이내대형병원수":5,
            "500m이내공원수":2,
            "3km이내혐오시설수":0,
            "초등학교학업성취도":90.01,
            "중학교학업성취도":77.8,
            "용적률":229,
            "건폐율":26,
            "Y":36.298293,
            "X":127.386841,
            "rank":89.0,
            "area_info":"21평(71.65), 24평(82.48), 25평(83.25)",
            "last_sales":"2022-01-19,9900.0,25평(83.25)",
            "rank_history":[
                [
                    "202202",
                    89
                ],
                [
                    "202201",
                    89
                ]
            ],
            "rank_gap":0
        },
        {
            "index":100,
            "아파트명":"문화로얄",
            "투자타입":"재건축",
            "전용면적(m2)":"82.58",
            "전용면적(평)":"24평",
            "법정동주소":"대전시 중구 문화동 422-3",
            "도로명주소":"대전시 중구 서문로43번길 39",
            "세대수":0,
            "입주년차":"--",
            "용적률점수":0,
            "건폐율점수":0,
            "세대당주차수":"--",
            "난방방식":"--",
            "공급면적":70,
            "전용률":60,
            "욕실수":"--",
            "현관타입":"--",
            "주거총점":6.5,
            "지역구공급총점":0.0,
            "역세권":0,
            "30분내 이동가능 거점":0,
            "1시간내 이동가능 거점":10,
            "교통총점":2.0,
            "백화점":0,
            "아울렛몰":0,
            "대형마트":80,
            "은행":0,
            "병원":0,
            "종합병원":100,
            "공원":100,
            "혐오시설":0,
            "인프라총점":35.0,
            "초등학군":90.0,
            "중학군":41.86,
            "학군총점":51.488,
            "인구수":24.74,
            "인구증감":-11.39,
            "인구총점":13.901,
            "일자리":13.31,
            "소득수준":52.55,
            "일자리총점":25.082,
            "가치 총점":27.8714,
            "매매실거래년":20211204.0,
            "매매실거래가":12500.0,
            "전세실거래년":20210813.0,
            "전세실거래가":12000.0,
            "전세가율":96.0,
            "장기전세가율평균":70.88,
            "전세가율거품지수":-25.12,
            "검색코드":6262,
            "세대수":212.0,
            "준공년월":"1986-08-11",
            "준공년차":37.0,
            "가까운역이름":"서대전네거리",
            "가까운역거리":1269.93,
            "역세권여부":"비역세권",
            "30분이내주요거점역":0,
            "30분거점역이름":"[]",
            "1시간이내주요거점역":1,
            "1시간거점역이름":"['대전']",
            "3km이내백화점수":0,
            "5km이내아울렛몰수":0,
            "1km이내대형먀트수":1,
            "500m이내은행수":0,
            "500m이내병원수":0,
            "5km이내대형병원수":5,
            "500m이내공원수":5,
            "3km이내혐오시설수":0,
            "초등학교학업성취도":90.0,
            "중학교학업성취도":69.1,
            "용적률":0,
            "건폐율":0,
            "Y":36.312279,
            "X":127.406063,
            "rank":90.0,
            "area_info":"24평(82.58), 33평(109.74)",
            "last_sales":"2021-12-04,12500.0,24평(82.58)",
            "rank_history":[
                [
                    "202202",
                    90
                ],
                [
                    "202201",
                    90
                ]
            ],
            "rank_gap":0
        },
        {
            "index":42,
            "아파트명":"현대2차",
            "투자타입":"재건축",
            "전용면적(m2)":"104.94",
            "전용면적(평)":"31평",
            "법정동주소":"대전시 중구 대흥동 106-48",
            "도로명주소":"대전시 중구 보문로162번길 23",
            "세대수":0,
            "입주년차":"--",
            "용적률점수":0,
            "건폐율점수":0,
            "세대당주차수":"--",
            "난방방식":"--",
            "공급면적":90,
            "전용률":80,
            "욕실수":"--",
            "현관타입":"--",
            "주거총점":8.5,
            "지역구공급총점":0.0,
            "역세권":0,
            "30분내 이동가능 거점":20,
            "1시간내 이동가능 거점":10,
            "교통총점":8.0,
            "백화점":0,
            "아울렛몰":0,
            "대형마트":80,
            "은행":0,
            "병원":0,
            "종합병원":100,
            "공원":80,
            "혐오시설":0,
            "인프라총점":34.4,
            "초등학군":89.97,
            "중학군":36.54,
            "학군총점":47.226,
            "인구수":24.74,
            "인구증감":-11.39,
            "인구총점":13.901,
            "일자리":13.31,
            "소득수준":52.55,
            "일자리총점":25.082,
            "가치 총점":27.8128,
            "매매실거래년":20211109.0,
            "매매실거래가":30000.0,
            "전세실거래년":20210527.0,
            "전세실거래가":15000.0,
            "전세가율":50.0,
            "장기전세가율평균":70.88,
            "전세가율거품지수":20.88,
            "검색코드":6246,
            "세대수":224.0,
            "준공년월":"1992-04-25",
            "준공년차":31.0,
            "가까운역이름":"중앙로",
            "가까운역거리":1104.43,
            "역세권여부":"비역세권",
            "30분이내주요거점역":1,
            "30분거점역이름":"['대전']",
            "1시간이내주요거점역":1,
            "1시간거점역이름":"['대전']",
            "3km이내백화점수":0,
            "5km이내아울렛몰수":0,
            "1km이내대형먀트수":1,
            "500m이내은행수":0,
            "500m이내병원수":0,
            "5km이내대형병원수":4,
            "500m이내공원수":1,
            "3km이내혐오시설수":0,
            "초등학교학업성취도":89.97,
            "중학교학업성취도":60.5,
            "용적률":0,
            "건폐율":0,
            "Y":36.31875,
            "X":127.42655,
            "rank":91.0,
            "area_info":"31평(104.94), 47평(157.68)",
            "last_sales":"2021-11-09,30000.0,31평(104.94)",
            "rank_history":[
                [
                    "202202",
                    91
                ],
                [
                    "202201",
                    91
                ]
            ],
            "rank_gap":0
        },
        {
            "index":300,
            "아파트명":"옥계",
            "투자타입":"재건축",
            "전용면적(m2)":"63.59",
            "전용면적(평)":"19평",
            "법정동주소":"대전시 중구 옥계동 156-3",
            "도로명주소":"대전시 중구 학고개로57번길 81",
            "세대수":0,
            "입주년차":"--",
            "용적률점수":0,
            "건폐율점수":0,
            "세대당주차수":"--",
            "난방방식":"--",
            "공급면적":50,
            "전용률":80,
            "욕실수":"--",
            "현관타입":"--",
            "주거총점":6.5,
            "지역구공급총점":0.0,
            "역세권":0,
            "30분내 이동가능 거점":0,
            "1시간내 이동가능 거점":10,
            "교통총점":2.0,
            "백화점":0,
            "아울렛몰":0,
            "대형마트":0,
            "은행":0,
            "병원":0,
            "종합병원":100,
            "공원":0,
            "혐오시설":0,
            "인프라총점":20.0,
            "초등학군":89.99,
            "중학군":46.8,
            "학군총점":55.438,
            "인구수":24.74,
            "인구증감":-11.39,
            "인구총점":13.901,
            "일자리":13.31,
            "소득수준":52.55,
            "일자리총점":25.082,
            "가치 총점":24.5564,
            "매매실거래년":20211023.0,
            "매매실거래가":15500.0,
            "전세실거래년":20110725.0,
            "전세실거래가":4000.0,
            "전세가율":68.97,
            "장기전세가율평균":70.88,
            "전세가율거품지수":1.91,
            "검색코드":6217,
            "세대수":110.0,
            "준공년월":"1979-11-15",
            "준공년차":44.0,
            "가까운역이름":"판암",
            "가까운역거리":2291.76,
            "역세권여부":"비역세권",
            "30분이내주요거점역":0,
            "30분거점역이름":"[]",
            "1시간이내주요거점역":1,
            "1시간거점역이름":"['대전']",
            "3km이내백화점수":0,
            "5km이내아울렛몰수":0,
            "1km이내대형먀트수":0,
            "500m이내은행수":0,
            "500m이내병원수":0,
            "5km이내대형병원수":2,
            "500m이내공원수":0,
            "3km이내혐오시설수":0,
            "초등학교학업성취도":89.99,
            "중학교학업성취도":77.0,
            "용적률":0,
            "건폐율":0,
            "Y":36.296654,
            "X":127.454056,
            "rank":92.0,
            "area_info":"19평(63.59), 20평(68.88), 23평(78.83)",
            "last_sales":"2021-10-23,15500.0,23평(78.83)",
            "rank_history":[
                [
                    "202202",
                    92
                ],
                [
                    "202201",
                    95
                ]
            ],
            "rank_gap":3
        },
        {
            "index":303,
            "아파트명":"한양그린맨션",
            "투자타입":"재건축",
            "전용면적(m2)":"66.87",
            "전용면적(평)":"20평",
            "법정동주소":"대전시 중구 옥계동 201",
            "도로명주소":"대전시 중구 학고개로57번길 82",
            "세대수":0,
            "입주년차":"--",
            "용적률점수":0,
            "건폐율점수":0,
            "세대당주차수":"--",
            "난방방식":"--",
            "공급면적":50,
            "전용률":80,
            "욕실수":"--",
            "현관타입":"--",
            "주거총점":6.5,
            "지역구공급총점":0.0,
            "역세권":0,
            "30분내 이동가능 거점":0,
            "1시간내 이동가능 거점":10,
            "교통총점":2.0,
            "백화점":0,
            "아울렛몰":0,
            "대형마트":0,
            "은행":0,
            "병원":0,
            "종합병원":100,
            "공원":0,
            "혐오시설":0,
            "인프라총점":20.0,
            "초등학군":89.99,
            "중학군":46.8,
            "학군총점":55.438,
            "인구수":24.74,
            "인구증감":-11.39,
            "인구총점":13.901,
            "일자리":13.31,
            "소득수준":52.55,
            "일자리총점":25.082,
            "가치 총점":24.5564,
            "매매실거래년":20210624.0,
            "매매실거래가":9500.0,
            "전세실거래년":20211209.0,
            "전세실거래가":7000.0,
            "전세가율":73.68,
            "장기전세가율평균":70.88,
            "전세가율거품지수":-2.8,
            "검색코드":6220,
            "세대수":130.0,
            "준공년월":"1985-02-09",
            "준공년차":38.0,
            "가까운역이름":"판암",
            "가까운역거리":2354.23,
            "역세권여부":"비역세권",
            "30분이내주요거점역":0,
            "30분거점역이름":"[]",
            "1시간이내주요거점역":1,
            "1시간거점역이름":"['대전']",
            "3km이내백화점수":0,
            "5km이내아울렛몰수":0,
            "1km이내대형먀트수":0,
            "500m이내은행수":0,
            "500m이내병원수":0,
            "5km이내대형병원수":2,
            "500m이내공원수":0,
            "3km이내혐오시설수":0,
            "초등학교학업성취도":89.99,
            "중학교학업성취도":77.0,
            "용적률":0,
            "건폐율":0,
            "Y":36.295991,
            "X":127.454806,
            "rank":92.0,
            "area_info":"20평(66.87), 21평(72.12)",
            "last_sales":"2021-06-24,9500.0,20평(66.87)",
            "rank_history":[
                [
                    "202202",
                    92
                ],
                [
                    "202201",
                    95
                ]
            ],
            "rank_gap":3
        },
        {
            "index":216,
            "아파트명":"공원",
            "투자타입":"일반",
            "전용면적(m2)":"75.67",
            "전용면적(평)":"22평",
            "법정동주소":"대전시 중구 산성동 330-2",
            "도로명주소":"대전시 중구 보문산로141번길 8",
            "세대수":0,
            "입주년차":0,
            "용적률점수":"--",
            "건폐율점수":"--",
            "세대당주차수":0,
            "난방방식":30,
            "공급면적":"--",
            "전용률":"--",
            "욕실수":50,
            "현관타입":10,
            "주거총점":9.0,
            "지역구공급총점":0.0,
            "역세권":0,
            "30분내 이동가능 거점":0,
            "1시간내 이동가능 거점":10,
            "교통총점":2.0,
            "백화점":0,
            "아울렛몰":0,
            "대형마트":0,
            "은행":0,
            "병원":0,
            "종합병원":100,
            "공원":100,
            "혐오시설":0,
            "인프라총점":23.0,
            "초등학군":90.01,
            "중학군":39.54,
            "학군총점":49.634,
            "인구수":24.74,
            "인구증감":-11.39,
            "인구총점":13.901,
            "일자리":13.31,
            "소득수준":52.55,
            "일자리총점":25.082,
            "가치 총점":24.3402,
            "매매실거래년":20211108.0,
            "매매실거래가":17000.0,
            "전세실거래년":20210527.0,
            "전세실거래가":10000.0,
            "전세가율":58.82,
            "장기전세가율평균":70.88,
            "전세가율거품지수":12.06,
            "검색코드":6185,
            "세대수":204.0,
            "준공년월":"1997-01-07",
            "준공년차":26.0,
            "가까운역이름":"서대전네거리",
            "가까운역거리":2356.78,
            "역세권여부":"비역세권",
            "30분이내주요거점역":0,
            "30분거점역이름":"[]",
            "1시간이내주요거점역":1,
            "1시간거점역이름":"['대전']",
            "3km이내백화점수":0,
            "5km이내아울렛몰수":0,
            "1km이내대형먀트수":0,
            "500m이내은행수":0,
            "500m이내병원수":0,
            "5km이내대형병원수":5,
            "500m이내공원수":4,
            "3km이내혐오시설수":0,
            "초등학교학업성취도":90.01,
            "중학교학업성취도":64.9,
            "용적률":0,
            "건폐율":0,
            "Y":36.305857,
            "X":127.396168,
            "rank":93.0,
            "area_info":"22평(75.67), 32평(108.27)",
            "last_sales":"2021-11-08,17000.0,22평(75.67)",
            "rank_history":[
                [
                    "202202",
                    93
                ],
                [
                    "202201",
                    94
                ]
            ],
            "rank_gap":1
        },
        {
            "index":218,
            "아파트명":"삼창(301-5)",
            "투자타입":"재건축",
            "전용면적(m2)":"72.56",
            "전용면적(평)":"21평",
            "법정동주소":"대전시 중구 산성동 301-5",
            "도로명주소":"대전시 중구 가재울로 15",
            "세대수":0,
            "입주년차":"--",
            "용적률점수":0,
            "건폐율점수":0,
            "세대당주차수":"--",
            "난방방식":"--",
            "공급면적":50,
            "전용률":80,
            "욕실수":"--",
            "현관타입":"--",
            "주거총점":6.5,
            "지역구공급총점":0.0,
            "역세권":0,
            "30분내 이동가능 거점":0,
            "1시간내 이동가능 거점":10,
            "교통총점":2.0,
            "백화점":0,
            "아울렛몰":0,
            "대형마트":0,
            "은행":0,
            "병원":0,
            "종합병원":100,
            "공원":100,
            "혐오시설":0,
            "인프라총점":23.0,
            "초등학군":89.99,
            "중학군":39.54,
            "학군총점":49.63,
            "인구수":24.74,
            "인구증감":-11.39,
            "인구총점":13.901,
            "일자리":13.31,
            "소득수준":52.55,
            "일자리총점":25.082,
            "가치 총점":23.714,
            "매매실거래년":20211124.0,
            "매매실거래가":4700.0,
            "전세실거래년":20200219.0,
            "전세실거래가":5000.0,
            "전세가율":106.38,
            "장기전세가율평균":70.88,
            "전세가율거품지수":-35.5,
            "검색코드":6189,
            "세대수":114.0,
            "준공년월":"1990-08-23",
            "준공년차":33.0,
            "가까운역이름":"서대전네거리",
            "가까운역거리":2792.92,
            "역세권여부":"비역세권",
            "30분이내주요거점역":0,
            "30분거점역이름":"[]",
            "1시간이내주요거점역":1,
            "1시간거점역이름":"['대전']",
            "3km이내백화점수":0,
            "5km이내아울렛몰수":0,
            "1km이내대형먀트수":0,
            "500m이내은행수":0,
            "500m이내병원수":0,
            "5km이내대형병원수":5,
            "500m이내공원수":2,
            "3km이내혐오시설수":0,
            "초등학교학업성취도":89.99,
            "중학교학업성취도":64.9,
            "용적률":0,
            "건폐율":0,
            "Y":36.304433,
            "X":127.390823,
            "rank":94.0,
            "area_info":"21평(72.56), 26평(86.37), 28평(95.46)",
            "last_sales":"2021-11-24,4700.0,21평(72.56)",
            "rank_history":[
                [
                    "202202",
                    94
                ],
                [
                    "202201",
                    93
                ]
            ],
            "rank_gap":-1
        }
    ]
}