{
    "schema":{
        "fields":[
            {
                "name":"index",
                "type":"integer"
            },
            {
                "name":"아파트명",
                "type":"string"
            },
            {
                "name":"투자타입",
                "type":"string"
            },
            {
                "name":"전용면적(m2)",
                "type":"string"
            },
            {
                "name":"전용면적(평)",
                "type":"string"
            },
            {
                "name":"법정동주소",
                "type":"string"
            },
            {
                "name":"도로명주소",
                "type":"string"
            },
            {
                "name":"세대수",
                "type":"integer"
            },
            {
                "name":"입주년차",
                "type":"string"
            },
            {
                "name":"용적률점수",
                "type":"string"
            },
            {
                "name":"건폐율점수",
                "type":"string"
            },
            {
                "name":"세대당주차수",
                "type":"string"
            },
            {
                "name":"난방방식",
                "type":"string"
            },
            {
                "name":"공급면적",
                "type":"string"
            },
            {
                "name":"전용률",
                "type":"string"
            },
            {
                "name":"욕실수",
                "type":"string"
            },
            {
                "name":"현관타입",
                "type":"string"
            },
            {
                "name":"주거총점",
                "type":"number"
            },
            {
                "name":"지역구공급총점",
                "type":"number"
            },
            {
                "name":"역세권",
                "type":"integer"
            },
            {
                "name":"30분내 이동가능 거점",
                "type":"integer"
            },
            {
                "name":"1시간내 이동가능 거점",
                "type":"integer"
            },
            {
                "name":"교통총점",
                "type":"number"
            },
            {
                "name":"백화점",
                "type":"integer"
            },
            {
                "name":"아울렛몰",
                "type":"integer"
            },
            {
                "name":"대형마트",
                "type":"integer"
            },
            {
                "name":"은행",
                "type":"integer"
            },
            {
                "name":"병원",
                "type":"integer"
            },
            {
                "name":"종합병원",
                "type":"integer"
            },
            {
                "name":"공원",
                "type":"integer"
            },
            {
                "name":"혐오시설",
                "type":"integer"
            },
            {
                "name":"인프라총점",
                "type":"number"
            },
            {
                "name":"초등학군",
                "type":"number"
            },
            {
                "name":"중학군",
                "type":"number"
            },
            {
                "name":"학군총점",
                "type":"number"
            },
            {
                "name":"인구수",
                "type":"number"
            },
            {
                "name":"인구증감",
                "type":"number"
            },
            {
                "name":"인구총점",
                "type":"number"
            },
            {
                "name":"일자리",
                "type":"number"
            },
            {
                "name":"소득수준",
                "type":"number"
            },
            {
                "name":"일자리총점",
                "type":"number"
            },
            {
                "name":"가치 총점",
                "type":"number"
            },
            {
                "name":"매매실거래년",
                "type":"string"
            },
            {
                "name":"매매실거래가",
                "type":"number"
            },
            {
                "name":"전세실거래년",
                "type":"number"
            },
            {
                "name":"전세실거래가",
                "type":"number"
            },
            {
                "name":"전세가율",
                "type":"number"
            },
            {
                "name":"장기전세가율평균",
                "type":"number"
            },
            {
                "name":"전세가율거품지수",
                "type":"number"
            },
            {
                "name":"검색코드",
                "type":"integer"
            },
            {
                "name":"세대수",
                "type":"number"
            },
            {
                "name":"준공년월",
                "type":"string"
            },
            {
                "name":"준공년차",
                "type":"number"
            },
            {
                "name":"가까운역이름",
                "type":"string"
            },
            {
                "name":"가까운역거리",
                "type":"number"
            },
            {
                "name":"역세권여부",
                "type":"string"
            },
            {
                "name":"30분이내주요거점역",
                "type":"integer"
            },
            {
                "name":"30분거점역이름",
                "type":"string"
            },
            {
                "name":"1시간이내주요거점역",
                "type":"integer"
            },
            {
                "name":"1시간거점역이름",
                "type":"string"
            },
            {
                "name":"3km이내백화점수",
                "type":"integer"
            },
            {
                "name":"5km이내아울렛몰수",
                "type":"integer"
            },
            {
                "name":"1km이내대형먀트수",
                "type":"integer"
            },
            {
                "name":"500m이내은행수",
                "type":"integer"
            },
            {
                "name":"500m이내병원수",
                "type":"integer"
            },
            {
                "name":"5km이내대형병원수",
                "type":"integer"
            },
            {
                "name":"500m이내공원수",
                "type":"integer"
            },
            {
                "name":"3km이내혐오시설수",
                "type":"integer"
            },
            {
                "name":"초등학교학업성취도",
                "type":"number"
            },
            {
                "name":"중학교학업성취도",
                "type":"number"
            },
            {
                "name":"용적률",
                "type":"integer"
            },
            {
                "name":"건폐율",
                "type":"integer"
            },
            {
                "name":"Y",
                "type":"number"
            },
            {
                "name":"X",
                "type":"number"
            },
            {
                "name":"rank",
                "type":"number"
            },
            {
                "name":"area_info",
                "type":"string"
            },
            {
                "name":"last_sales",
                "type":"string"
            },
            {
                "name":"rank_history",
                "type":"string"
            },
            {
                "name":"rank_gap",
                "type":"integer"
            }
        ],
        "primaryKey":[
            "index"
        ],
        "pandas_version":"1.4.0"
    },
    "data":[
        {
            "index":204,
            "아파트명":"아양주공1차",
            "투자타입":"재건축",
            "전용면적(m2)":"45.85",
            "전용면적(평)":"13평",
            "법정동주소":"경기도 안성시 아양동 300",
            "도로명주소":"경기도 안성시 아양로 23",
            "세대수":90,
            "입주년차":"--",
            "용적률점수":100,
            "건폐율점수":100,
            "세대당주차수":"--",
            "난방방식":"--",
            "공급면적":50,
            "전용률":80,
            "욕실수":"--",
            "현관타입":"--",
            "주거총점":93.5,
            "지역구공급총점":0.0,
            "역세권":0,
            "30분내 이동가능 거점":0,
            "1시간내 이동가능 거점":0,
            "교통총점":0.0,
            "백화점":0,
            "아울렛몰":0,
            "대형마트":100,
            "은행":70,
            "병원":80,
            "종합병원":100,
            "공원":100,
            "혐오시설":0,
            "인프라총점":53.0,
            "초등학군":90.02,
            "중학군":44.76,
            "학군총점":53.812,
            "인구수":20.14,
            "인구증감":12.06,
            "인구총점":17.716,
            "일자리":16.04,
            "소득수준":63.73,
            "일자리총점":30.347,
            "가치 총점":42.6718,
            "매매실거래년":20220110.0,
            "매매실거래가":14000.0,
            "전세실거래년":20220118.0,
            "전세실거래가":9500.0,
            "전세가율":67.86,
            "장기전세가율평균":68.73,
            "전세가율거품지수":0.87,
            "검색코드":12480,
            "세대수":936.0,
            "준공년월":"1991-09-20",
            "준공년차":32.0,
            "가까운역이름":"성환",
            "가까운역거리":15711.26,
            "역세권여부":"비역세권",
            "30분이내주요거점역":0,
            "30분거점역이름":"[]",
            "1시간이내주요거점역":0,
            "1시간거점역이름":"[]",
            "3km이내백화점수":0,
            "5km이내아울렛몰수":0,
            "1km이내대형먀트수":2,
            "500m이내은행수":3,
            "500m이내병원수":41,
            "5km이내대형병원수":2,
            "500m이내공원수":2,
            "3km이내혐오시설수":0,
            "초등학교학업성취도":90.02,
            "중학교학업성취도":74.6,
            "용적률":108,
            "건폐율":19,
            "Y":37.00651,
            "X":127.26283,
            "rank":1.0,
            "area_info":"13평(45.85), 13평(45.46), 15평(52.84), 16평(53.17)",
            "last_sales":"2022-01-10,14000.0,13평(45.85)",
            "rank_history":[
                [
                    "202202",
                    1
                ],
                [
                    "202201",
                    1
                ]
            ],
            "rank_gap":0
        },
        {
            "index":133,
            "아파트명":"안성당왕지구삼정그린코아더베스트",
            "투자타입":"일반",
            "전용면적(m2)":"82.26",
            "전용면적(평)":"24평",
            "법정동주소":"경기도 안성시 당왕동 584",
            "도로명주소":"경기도 안성시 고수2로 70",
            "세대수":100,
            "입주년차":100,
            "용적률점수":"--",
            "건폐율점수":"--",
            "세대당주차수":30,
            "난방방식":30,
            "공급면적":"--",
            "전용률":"--",
            "욕실수":100,
            "현관타입":100,
            "주거총점":82.5,
            "지역구공급총점":0.0,
            "역세권":0,
            "30분내 이동가능 거점":0,
            "1시간내 이동가능 거점":0,
            "교통총점":0.0,
            "백화점":0,
            "아울렛몰":0,
            "대형마트":100,
            "은행":0,
            "병원":10,
            "종합병원":100,
            "공원":80,
            "혐오시설":0,
            "인프라총점":38.4,
            "초등학군":90.01,
            "중학군":40.76,
            "학군총점":50.61,
            "인구수":20.14,
            "인구증감":12.06,
            "인구총점":17.716,
            "일자리":16.04,
            "소득수준":63.73,
            "일자리총점":30.347,
            "가치 총점":35.6115,
            "매매실거래년":20220109.0,
            "매매실거래가":44500.0,
            "전세실거래년":20211022.0,
            "전세실거래가":22000.0,
            "전세가율":68.75,
            "장기전세가율평균":68.73,
            "전세가율거품지수":-0.02,
            "검색코드":113173,
            "세대수":1657.0,
            "준공년월":"2019-03-11",
            "준공년차":4.0,
            "가까운역이름":"평택",
            "가까운역거리":15998.56,
            "역세권여부":"비역세권",
            "30분이내주요거점역":0,
            "30분거점역이름":"[]",
            "1시간이내주요거점역":0,
            "1시간거점역이름":"[]",
            "3km이내백화점수":0,
            "5km이내아울렛몰수":0,
            "1km이내대형먀트수":2,
            "500m이내은행수":0,
            "500m이내병원수":2,
            "5km이내대형병원수":2,
            "500m이내공원수":1,
            "3km이내혐오시설수":0,
            "초등학교학업성취도":90.01,
            "중학교학업성취도":66.6,
            "용적률":229,
            "건폐율":13,
            "Y":37.018367,
            "X":127.261969,
            "rank":2.0,
            "area_info":"24평(82.26), 24평(82.37), 33평(111.04), 33평(111.83)",
            "last_sales":"2022-01-09,44500.0,33평(111.04)",
            "rank_history":[
                [
                    "202202",
                    2
                ],
                [
                    "202201",
                    2
                ]
            ],
            "rank_gap":0
        },
        {
            "index":54,
            "아파트명":"쌍용스윗닷홈",
            "투자타입":"일반",
            "전용면적(m2)":"93.72",
            "전용면적(평)":"28평",
            "법정동주소":"경기도 안성시 공도읍 진사리 644",
            "도로명주소":"경기도 안성시 진건중길 15-13",
            "세대수":80,
            "입주년차":40,
            "용적률점수":"--",
            "건폐율점수":"--",
            "세대당주차수":30,
            "난방방식":30,
            "공급면적":"--",
            "전용률":"--",
            "욕실수":100,
            "현관타입":100,
            "주거총점":63.5,
            "지역구공급총점":0.0,
            "역세권":0,
            "30분내 이동가능 거점":0,
            "1시간내 이동가능 거점":10,
            "교통총점":2.0,
            "백화점":0,
            "아울렛몰":0,
            "대형마트":100,
            "은행":0,
            "병원":30,
            "종합병원":100,
            "공원":100,
            "혐오시설":0,
            "인프라총점":41.0,
            "초등학군":89.99,
            "중학군":49.68,
            "학군총점":57.742,
            "인구수":20.14,
            "인구증감":12.06,
            "인구총점":17.716,
            "일자리":16.04,
            "소득수준":63.73,
            "일자리총점":30.347,
            "가치 총점":34.3613,
            "매매실거래년":20211024.0,
            "매매실거래가":51500.0,
            "전세실거래년":20211219.0,
            "전세실거래가":13000.0,
            "전세가율":50.0,
            "장기전세가율평균":68.73,
            "전세가율거품지수":18.73,
            "검색코드":11246,
            "세대수":776.0,
            "준공년월":"2005-05-19",
            "준공년차":18.0,
            "가까운역이름":"평택",
            "가까운역거리":5264.28,
            "역세권여부":"비역세권",
            "30분이내주요거점역":0,
            "30분거점역이름":"[]",
            "1시간이내주요거점역":1,
            "1시간거점역이름":"['수원']",
            "3km이내백화점수":0,
            "5km이내아울렛몰수":0,
            "1km이내대형먀트수":2,
            "500m이내은행수":0,
            "500m이내병원수":5,
            "5km이내대형병원수":2,
            "500m이내공원수":3,
            "3km이내혐오시설수":0,
            "초등학교학업성취도":89.99,
            "중학교학업성취도":82.8,
            "용적률":205,
            "건폐율":16,
            "Y":36.99201,
            "X":127.14441,
            "rank":3.0,
            "area_info":"28평(93.72), 34평(114.72), 46평(154.17)",
            "last_sales":"2021-10-24,51500.0,46평(154.17)",
            "rank_history":[
                [
                    "202202",
                    3
                ],
                [
                    "202201",
                    5
                ]
            ],
            "rank_gap":2
        },
        {
            "index":114,
            "아파트명":"금산주공",
            "투자타입":"재건축",
            "전용면적(m2)":"43.92",
            "전용면적(평)":"13평",
            "법정동주소":"경기도 안성시 금산동 100",
            "도로명주소":"경기도 안성시 안성맞춤대로 1127",
            "세대수":30,
            "입주년차":"--",
            "용적률점수":100,
            "건폐율점수":100,
            "세대당주차수":"--",
            "난방방식":"--",
            "공급면적":50,
            "전용률":80,
            "욕실수":"--",
            "현관타입":"--",
            "주거총점":75.5,
            "지역구공급총점":0.0,
            "역세권":0,
            "30분내 이동가능 거점":0,
            "1시간내 이동가능 거점":0,
            "교통총점":0.0,
            "백화점":0,
            "아울렛몰":0,
            "대형마트":80,
            "은행":0,
            "병원":10,
            "종합병원":100,
            "공원":100,
            "혐오시설":0,
            "인프라총점":36.0,
            "초등학군":90.04,
            "중학군":44.76,
            "학군총점":53.816,
            "인구수":20.14,
            "인구증감":12.06,
            "인구총점":17.716,
            "일자리":16.04,
            "소득수준":63.73,
            "일자리총점":30.347,
            "가치 총점":33.9724,
            "매매실거래년":20220125.0,
            "매매실거래가":14000.0,
            "전세실거래년":20220112.0,
            "전세실거래가":8000.0,
            "전세가율":61.54,
            "장기전세가율평균":68.73,
            "전세가율거품지수":7.19,
            "검색코드":14843,
            "세대수":390.0,
            "준공년월":"1987-03-31",
            "준공년차":36.0,
            "가까운역이름":"평택",
            "가까운역거리":16385.88,
            "역세권여부":"비역세권",
            "30분이내주요거점역":0,
            "30분거점역이름":"[]",
            "1시간이내주요거점역":0,
            "1시간거점역이름":"[]",
            "3km이내백화점수":0,
            "5km이내아울렛몰수":0,
            "1km이내대형먀트수":1,
            "500m이내은행수":0,
            "500m이내병원수":4,
            "5km이내대형병원수":2,
            "500m이내공원수":2,
            "3km이내혐오시설수":0,
            "초등학교학업성취도":90.04,
            "중학교학업성취도":74.6,
            "용적률":82,
            "건폐율":19,
            "Y":37.01321,
            "X":127.26752,
            "rank":4.0,
            "area_info":"13평(43.92), 15평(52.65)",
            "last_sales":"2022-01-25,14000.0,15평(52.65)",
            "rank_history":[
                [
                    "202202",
                    4
                ],
                [
                    "202201",
                    3
                ]
            ],
            "rank_gap":-1
        },
        {
            "index":72,
            "아파트명":"안성공도우미린더퍼스트",
            "투자타입":"일반",
            "전용면적(m2)":"80.73",
            "전용면적(평)":"24평",
            "법정동주소":"경기도 안성시 공도읍 용두리 755",
            "도로명주소":"경기도 안성시 공도로 51-17",
            "세대수":90,
            "입주년차":80,
            "용적률점수":"--",
            "건폐율점수":"--",
            "세대당주차수":30,
            "난방방식":30,
            "공급면적":"--",
            "전용률":"--",
            "욕실수":100,
            "현관타입":100,
            "주거총점":75.0,
            "지역구공급총점":0.0,
            "역세권":0,
            "30분내 이동가능 거점":0,
            "1시간내 이동가능 거점":0,
            "교통총점":0.0,
            "백화점":0,
            "아울렛몰":0,
            "대형마트":80,
            "은행":0,
            "병원":60,
            "종합병원":80,
            "공원":100,
            "혐오시설":0,
            "인프라총점":37.0,
            "초등학군":90.0,
            "중학군":41.98,
            "학군총점":51.584,
            "인구수":20.14,
            "인구증감":12.06,
            "인구총점":17.716,
            "일자리":16.04,
            "소득수준":63.73,
            "일자리총점":30.347,
            "가치 총점":33.8376,
            "매매실거래년":20211229.0,
            "매매실거래가":45000.0,
            "전세실거래년":20211001.0,
            "전세실거래가":30000.0,
            "전세가율":81.08,
            "장기전세가율평균":68.73,
            "전세가율거품지수":-12.35,
            "검색코드":115455,
            "세대수":1358.0,
            "준공년월":"2018-07-26",
            "준공년차":5.0,
            "가까운역이름":"평택",
            "가까운역거리":7463.22,
            "역세권여부":"비역세권",
            "30분이내주요거점역":0,
            "30분거점역이름":"[]",
            "1시간이내주요거점역":0,
            "1시간거점역이름":"[]",
            "3km이내백화점수":0,
            "5km이내아울렛몰수":0,
            "1km이내대형먀트수":1,
            "500m이내은행수":0,
            "500m이내병원수":19,
            "5km이내대형병원수":1,
            "500m이내공원수":4,
            "3km이내혐오시설수":0,
            "초등학교학업성취도":90.0,
            "중학교학업성취도":69.5,
            "용적률":199,
            "건폐율":13,
            "Y":37.00201,
            "X":127.168,
            "rank":5.0,
            "area_info":"24평(80.73), 24평(81.55), 29평(98.54), 29평(99.0), 34평(112.96), 34평(113.21)",
            "last_sales":"2021-12-29,45000.0,34평(112.96)",
            "rank_history":[
                [
                    "202202",
                    5
                ],
                [
                    "202201",
                    4
                ]
            ],
            "rank_gap":-1
        },
        {
            "index":70,
            "아파트명":"안성공도우림루미아트",
            "투자타입":"일반",
            "전용면적(m2)":"107.04",
            "전용면적(평)":"32평",
            "법정동주소":"경기도 안성시 공도읍 진사리 643",
            "도로명주소":"경기도 안성시 진건중길 15-10",
            "세대수":50,
            "입주년차":40,
            "용적률점수":"--",
            "건폐율점수":"--",
            "세대당주차수":30,
            "난방방식":30,
            "공급면적":"--",
            "전용률":"--",
            "욕실수":100,
            "현관타입":100,
            "주거총점":53.0,
            "지역구공급총점":0.0,
            "역세권":0,
            "30분내 이동가능 거점":0,
            "1시간내 이동가능 거점":10,
            "교통총점":2.0,
            "백화점":0,
            "아울렛몰":0,
            "대형마트":100,
            "은행":0,
            "병원":60,
            "종합병원":100,
            "공원":100,
            "혐오시설":0,
            "인프라총점":44.0,
            "초등학군":89.99,
            "중학군":49.68,
            "학군총점":57.742,
            "인구수":20.14,
            "인구증감":12.06,
            "인구총점":17.716,
            "일자리":16.04,
            "소득수준":63.73,
            "일자리총점":30.347,
            "가치 총점":33.1613,
            "매매실거래년":20211219.0,
            "매매실거래가":30000.0,
            "전세실거래년":null,
            "전세실거래가":null,
            "전세가율":null,
            "장기전세가율평균":68.73,
            "전세가율거품지수":null,
            "검색코드":10095,
            "세대수":550.0,
            "준공년월":"2004-07-12",
            "준공년차":19.0,
            "가까운역이름":"평택",
            "가까운역거리":5116.84,
            "역세권여부":"비역세권",
            "30분이내주요거점역":0,
            "30분거점역이름":"[]",
            "1시간이내주요거점역":1,
            "1시간거점역이름":"['수원']",
            "3km이내백화점수":0,
            "5km이내아울렛몰수":0,
            "1km이내대형먀트수":3,
            "500m이내은행수":0,
            "500m이내병원수":11,
            "5km이내대형병원수":2,
            "500m이내공원수":3,
            "3km이내혐오시설수":0,
            "초등학교학업성취도":89.99,
            "중학교학업성취도":82.8,
            "용적률":196,
            "건폐율":15,
            "Y":36.992642,
            "X":127.142722,
            "rank":6.0,
            "area_info":"32평(107.04), 33평(112.12)",
            "last_sales":"2021-12-19,30000.0,33평(112.12)",
            "rank_history":[
                [
                    "202202",
                    6
                ],
                [
                    "202201",
                    13
                ]
            ],
            "rank_gap":7
        },
        {
            "index":199,
            "아파트명":"안성신소현코아루",
            "투자타입":"일반",
            "전용면적(m2)":"94.59",
            "전용면적(평)":"28평",
            "법정동주소":"경기도 안성시 신소현동 175",
            "도로명주소":"경기도 안성시 남파로 73-9",
            "세대수":80,
            "입주년차":40,
            "용적률점수":"--",
            "건폐율점수":"--",
            "세대당주차수":30,
            "난방방식":30,
            "공급면적":"--",
            "전용률":"--",
            "욕실수":100,
            "현관타입":100,
            "주거총점":63.5,
            "지역구공급총점":0.0,
            "역세권":0,
            "30분내 이동가능 거점":0,
            "1시간내 이동가능 거점":0,
            "교통총점":0.0,
            "백화점":0,
            "아울렛몰":0,
            "대형마트":100,
            "은행":0,
            "병원":30,
            "종합병원":100,
            "공원":100,
            "혐오시설":0,
            "인프라총점":41.0,
            "초등학군":90.01,
            "중학군":40.76,
            "학군총점":50.61,
            "인구수":20.14,
            "인구증감":12.06,
            "인구총점":17.716,
            "일자리":16.04,
            "소득수준":63.73,
            "일자리총점":30.347,
            "가치 총점":32.5915,
            "매매실거래년":20220113.0,
            "매매실거래가":34500.0,
            "전세실거래년":20210220.0,
            "전세실거래가":15000.0,
            "전세가율":75.0,
            "장기전세가율평균":68.73,
            "전세가율거품지수":-6.27,
            "검색코드":19595,
            "세대수":829.0,
            "준공년월":"2006-12-01",
            "준공년차":17.0,
            "가까운역이름":"평택",
            "가까운역거리":15501.95,
            "역세권여부":"비역세권",
            "30분이내주요거점역":0,
            "30분거점역이름":"[]",
            "1시간이내주요거점역":0,
            "1시간거점역이름":"[]",
            "3km이내백화점수":0,
            "5km이내아울렛몰수":0,
            "1km이내대형먀트수":2,
            "500m이내은행수":0,
            "500m이내병원수":6,
            "5km이내대형병원수":2,
            "500m이내공원수":2,
            "3km이내혐오시설수":0,
            "초등학교학업성취도":90.01,
            "중학교학업성취도":66.6,
            "용적률":229,
            "건폐율":17,
            "Y":37.016615,
            "X":127.256694,
            "rank":7.0,
            "area_info":"28평(94.59), 33평(111.17), 34평(113.56), 34평(113.56), 46평(155.18)",
            "last_sales":"2022-01-13,34500.0,46평(155.18)",
            "rank_history":[
                [
                    "202202",
                    7
                ],
                [
                    "202201",
                    6
                ]
            ],
            "rank_gap":-1
        },
        {
            "index":171,
            "아파트명":"안성아양LH2단지",
            "투자타입":"일반",
            "전용면적(m2)":"101.78",
            "전용면적(평)":"30평",
            "법정동주소":"경기도 안성시 석정동 368",
            "도로명주소":"경기도 안성시 아양4로 46",
            "세대수":50,
            "입주년차":100,
            "용적률점수":"--",
            "건폐율점수":"--",
            "세대당주차수":30,
            "난방방식":30,
            "공급면적":"--",
            "전용률":"--",
            "욕실수":100,
            "현관타입":100,
            "주거총점":65.0,
            "지역구공급총점":0.0,
            "역세권":0,
            "30분내 이동가능 거점":0,
            "1시간내 이동가능 거점":0,
            "교통총점":0.0,
            "백화점":0,
            "아울렛몰":0,
            "대형마트":80,
            "은행":0,
            "병원":30,
            "종합병원":100,
            "공원":100,
            "혐오시설":0,
            "인프라총점":38.0,
            "초등학군":90.0,
            "중학군":40.76,
            "학군총점":50.608,
            "인구수":20.14,
            "인구증감":12.06,
            "인구총점":17.716,
            "일자리":16.04,
            "소득수준":63.73,
            "일자리총점":30.347,
            "가치 총점":31.9912,
            "매매실거래년":20220103.0,
            "매매실거래가":29500.0,
            "전세실거래년":20220117.0,
            "전세실거래가":26000.0,
            "전세가율":88.14,
            "장기전세가율평균":68.73,
            "전세가율거품지수":-19.41,
            "검색코드":143398,
            "세대수":644.0,
            "준공년월":"2021-11-01",
            "준공년차":2.0,
            "가까운역이름":"평택",
            "가까운역거리":15141.03,
            "역세권여부":"비역세권",
            "30분이내주요거점역":0,
            "30분거점역이름":"[]",
            "1시간이내주요거점역":0,
            "1시간거점역이름":"[]",
            "3km이내백화점수":0,
            "5km이내아울렛몰수":0,
            "1km이내대형먀트수":1,
            "500m이내은행수":0,
            "500m이내병원수":6,
            "5km이내대형병원수":2,
            "500m이내공원수":2,
            "3km이내혐오시설수":0,
            "초등학교학업성취도":90.0,
            "중학교학업성취도":66.6,
            "용적률":184,
            "건폐율":13,
            "Y":37.010378,
            "X":127.253874,
            "rank":8.0,
            "area_info":"30평(101.78), 34평(115.39), 34평(115.38), 34평(115.12)",
            "last_sales":"2022-01-03,29500.0,30평(101.78)",
            "rank_history":[
                [
                    "202202",
                    8
                ],
                [
                    "202201",
                    7
                ]
            ],
            "rank_gap":-1
        },
        {
            "index":96,
            "아파트명":"주은청설",
            "투자타입":"일반",
            "전용면적(m2)":"57.02",
            "전용면적(평)":"17평",
            "법정동주소":"경기도 안성시 공도읍 진사리 36-1",
            "도로명주소":"경기도 안성시 진사길 32",
            "세대수":100,
            "입주년차":20,
            "용적률점수":"--",
            "건폐율점수":"--",
            "세대당주차수":0,
            "난방방식":30,
            "공급면적":"--",
            "전용률":"--",
            "욕실수":50,
            "현관타입":10,
            "주거총점":48.0,
            "지역구공급총점":0.0,
            "역세권":0,
            "30분내 이동가능 거점":0,
            "1시간내 이동가능 거점":10,
            "교통총점":2.0,
            "백화점":0,
            "아울렛몰":0,
            "대형마트":100,
            "은행":0,
            "병원":60,
            "종합병원":100,
            "공원":80,
            "혐오시설":0,
            "인프라총점":43.4,
            "초등학군":89.99,
            "중학군":49.68,
            "학군총점":57.742,
            "인구수":20.14,
            "인구증감":12.06,
            "인구총점":17.716,
            "일자리":16.04,
            "소득수준":63.73,
            "일자리총점":30.347,
            "가치 총점":31.9813,
            "매매실거래년":20220119.0,
            "매매실거래가":13500.0,
            "전세실거래년":20220127.0,
            "전세실거래가":11000.0,
            "전세가율":81.48,
            "장기전세가율평균":68.73,
            "전세가율거품지수":-12.75,
            "검색코드":10319,
            "세대수":2295.0,
            "준공년월":"2000-01-28",
            "준공년차":23.0,
            "가까운역이름":"평택",
            "가까운역거리":4764.11,
            "역세권여부":"비역세권",
            "30분이내주요거점역":0,
            "30분거점역이름":"[]",
            "1시간이내주요거점역":1,
            "1시간거점역이름":"['수원']",
            "3km이내백화점수":0,
            "5km이내아울렛몰수":0,
            "1km이내대형먀트수":2,
            "500m이내은행수":0,
            "500m이내병원수":10,
            "5km이내대형병원수":2,
            "500m이내공원수":1,
            "3km이내혐오시설수":0,
            "초등학교학업성취도":89.99,
            "중학교학업성취도":82.8,
            "용적률":252,
            "건폐율":18,
            "Y":36.98992,
            "X":127.13879,
            "rank":9.0,
            "area_info":"17평(57.02), 21평(71.05), 24평(79.34)",
            "last_sales":"2022-01-19,13500.0,17평(57.02)",
            "rank_history":[
                [
                    "202202",
                    9
                ],
                [
                    "202201",
                    17
                ]
            ],
            "rank_gap":8
        },
        {
            "index":0,
            "아파트명":"안성푸르지오",
            "투자타입":"일반",
            "전용면적(m2)":"83.35",
            "전용면적(평)":"25평",
            "법정동주소":"경기도 안성시 가사동 175",
            "도로명주소":"경기도 안성시 비봉로 37",
            "세대수":80,
            "입주년차":80,
            "용적률점수":"--",
            "건폐율점수":"--",
            "세대당주차수":30,
            "난방방식":30,
            "공급면적":"--",
            "전용률":"--",
            "욕실수":100,
            "현관타입":100,
            "주거총점":71.5,
            "지역구공급총점":0.0,
            "역세권":0,
            "30분내 이동가능 거점":0,
            "1시간내 이동가능 거점":0,
            "교통총점":0.0,
            "백화점":0,
            "아울렛몰":0,
            "대형마트":80,
            "은행":0,
            "병원":0,
            "종합병원":100,
            "공원":80,
            "혐오시설":0,
            "인프라총점":34.4,
            "초등학군":90.03,
            "중학군":38.04,
            "학군총점":48.438,
            "인구수":20.14,
            "인구증감":12.06,
            "인구총점":17.716,
            "일자리":16.04,
            "소득수준":63.73,
            "일자리총점":30.347,
            "가치 총점":31.8857,
            "매매실거래년":20220101.0,
            "매매실거래가":32000.0,
            "전세실거래년":20220123.0,
            "전세실거래가":16000.0,
            "전세가율":50.0,
            "장기전세가율평균":68.73,
            "전세가율거품지수":18.73,
            "검색코드":114643,
            "세대수":759.0,
            "준공년월":"2017-12-21",
            "준공년차":6.0,
            "가까운역이름":"성환",
            "가까운역거리":17929.88,
            "역세권여부":"비역세권",
            "30분이내주요거점역":0,
            "30분거점역이름":"[]",
            "1시간이내주요거점역":0,
            "1시간거점역이름":"[]",
            "3km이내백화점수":0,
            "5km이내아울렛몰수":0,
            "1km이내대형먀트수":1,
            "500m이내은행수":0,
            "500m이내병원수":0,
            "5km이내대형병원수":2,
            "500m이내공원수":1,
            "3km이내혐오시설수":0,
            "초등학교학업성취도":90.03,
            "중학교학업성취도":63.4,
            "용적률":199,
            "건폐율":17,
            "Y":37.011505,
            "X":127.289635,
            "rank":10.0,
            "area_info":"25평(83.35), 25평(83.96), 29평(99.17), 30평(99.94), 30평(99.97)",
            "last_sales":"2022-01-01,32000.0,25평(83.35)",
            "rank_history":[
                [
                    "202202",
                    10
                ],
                [
                    "202201",
                    9
                ]
            ],
            "rank_gap":-1
        },
        {
            "index":185,
            "아파트명":"한빛마을우남퍼스트빌",
            "투자타입":"일반",
            "전용면적(m2)":"115.71",
            "전용면적(평)":"35평",
            "법정동주소":"경기도 안성시 석정동 343",
            "도로명주소":"경기도 안성시 중앙로 274-7",
            "세대수":50,
            "입주년차":40,
            "용적률점수":"--",
            "건폐율점수":"--",
            "세대당주차수":60,
            "난방방식":30,
            "공급면적":"--",
            "전용률":"--",
            "욕실수":100,
            "현관타입":100,
            "주거총점":57.5,
            "지역구공급총점":0.0,
            "역세권":0,
            "30분내 이동가능 거점":0,
            "1시간내 이동가능 거점":0,
            "교통총점":0.0,
            "백화점":0,
            "아울렛몰":0,
            "대형마트":100,
            "은행":0,
            "병원":30,
            "종합병원":100,
            "공원":100,
            "혐오시설":0,
            "인프라총점":41.0,
            "초등학군":90.01,
            "중학군":40.76,
            "학군총점":50.61,
            "인구수":20.14,
            "인구증감":12.06,
            "인구총점":17.716,
            "일자리":16.04,
            "소득수준":63.73,
            "일자리총점":30.347,
            "가치 총점":31.3915,
            "매매실거래년":20220104.0,
            "매매실거래가":44500.0,
            "전세실거래년":20200902.0,
            "전세실거래가":20000.0,
            "전세가율":57.97,
            "장기전세가율평균":68.73,
            "전세가율거품지수":10.76,
            "검색코드":26832,
            "세대수":486.0,
            "준공년월":"2007-11-29",
            "준공년차":16.0,
            "가까운역이름":"평택",
            "가까운역거리":15667.95,
            "역세권여부":"비역세권",
            "30분이내주요거점역":0,
            "30분거점역이름":"[]",
            "1시간이내주요거점역":0,
            "1시간거점역이름":"[]",
            "3km이내백화점수":0,
            "5km이내아울렛몰수":0,
            "1km이내대형먀트수":2,
            "500m이내은행수":0,
            "500m이내병원수":8,
            "5km이내대형병원수":2,
            "500m이내공원수":3,
            "3km이내혐오시설수":0,
            "초등학교학업성취도":90.01,
            "중학교학업성취도":66.6,
            "용적률":199,
            "건폐율":15,
            "Y":37.011434,
            "X":127.259678,
            "rank":11.0,
            "area_info":"35평(115.71), 35평(116.08), 35평(117.19), 42평(140.56), 48평(160.62), 53평(178.51)",
            "last_sales":"2022-01-04,44500.0,48평(160.62)",
            "rank_history":[
                [
                    "202202",
                    11
                ],
                [
                    "202201",
                    12
                ]
            ],
            "rank_gap":1
        },
        {
            "index":167,
            "아파트명":"신원아침도시",
            "투자타입":"일반",
            "전용면적(m2)":"113.64",
            "전용면적(평)":"34평",
            "법정동주소":"경기도 안성시 석정동 355",
            "도로명주소":"경기도 안성시 석정2길 13-8",
            "세대수":50,
            "입주년차":60,
            "용적률점수":"--",
            "건폐율점수":"--",
            "세대당주차수":30,
            "난방방식":30,
            "공급면적":"--",
            "전용률":"--",
            "욕실수":100,
            "현관타입":100,
            "주거총점":57.0,
            "지역구공급총점":0.0,
            "역세권":0,
            "30분내 이동가능 거점":0,
            "1시간내 이동가능 거점":0,
            "교통총점":0.0,
            "백화점":0,
            "아울렛몰":0,
            "대형마트":100,
            "은행":0,
            "병원":30,
            "종합병원":100,
            "공원":100,
            "혐오시설":0,
            "인프라총점":41.0,
            "초등학군":90.02,
            "중학군":40.76,
            "학군총점":50.612,
            "인구수":20.14,
            "인구증감":12.06,
            "인구총점":17.716,
            "일자리":16.04,
            "소득수준":63.73,
            "일자리총점":30.347,
            "가치 총점":31.2918,
            "매매실거래년":20211115.0,
            "매매실거래가":30900.0,
            "전세실거래년":20211125.0,
            "전세실거래가":24000.0,
            "전세가율":77.67,
            "장기전세가율평균":68.73,
            "전세가율거품지수":-8.94,
            "검색코드":100462,
            "세대수":614.0,
            "준공년월":"2009-11-27",
            "준공년차":14.0,
            "가까운역이름":"평택",
            "가까운역거리":15638.36,
            "역세권여부":"비역세권",
            "30분이내주요거점역":0,
            "30분거점역이름":"[]",
            "1시간이내주요거점역":0,
            "1시간거점역이름":"[]",
            "3km이내백화점수":0,
            "5km이내아울렛몰수":0,
            "1km이내대형먀트수":2,
            "500m이내은행수":0,
            "500m이내병원수":6,
            "5km이내대형병원수":2,
            "500m이내공원수":2,
            "3km이내혐오시설수":0,
            "초등학교학업성취도":90.02,
            "중학교학업성취도":66.6,
            "용적률":196,
            "건폐율":14,
            "Y":37.008975,
            "X":127.259769,
            "rank":12.0,
            "area_info":"34평(113.64), 34평(113.0), 34평(113.4), 47평(155.52)",
            "last_sales":"2021-11-15,30900.0,34평(113.64)",
            "rank_history":[
                [
                    "202202",
                    12
                ],
                [
                    "202201",
                    14
                ]
            ],
            "rank_gap":2
        },
        {
            "index":225,
            "아파트명":"골든캐슬타워(도시형)",
            "투자타입":"일반",
            "전용면적(m2)":"25.92",
            "전용면적(평)":"7평",
            "법정동주소":"경기도 안성시 인지동 7",
            "도로명주소":"경기도 안성시 장기로 37",
            "세대수":0,
            "입주년차":80,
            "용적률점수":"--",
            "건폐율점수":"--",
            "세대당주차수":0,
            "난방방식":30,
            "공급면적":"--",
            "전용률":"--",
            "욕실수":50,
            "현관타입":100,
            "주거총점":34.0,
            "지역구공급총점":0.0,
            "역세권":0,
            "30분내 이동가능 거점":0,
            "1시간내 이동가능 거점":0,
            "교통총점":0.0,
            "백화점":0,
            "아울렛몰":0,
            "대형마트":80,
            "은행":70,
            "병원":100,
            "종합병원":100,
            "공원":100,
            "혐오시설":0,
            "인프라총점":52.0,
            "초등학군":90.02,
            "중학군":50.96,
            "학군총점":58.772,
            "인구수":20.14,
            "인구증감":12.06,
            "인구총점":17.716,
            "일자리":16.04,
            "소득수준":63.73,
            "일자리총점":30.347,
            "가치 총점":31.2158,
            "매매실거래년":20190702.0,
            "매매실거래가":13500.0,
            "전세실거래년":null,
            "전세실거래가":null,
            "전세가율":null,
            "장기전세가율평균":68.73,
            "전세가율거품지수":null,
            "검색코드":112568,
            "세대수":299.0,
            "준공년월":"2016-04-14",
            "준공년차":7.0,
            "가까운역이름":"성환",
            "가까운역거리":16036.21,
            "역세권여부":"비역세권",
            "30분이내주요거점역":0,
            "30분거점역이름":"[]",
            "1시간이내주요거점역":0,
            "1시간거점역이름":"[]",
            "3km이내백화점수":0,
            "5km이내아울렛몰수":0,
            "1km이내대형먀트수":1,
            "500m이내은행수":4,
            "500m이내병원수":78,
            "5km이내대형병원수":2,
            "500m이내공원수":2,
            "3km이내혐오시설수":0,
            "초등학교학업성취도":90.02,
            "중학교학업성취도":83.6,
            "용적률":542,
            "건폐율":79,
            "Y":37.005989,
            "X":127.268079,
            "rank":13.0,
            "area_info":"7평(25.92), 7평(26.02), 8평(26.61), 8평(29.05), 8평(29.72), 8평(29.45), 8평(29.19), 9평(32.45), 11평(37.14), 11평(37.2), 11평(37.59), 11평(38.03), 11평(38.06), 15평(52.18), 21평(70.0), 22평(74.45)",
            "last_sales":"2019-07-02,13500.0,22평(74.45)",
            "rank_history":[
                [
                    "202202",
                    13
                ],
                [
                    "202201",
                    8
                ]
            ],
            "rank_gap":-5
        },
        {
            "index":212,
            "아파트명":"안성아양시티프라디움",
            "투자타입":"일반",
            "전용면적(m2)":"112.48",
            "전용면적(평)":"34평",
            "법정동주소":"경기도 안성시 옥산동 560",
            "도로명주소":"경기도 안성시 아양2로 49",
            "세대수":50,
            "입주년차":80,
            "용적률점수":"--",
            "건폐율점수":"--",
            "세대당주차수":30,
            "난방방식":30,
            "공급면적":"--",
            "전용률":"--",
            "욕실수":100,
            "현관타입":100,
            "주거총점":61.0,
            "지역구공급총점":0.0,
            "역세권":0,
            "30분내 이동가능 거점":0,
            "1시간내 이동가능 거점":0,
            "교통총점":0.0,
            "백화점":0,
            "아울렛몰":0,
            "대형마트":80,
            "은행":0,
            "병원":30,
            "종합병원":100,
            "공원":100,
            "혐오시설":0,
            "인프라총점":38.0,
            "초등학군":90.0,
            "중학군":40.76,
            "학군총점":50.608,
            "인구수":20.14,
            "인구증감":12.06,
            "인구총점":17.716,
            "일자리":16.04,
            "소득수준":63.73,
            "일자리총점":30.347,
            "가치 총점":31.1912,
            "매매실거래년":20211012.0,
            "매매실거래가":44000.0,
            "전세실거래년":20211208.0,
            "전세실거래가":29000.0,
            "전세가율":65.91,
            "장기전세가율평균":68.73,
            "전세가율거품지수":2.82,
            "검색코드":115713,
            "세대수":688.0,
            "준공년월":"2018-05-02",
            "준공년차":5.0,
            "가까운역이름":"평택",
            "가까운역거리":15216.34,
            "역세권여부":"비역세권",
            "30분이내주요거점역":0,
            "30분거점역이름":"[]",
            "1시간이내주요거점역":0,
            "1시간거점역이름":"[]",
            "3km이내백화점수":0,
            "5km이내아울렛몰수":0,
            "1km이내대형먀트수":1,
            "500m이내은행수":0,
            "500m이내병원수":5,
            "5km이내대형병원수":2,
            "500m이내공원수":4,
            "3km이내혐오시설수":0,
            "초등학교학업성취도":90.0,
            "중학교학업성취도":66.6,
            "용적률":180,
            "건폐율":16,
            "Y":37.007176,
            "X":127.255261,
            "rank":14.0,
            "area_info":"34평(112.48), 34평(112.73), 34평(113.67), 37평(124.09), 37평(124.35), 38평(126.02), 42평(139.75)",
            "last_sales":"2021-10-12,44000.0,34평(112.48)",
            "rank_history":[
                [
                    "202202",
                    14
                ],
                [
                    "202201",
                    11
                ]
            ],
            "rank_gap":-3
        },
        {
            "index":175,
            "아파트명":"안성엘리시아(도시형)",
            "투자타입":"일반",
            "전용면적(m2)":"38.34",
            "전용면적(평)":"11평",
            "법정동주소":"경기도 안성시 석정동 29-2",
            "도로명주소":"경기도 안성시 중앙로 360",
            "세대수":0,
            "입주년차":100,
            "용적률점수":"--",
            "건폐율점수":"--",
            "세대당주차수":0,
            "난방방식":30,
            "공급면적":"--",
            "전용률":"--",
            "욕실수":50,
            "현관타입":100,
            "주거총점":38.0,
            "지역구공급총점":0.0,
            "역세권":0,
            "30분내 이동가능 거점":0,
            "1시간내 이동가능 거점":0,
            "교통총점":0.0,
            "백화점":0,
            "아울렛몰":0,
            "대형마트":80,
            "은행":70,
            "병원":100,
            "종합병원":100,
            "공원":80,
            "혐오시설":0,
            "인프라총점":51.4,
            "초등학군":90.02,
            "중학군":44.76,
            "학군총점":53.812,
            "인구수":20.14,
            "인구증감":12.06,
            "인구총점":17.716,
            "일자리":16.04,
            "소득수준":63.73,
            "일자리총점":30.347,
            "가치 총점":31.0918,
            "매매실거래년":"18000101",
            "매매실거래가":null,
            "전세실거래년":null,
            "전세실거래가":null,
            "전세가율":null,
            "장기전세가율평균":68.73,
            "전세가율거품지수":null,
            "검색코드":126374,
            "세대수":192.0,
            "준공년월":"2019-07-05",
            "준공년차":4.0,
            "가까운역이름":"성환",
            "가까운역거리":16080.67,
            "역세권여부":"비역세권",
            "30분이내주요거점역":0,
            "30분거점역이름":"[]",
            "1시간이내주요거점역":0,
            "1시간거점역이름":"[]",
            "3km이내백화점수":0,
            "5km이내아울렛몰수":0,
            "1km이내대형먀트수":1,
            "500m이내은행수":4,
            "500m이내병원수":78,
            "5km이내대형병원수":2,
            "500m이내공원수":1,
            "3km이내혐오시설수":0,
            "초등학교학업성취도":90.02,
            "중학교학업성취도":74.6,
            "용적률":497,
            "건폐율":70,
            "Y":37.007947,
            "X":127.26674,
            "rank":15.0,
            "area_info":"11평(38.34), 12평(40.65), 12평(41.53), 12평(42.85), 12평(42.18), 12평(42.94), 13평(45.57), 15평(50.5), 16평(53.47), 17평(56.99)",
            "last_sales":"1800-01-01,nan,11평(38.34)",
            "rank_history":[
                [
                    "202202",
                    15
                ],
                [
                    "202201",
                    10
                ]
            ],
            "rank_gap":-5
        },
        {
            "index":28,
            "아파트명":"디자인시티블루밍",
            "투자타입":"일반",
            "전용면적(m2)":"111.43",
            "전용면적(평)":"33평",
            "법정동주소":"경기도 안성시 공도읍 만정리 880",
            "도로명주소":"경기도 안성시 공도로 142",
            "세대수":90,
            "입주년차":60,
            "용적률점수":"--",
            "건폐율점수":"--",
            "세대당주차수":60,
            "난방방식":30,
            "공급면적":"--",
            "전용률":"--",
            "욕실수":100,
            "현관타입":100,
            "주거총점":75.5,
            "지역구공급총점":0.0,
            "역세권":0,
            "30분내 이동가능 거점":0,
            "1시간내 이동가능 거점":0,
            "교통총점":0.0,
            "백화점":0,
            "아울렛몰":0,
            "대형마트":0,
            "은행":20,
            "병원":60,
            "종합병원":80,
            "공원":100,
            "혐오시설":0,
            "인프라총점":27.0,
            "초등학군":90.0,
            "중학군":41.98,
            "학군총점":51.584,
            "인구수":20.14,
            "인구증감":12.06,
            "인구총점":17.716,
            "일자리":16.04,
            "소득수준":63.73,
            "일자리총점":30.347,
            "가치 총점":30.9376,
            "매매실거래년":20210823.0,
            "매매실거래가":43000.0,
            "전세실거래년":null,
            "전세실거래가":null,
            "전세가율":null,
            "장기전세가율평균":68.73,
            "전세가율거품지수":null,
            "검색코드":27259,
            "세대수":1378.0,
            "준공년월":"2010-08-30",
            "준공년차":13.0,
            "가까운역이름":"평택",
            "가까운역거리":8060.42,
            "역세권여부":"비역세권",
            "30분이내주요거점역":0,
            "30분거점역이름":"[]",
            "1시간이내주요거점역":0,
            "1시간거점역이름":"[]",
            "3km이내백화점수":0,
            "5km이내아울렛몰수":0,
            "1km이내대형먀트수":0,
            "500m이내은행수":2,
            "500m이내병원수":21,
            "5km이내대형병원수":1,
            "500m이내공원수":4,
            "3km이내혐오시설수":0,
            "초등학교학업성취도":90.0,
            "중학교학업성취도":69.5,
            "용적률":199,
            "건폐율":16,
            "Y":36.999829,
            "X":127.175201,
            "rank":16.0,
            "area_info":"33평(111.43), 33평(112.13), 33평(112.19), 39평(128.93), 39평(130.02), 40평(132.81), 48평(159.96), 48평(159.03), 49평(164.54), 60평(201.5)",
            "last_sales":"2021-08-23,43000.0,60평(201.5)",
            "rank_history":[
                [
                    "202202",
                    16
                ],
                [
                    "202201",
                    15
                ]
            ],
            "rank_gap":-1
        },
        {
            "index":42,
            "아파트명":"삼성",
            "투자타입":"일반",
            "전용면적(m2)":"73.82",
            "전용면적(평)":"22평",
            "법정동주소":"경기도 안성시 공도읍 진사리 639-1",
            "도로명주소":"경기도 안성시 진건중길 14",
            "세대수":30,
            "입주년차":20,
            "용적률점수":"--",
            "건폐율점수":"--",
            "세대당주차수":0,
            "난방방식":30,
            "공급면적":"--",
            "전용률":"--",
            "욕실수":100,
            "현관타입":100,
            "주거총점":37.5,
            "지역구공급총점":0.0,
            "역세권":0,
            "30분내 이동가능 거점":0,
            "1시간내 이동가능 거점":20,
            "교통총점":4.0,
            "백화점":0,
            "아울렛몰":0,
            "대형마트":100,
            "은행":0,
            "병원":60,
            "종합병원":100,
            "공원":100,
            "혐오시설":0,
            "인프라총점":44.0,
            "초등학군":89.99,
            "중학군":49.68,
            "학군총점":57.742,
            "인구수":20.14,
            "인구증감":12.06,
            "인구총점":17.716,
            "일자리":16.04,
            "소득수준":63.73,
            "일자리총점":30.347,
            "가치 총점":30.7613,
            "매매실거래년":20211209.0,
            "매매실거래가":31000.0,
            "전세실거래년":20211023.0,
            "전세실거래가":17000.0,
            "전세가율":85.86,
            "장기전세가율평균":68.73,
            "전세가율거품지수":-17.13,
            "검색코드":10605,
            "세대수":348.0,
            "준공년월":"2002-10-21",
            "준공년차":21.0,
            "가까운역이름":"평택",
            "가까운역거리":5032.45,
            "역세권여부":"비역세권",
            "30분이내주요거점역":0,
            "30분거점역이름":"[]",
            "1시간이내주요거점역":2,
            "1시간거점역이름":"['수원시청', '수원']",
            "3km이내백화점수":0,
            "5km이내아울렛몰수":0,
            "1km이내대형먀트수":3,
            "500m이내은행수":0,
            "500m이내병원수":10,
            "5km이내대형병원수":2,
            "500m이내공원수":3,
            "3km이내혐오시설수":0,
            "초등학교학업성취도":89.99,
            "중학교학업성취도":82.8,
            "용적률":201,
            "건폐율":17,
            "Y":36.994149,
            "X":127.14166,
            "rank":17.0,
            "area_info":"22평(73.82), 29평(97.37), 29평(98.4), 42평(142.1)",
            "last_sales":"2021-12-09,31000.0,42평(142.1)",
            "rank_history":[
                [
                    "202202",
                    17
                ],
                [
                    "202201",
                    23
                ]
            ],
            "rank_gap":6
        },
        {
            "index":67,
            "아파트명":"안성공도우림",
            "투자타입":"일반",
            "전용면적(m2)":"58.87",
            "전용면적(평)":"17평",
            "법정동주소":"경기도 안성시 공도읍 진사리 20-14",
            "도로명주소":"경기도 안성시 진사길 27",
            "세대수":90,
            "입주년차":0,
            "용적률점수":"--",
            "건폐율점수":"--",
            "세대당주차수":0,
            "난방방식":30,
            "공급면적":"--",
            "전용률":"--",
            "욕실수":50,
            "현관타입":10,
            "주거총점":40.5,
            "지역구공급총점":0.0,
            "역세권":0,
            "30분내 이동가능 거점":0,
            "1시간내 이동가능 거점":10,
            "교통총점":2.0,
            "백화점":0,
            "아울렛몰":0,
            "대형마트":100,
            "은행":0,
            "병원":60,
            "종합병원":100,
            "공원":100,
            "혐오시설":0,
            "인프라총점":44.0,
            "초등학군":89.99,
            "중학군":49.68,
            "학군총점":57.742,
            "인구수":20.14,
            "인구증감":12.06,
            "인구총점":17.716,
            "일자리":16.04,
            "소득수준":63.73,
            "일자리총점":30.347,
            "가치 총점":30.6613,
            "매매실거래년":20220119.0,
            "매매실거래가":11000.0,
            "전세실거래년":20220127.0,
            "전세실거래가":13000.0,
            "전세가율":118.18,
            "장기전세가율평균":68.73,
            "전세가율거품지수":-49.45,
            "검색코드":11514,
            "세대수":940.0,
            "준공년월":"1998-07-03",
            "준공년차":25.0,
            "가까운역이름":"평택",
            "가까운역거리":4920.38,
            "역세권여부":"비역세권",
            "30분이내주요거점역":0,
            "30분거점역이름":"[]",
            "1시간이내주요거점역":1,
            "1시간거점역이름":"['수원']",
            "3km이내백화점수":0,
            "5km이내아울렛몰수":0,
            "1km이내대형먀트수":3,
            "500m이내은행수":0,
            "500m이내병원수":11,
            "5km이내대형병원수":2,
            "500m이내공원수":3,
            "3km이내혐오시설수":0,
            "초등학교학업성취도":89.99,
            "중학교학업성취도":82.8,
            "용적률":224,
            "건폐율":20,
            "Y":36.991906,
            "X":127.14054,
            "rank":18.0,
            "area_info":"17평(58.87), 22평(75.77), 25평(85.5)",
            "last_sales":"2022-01-19,11000.0,17평(58.87)",
            "rank_history":[
                [
                    "202202",
                    18
                ],
                [
                    "202201",
                    24
                ]
            ],
            "rank_gap":6
        },
        {
            "index":210,
            "아파트명":"안성아양광신프로그레스",
            "투자타입":"일반",
            "전용면적(m2)":"110.15",
            "전용면적(평)":"33평",
            "법정동주소":"경기도 안성시 옥산동 557",
            "도로명주소":"경기도 안성시 아양3로 56",
            "세대수":50,
            "입주년차":80,
            "용적률점수":"--",
            "건폐율점수":"--",
            "세대당주차수":30,
            "난방방식":30,
            "공급면적":"--",
            "전용률":"--",
            "욕실수":100,
            "현관타입":100,
            "주거총점":61.0,
            "지역구공급총점":0.0,
            "역세권":0,
            "30분내 이동가능 거점":0,
            "1시간내 이동가능 거점":0,
            "교통총점":0.0,
            "백화점":0,
            "아울렛몰":0,
            "대형마트":80,
            "은행":0,
            "병원":10,
            "종합병원":100,
            "공원":100,
            "혐오시설":0,
            "인프라총점":36.0,
            "초등학군":90.0,
            "중학군":40.76,
            "학군총점":50.608,
            "인구수":20.14,
            "인구증감":12.06,
            "인구총점":17.716,
            "일자리":16.04,
            "소득수준":63.73,
            "일자리총점":30.347,
            "가치 총점":30.5912,
            "매매실거래년":20210908.0,
            "매매실거래가":31886.0,
            "전세실거래년":20211215.0,
            "전세실거래가":17850.0,
            "전세가율":38.8,
            "장기전세가율평균":68.73,
            "전세가율거품지수":29.93,
            "검색코드":113273,
            "세대수":545.0,
            "준공년월":"2018-08-31",
            "준공년차":5.0,
            "가까운역이름":"평택",
            "가까운역거리":15091.16,
            "역세권여부":"비역세권",
            "30분이내주요거점역":0,
            "30분거점역이름":"[]",
            "1시간이내주요거점역":0,
            "1시간거점역이름":"[]",
            "3km이내백화점수":0,
            "5km이내아울렛몰수":0,
            "1km이내대형먀트수":1,
            "500m이내은행수":0,
            "500m이내병원수":4,
            "5km이내대형병원수":2,
            "500m이내공원수":5,
            "3km이내혐오시설수":0,
            "초등학교학업성취도":90.0,
            "중학교학업성취도":66.6,
            "용적률":189,
            "건폐율":14,
            "Y":37.007189,
            "X":127.253839,
            "rank":19.0,
            "area_info":"33평(110.15), 33평(112.11)",
            "last_sales":"2021-09-08,31886.0,33평(112.11)",
            "rank_history":[
                [
                    "202202",
                    19
                ],
                [
                    "202201",
                    11
                ]
            ],
            "rank_gap":-8
        },
        {
            "index":250,
            "아파트명":"안성중리동광2차",
            "투자타입":"일반",
            "전용면적(m2)":"107.01",
            "전용면적(평)":"32평",
            "법정동주소":"경기도 안성시 중리동 618",
            "도로명주소":"경기도 안성시 서운로 791-10",
            "세대수":50,
            "입주년차":60,
            "용적률점수":"--",
            "건폐율점수":"--",
            "세대당주차수":30,
            "난방방식":30,
            "공급면적":"--",
            "전용률":"--",
            "욕실수":100,
            "현관타입":100,
            "주거총점":57.0,
            "지역구공급총점":0.0,
            "역세권":0,
            "30분내 이동가능 거점":0,
            "1시간내 이동가능 거점":0,
            "교통총점":0.0,
            "백화점":0,
            "아울렛몰":0,
            "대형마트":80,
            "은행":0,
            "병원":0,
            "종합병원":100,
            "공원":80,
            "혐오시설":0,
            "인프라총점":34.4,
            "초등학군":90.02,
            "중학군":50.96,
            "학군총점":58.772,
            "인구수":20.14,
            "인구증감":12.06,
            "인구총점":17.716,
            "일자리":16.04,
            "소득수준":63.73,
            "일자리총점":30.347,
            "가치 총점":30.5358,
            "매매실거래년":20220110.0,
            "매매실거래가":21000.0,
            "전세실거래년":20211231.0,
            "전세실거래가":16000.0,
            "전세가율":98.77,
            "장기전세가율평균":68.73,
            "전세가율거품지수":-30.04,
            "검색코드":100447,
            "세대수":576.0,
            "준공년월":"2009-04-15",
            "준공년차":14.0,
            "가까운역이름":"성환",
            "가까운역거리":14440.55,
            "역세권여부":"비역세권",
            "30분이내주요거점역":0,
            "30분거점역이름":"[]",
            "1시간이내주요거점역":0,
            "1시간거점역이름":"[]",
            "3km이내백화점수":0,
            "5km이내아울렛몰수":0,
            "1km이내대형먀트수":1,
            "500m이내은행수":0,
            "500m이내병원수":0,
            "5km이내대형병원수":2,
            "500m이내공원수":1,
            "3km이내혐오시설수":0,
            "초등학교학업성취도":90.02,
            "중학교학업성취도":83.6,
            "용적률":199,
            "건폐율":21,
            "Y":36.981985,
            "X":127.266983,
            "rank":20.0,
            "area_info":"32평(107.01), 32평(107.28), 32평(108.87)",
            "last_sales":"2022-01-10,21000.0,32평(108.87)",
            "rank_history":[
                [
                    "202202",
                    20
                ],
                [
                    "202201",
                    31
                ]
            ],
            "rank_gap":11
        },
        {
            "index":14,
            "아파트명":"공도우방아이유쉘",
            "투자타입":"일반",
            "전용면적(m2)":"84.96",
            "전용면적(평)":"25평",
            "법정동주소":"경기도 안성시 공도읍 승두리 889",
            "도로명주소":"경기도 안성시 공도로 116-26",
            "세대수":80,
            "입주년차":100,
            "용적률점수":"--",
            "건폐율점수":"--",
            "세대당주차수":30,
            "난방방식":30,
            "공급면적":"--",
            "전용률":"--",
            "욕실수":100,
            "현관타입":100,
            "주거총점":75.5,
            "지역구공급총점":0.0,
            "역세권":0,
            "30분내 이동가능 거점":0,
            "1시간내 이동가능 거점":0,
            "교통총점":0.0,
            "백화점":0,
            "아울렛몰":0,
            "대형마트":0,
            "은행":0,
            "병원":60,
            "종합병원":80,
            "공원":100,
            "혐오시설":0,
            "인프라총점":25.0,
            "초등학군":90.0,
            "중학군":41.98,
            "학군총점":51.584,
            "인구수":20.14,
            "인구증감":12.06,
            "인구총점":17.716,
            "일자리":16.04,
            "소득수준":63.73,
            "일자리총점":30.347,
            "가치 총점":30.3376,
            "매매실거래년":20210907.0,
            "매매실거래가":44000.0,
            "전세실거래년":20211211.0,
            "전세실거래가":25000.0,
            "전세가율":92.59,
            "장기전세가율평균":68.73,
            "전세가율거품지수":-23.86,
            "검색코드":119346,
            "세대수":715.0,
            "준공년월":"2020-08-01",
            "준공년차":3.0,
            "가까운역이름":"평택",
            "가까운역거리":7772.58,
            "역세권여부":"비역세권",
            "30분이내주요거점역":0,
            "30분거점역이름":"[]",
            "1시간이내주요거점역":0,
            "1시간거점역이름":"[]",
            "3km이내백화점수":0,
            "5km이내아울렛몰수":0,
            "1km이내대형먀트수":0,
            "500m이내은행수":1,
            "500m이내병원수":22,
            "5km이내대형병원수":1,
            "500m이내공원수":3,
            "3km이내혐오시설수":0,
            "초등학교학업성취도":90.0,
            "중학교학업성취도":69.5,
            "용적률":0,
            "건폐율":0,
            "Y":36.997615,
            "X":127.172251,
            "rank":21.0,
            "area_info":"25평(84.96), 26평(87.73), 32평(105.9), 32평(107.04), 34평(114.94)",
            "last_sales":"2021-09-07,44000.0,34평(114.94)",
            "rank_history":[
                [
                    "202202",
                    21
                ],
                [
                    "202201",
                    16
                ]
            ],
            "rank_gap":-5
        },
        {
            "index":48,
            "아파트명":"쌍용더플래티넘프리미어",
            "투자타입":"일반",
            "전용면적(m2)":"80.07",
            "전용면적(평)":"24평",
            "법정동주소":"경기도 안성시 공도읍 승두리 73번지 일원",
            "도로명주소":"경기도 안성시",
            "세대수":100,
            "입주년차":100,
            "용적률점수":"--",
            "건폐율점수":"--",
            "세대당주차수":30,
            "난방방식":30,
            "공급면적":"--",
            "전용률":"--",
            "욕실수":100,
            "현관타입":100,
            "주거총점":82.5,
            "지역구공급총점":0.0,
            "역세권":0,
            "30분내 이동가능 거점":0,
            "1시간내 이동가능 거점":0,
            "교통총점":0.0,
            "백화점":0,
            "아울렛몰":0,
            "대형마트":0,
            "은행":0,
            "병원":0,
            "종합병원":80,
            "공원":100,
            "혐오시설":0,
            "인프라총점":19.0,
            "초등학군":90.0,
            "중학군":41.98,
            "학군총점":51.584,
            "인구수":20.14,
            "인구증감":12.06,
            "인구총점":17.716,
            "일자리":16.04,
            "소득수준":63.73,
            "일자리총점":30.347,
            "가치 총점":29.9376,
            "매매실거래년":"18000101",
            "매매실거래가":null,
            "전세실거래년":null,
            "전세실거래가":null,
            "전세가율":null,
            "장기전세가율평균":68.73,
            "전세가율거품지수":null,
            "검색코드":137351,
            "세대수":1696.0,
            "준공년월":"2023-12-01",
            "준공년차":0.0,
            "가까운역이름":"평택",
            "가까운역거리":7178.59,
            "역세권여부":"비역세권",
            "30분이내주요거점역":0,
            "30분거점역이름":"[]",
            "1시간이내주요거점역":0,
            "1시간거점역이름":"[]",
            "3km이내백화점수":0,
            "5km이내아울렛몰수":0,
            "1km이내대형먀트수":0,
            "500m이내은행수":0,
            "500m이내병원수":1,
            "5km이내대형병원수":1,
            "500m이내공원수":2,
            "3km이내혐오시설수":0,
            "초등학교학업성취도":90.0,
            "중학교학업성취도":69.5,
            "용적률":229,
            "건폐율":0,
            "Y":36.995526,
            "X":127.165764,
            "rank":22.0,
            "area_info":"24평(80.07), 30평(99.59), 30평(99.86), 33평(112.27), 52평(174.45), 57평(190.54)",
            "last_sales":"1800-01-01,nan,24평(80.07)",
            "rank_history":[
                [
                    "202202",
                    22
                ],
                [
                    "202201",
                    18
                ]
            ],
            "rank_gap":-4
        },
        {
            "index":126,
            "아파트명":"대우,경남",
            "투자타입":"일반",
            "전용면적(m2)":"71.83",
            "전용면적(평)":"21평",
            "법정동주소":"경기도 안성시 당왕동 535",
            "도로명주소":"경기도 안성시 고수2로 20",
            "세대수":90,
            "입주년차":0,
            "용적률점수":"--",
            "건폐율점수":"--",
            "세대당주차수":0,
            "난방방식":30,
            "공급면적":"--",
            "전용률":"--",
            "욕실수":50,
            "현관타입":100,
            "주거총점":49.5,
            "지역구공급총점":0.0,
            "역세권":0,
            "30분내 이동가능 거점":0,
            "1시간내 이동가능 거점":0,
            "교통총점":0.0,
            "백화점":0,
            "아울렛몰":0,
            "대형마트":100,
            "은행":0,
            "병원":30,
            "종합병원":100,
            "공원":100,
            "혐오시설":0,
            "인프라총점":41.0,
            "초등학군":90.01,
            "중학군":40.76,
            "학군총점":50.61,
            "인구수":20.14,
            "인구증감":12.06,
            "인구총점":17.716,
            "일자리":16.04,
            "소득수준":63.73,
            "일자리총점":30.347,
            "가치 총점":29.7915,
            "매매실거래년":20220124.0,
            "매매실거래가":19000.0,
            "전세실거래년":20220121.0,
            "전세실거래가":10000.0,
            "전세가율":52.63,
            "장기전세가율평균":68.73,
            "전세가율거품지수":16.1,
            "검색코드":14846,
            "세대수":984.0,
            "준공년월":"1997-04-21",
            "준공년차":26.0,
            "가까운역이름":"평택",
            "가까운역거리":15774.0,
            "역세권여부":"비역세권",
            "30분이내주요거점역":0,
            "30분거점역이름":"[]",
            "1시간이내주요거점역":0,
            "1시간거점역이름":"[]",
            "3km이내백화점수":0,
            "5km이내아울렛몰수":0,
            "1km이내대형먀트수":2,
            "500m이내은행수":0,
            "500m이내병원수":6,
            "5km이내대형병원수":2,
            "500m이내공원수":3,
            "3km이내혐오시설수":0,
            "초등학교학업성취도":90.01,
            "중학교학업성취도":66.6,
            "용적률":137,
            "건폐율":14,
            "Y":37.015006,
            "X":127.260171,
            "rank":23.0,
            "area_info":"21평(71.83), 21평(71.83), 29평(97.66)",
            "last_sales":"2022-01-24,19000.0,21평(71.83)",
            "rank_history":[
                [
                    "202202",
                    23
                ],
                [
                    "202201",
                    19
                ]
            ],
            "rank_gap":-4
        },
        {
            "index":143,
            "아파트명":"안성롯데캐슬",
            "투자타입":"일반",
            "전용면적(m2)":"80.85",
            "전용면적(평)":"24평",
            "법정동주소":"경기도 안성시 대덕면 신령리 820",
            "도로명주소":"경기도 안성시 서동대로 4725",
            "세대수":100,
            "입주년차":80,
            "용적률점수":"--",
            "건폐율점수":"--",
            "세대당주차수":30,
            "난방방식":30,
            "공급면적":"--",
            "전용률":"--",
            "욕실수":100,
            "현관타입":100,
            "주거총점":78.5,
            "지역구공급총점":0.0,
            "역세권":0,
            "30분내 이동가능 거점":0,
            "1시간내 이동가능 거점":0,
            "교통총점":0.0,
            "백화점":0,
            "아울렛몰":0,
            "대형마트":0,
            "은행":0,
            "병원":10,
            "종합병원":100,
            "공원":0,
            "혐오시설":0,
            "인프라총점":21.0,
            "초등학군":89.99,
            "중학군":40.76,
            "학군총점":50.606,
            "인구수":20.14,
            "인구증감":12.06,
            "인구총점":17.716,
            "일자리":16.04,
            "소득수준":63.73,
            "일자리총점":30.347,
            "가치 총점":29.5909,
            "매매실거래년":20220112.0,
            "매매실거래가":32000.0,
            "전세실거래년":20220127.0,
            "전세실거래가":23000.0,
            "전세가율":71.88,
            "장기전세가율평균":68.73,
            "전세가율거품지수":-3.15,
            "검색코드":107658,
            "세대수":2320.0,
            "준공년월":"2016-02-01",
            "준공년차":7.0,
            "가까운역이름":"평택",
            "가까운역거리":12659.88,
            "역세권여부":"비역세권",
            "30분이내주요거점역":0,
            "30분거점역이름":"[]",
            "1시간이내주요거점역":0,
            "1시간거점역이름":"[]",
            "3km이내백화점수":0,
            "5km이내아울렛몰수":0,
            "1km이내대형먀트수":0,
            "500m이내은행수":0,
            "500m이내병원수":2,
            "5km이내대형병원수":2,
            "500m이내공원수":0,
            "3km이내혐오시설수":0,
            "초등학교학업성취도":89.99,
            "중학교학업성취도":66.6,
            "용적률":193,
            "건폐율":15,
            "Y":37.014733,
            "X":127.224518,
            "rank":24.0,
            "area_info":"24평(80.85), 24평(81.02), 24평(81.88), 24평(82.45), 30평(99.61), 30평(99.44), 30평(100.21), 31평(103.2), 34평(114.55)",
            "last_sales":"2022-01-12,32000.0,24평(80.85)",
            "rank_history":[
                [
                    "202202",
                    24
                ],
                [
                    "202201",
                    20
                ]
            ],
            "rank_gap":-4
        },
        {
            "index":57,
            "아파트명":"안성공도금호어울림1단지",
            "투자타입":"일반",
            "전용면적(m2)":"112.85",
            "전용면적(평)":"34평",
            "법정동주소":"경기도 안성시 공도읍 만정리 785-6",
            "도로명주소":"경기도 안성시 송원길 64",
            "세대수":50,
            "입주년차":40,
            "용적률점수":"--",
            "건폐율점수":"--",
            "세대당주차수":30,
            "난방방식":30,
            "공급면적":"--",
            "전용률":"--",
            "욕실수":100,
            "현관타입":100,
            "주거총점":53.0,
            "지역구공급총점":0.0,
            "역세권":0,
            "30분내 이동가능 거점":0,
            "1시간내 이동가능 거점":0,
            "교통총점":0.0,
            "백화점":0,
            "아울렛몰":0,
            "대형마트":80,
            "은행":20,
            "병원":30,
            "종합병원":80,
            "공원":100,
            "혐오시설":0,
            "인프라총점":36.0,
            "초등학군":90.0,
            "중학군":42.12,
            "학군총점":51.696,
            "인구수":20.14,
            "인구증감":12.06,
            "인구총점":17.716,
            "일자리":16.04,
            "소득수준":63.73,
            "일자리총점":30.347,
            "가치 총점":29.1544,
            "매매실거래년":20220105.0,
            "매매실거래가":31800.0,
            "전세실거래년":20211211.0,
            "전세실거래가":30000.0,
            "전세가율":85.96,
            "장기전세가율평균":68.73,
            "전세가율거품지수":-17.23,
            "검색코드":25204,
            "세대수":474.0,
            "준공년월":"2007-10-05",
            "준공년차":16.0,
            "가까운역이름":"평택",
            "가까운역거리":7981.0,
            "역세권여부":"비역세권",
            "30분이내주요거점역":0,
            "30분거점역이름":"[]",
            "1시간이내주요거점역":0,
            "1시간거점역이름":"[]",
            "3km이내백화점수":0,
            "5km이내아울렛몰수":0,
            "1km이내대형먀트수":1,
            "500m이내은행수":2,
            "500m이내병원수":6,
            "5km이내대형병원수":1,
            "500m이내공원수":2,
            "3km이내혐오시설수":0,
            "초등학교학업성취도":90.0,
            "중학교학업성취도":70.0,
            "용적률":189,
            "건폐율":13,
            "Y":37.005447,
            "X":127.173118,
            "rank":25.0,
            "area_info":"34평(112.85), 34평(115.67)",
            "last_sales":"2022-01-05,31800.0,34평(115.67)",
            "rank_history":[
                [
                    "202202",
                    25
                ],
                [
                    "202201",
                    22
                ]
            ],
            "rank_gap":-3
        },
        {
            "index":129,
            "아파트명":"대우1차",
            "투자타입":"일반",
            "전용면적(m2)":"87.02",
            "전용면적(평)":"26평",
            "법정동주소":"경기도 안성시 당왕동 534",
            "도로명주소":"경기도 안성시 고수1로 19",
            "세대수":80,
            "입주년차":0,
            "용적률점수":"--",
            "건폐율점수":"--",
            "세대당주차수":0,
            "난방방식":30,
            "공급면적":"--",
            "전용률":"--",
            "욕실수":50,
            "현관타입":100,
            "주거총점":46.0,
            "지역구공급총점":0.0,
            "역세권":0,
            "30분내 이동가능 거점":0,
            "1시간내 이동가능 거점":0,
            "교통총점":0.0,
            "백화점":0,
            "아울렛몰":0,
            "대형마트":100,
            "은행":0,
            "병원":30,
            "종합병원":100,
            "공원":100,
            "혐오시설":0,
            "인프라총점":41.0,
            "초등학군":90.01,
            "중학군":40.76,
            "학군총점":50.61,
            "인구수":20.14,
            "인구증감":12.06,
            "인구총점":17.716,
            "일자리":16.04,
            "소득수준":63.73,
            "일자리총점":30.347,
            "가치 총점":29.0915,
            "매매실거래년":20220117.0,
            "매매실거래가":18500.0,
            "전세실거래년":20211220.0,
            "전세실거래가":15000.0,
            "전세가율":81.08,
            "장기전세가율평균":68.73,
            "전세가율거품지수":-12.35,
            "검색코드":11649,
            "세대수":762.0,
            "준공년월":"1993-11-10",
            "준공년차":30.0,
            "가까운역이름":"평택",
            "가까운역거리":15378.69,
            "역세권여부":"비역세권",
            "30분이내주요거점역":0,
            "30분거점역이름":"[]",
            "1시간이내주요거점역":0,
            "1시간거점역이름":"[]",
            "3km이내백화점수":0,
            "5km이내아울렛몰수":0,
            "1km이내대형먀트수":2,
            "500m이내은행수":0,
            "500m이내병원수":6,
            "5km이내대형병원수":2,
            "500m이내공원수":2,
            "3km이내혐오시설수":0,
            "초등학교학업성취도":90.01,
            "중학교학업성취도":66.6,
            "용적률":132,
            "건폐율":13,
            "Y":37.014725,
            "X":127.255713,
            "rank":26.0,
            "area_info":"26평(87.02), 30평(102.3)",
            "last_sales":"2022-01-17,18500.0,26평(87.02)",
            "rank_history":[
                [
                    "202202",
                    26
                ],
                [
                    "202201",
                    21
                ]
            ],
            "rank_gap":-5
        },
        {
            "index":23,
            "아파트명":"금호어울림3단지",
            "투자타입":"일반",
            "전용면적(m2)":"115.34",
            "전용면적(평)":"34평",
            "법정동주소":"경기도 안성시 공도읍 만정리 786-1",
            "도로명주소":"경기도 안성시 공도5로 40",
            "세대수":30,
            "입주년차":40,
            "용적률점수":"--",
            "건폐율점수":"--",
            "세대당주차수":30,
            "난방방식":30,
            "공급면적":"--",
            "전용률":"--",
            "욕실수":100,
            "현관타입":100,
            "주거총점":46.0,
            "지역구공급총점":0.0,
            "역세권":0,
            "30분내 이동가능 거점":0,
            "1시간내 이동가능 거점":0,
            "교통총점":0.0,
            "백화점":0,
            "아울렛몰":0,
            "대형마트":80,
            "은행":20,
            "병원":60,
            "종합병원":80,
            "공원":100,
            "혐오시설":0,
            "인프라총점":39.0,
            "초등학군":90.0,
            "중학군":41.98,
            "학군총점":51.584,
            "인구수":20.14,
            "인구증감":12.06,
            "인구총점":17.716,
            "일자리":16.04,
            "소득수준":63.73,
            "일자리총점":30.347,
            "가치 총점":28.6376,
            "매매실거래년":20210918.0,
            "매매실거래가":36000.0,
            "전세실거래년":20220102.0,
            "전세실거래가":28500.0,
            "전세가율":79.17,
            "장기전세가율평균":68.73,
            "전세가율거품지수":-10.44,
            "검색코드":25202,
            "세대수":344.0,
            "준공년월":"2008-01-31",
            "준공년차":15.0,
            "가까운역이름":"평택",
            "가까운역거리":7763.52,
            "역세권여부":"비역세권",
            "30분이내주요거점역":0,
            "30분거점역이름":"[]",
            "1시간이내주요거점역":0,
            "1시간거점역이름":"[]",
            "3km이내백화점수":0,
            "5km이내아울렛몰수":0,
            "1km이내대형먀트수":1,
            "500m이내은행수":2,
            "500m이내병원수":21,
            "5km이내대형병원수":1,
            "500m이내공원수":4,
            "3km이내혐오시설수":0,
            "초등학교학업성취도":90.0,
            "중학교학업성취도":69.5,
            "용적률":189,
            "건폐율":13,
            "Y":37.003387,
            "X":127.171129,
            "rank":27.0,
            "area_info":"34평(115.34)",
            "last_sales":"2021-09-18,36000.0,34평(115.34)",
            "rank_history":[
                [
                    "202202",
                    27
                ],
                [
                    "202201",
                    25
                ]
            ],
            "rank_gap":-2
        },
        {
            "index":10,
            "아파트명":"공도서희스타힐스",
            "투자타입":"일반",
            "전용면적(m2)":"82.27",
            "전용면적(평)":"24평",
            "법정동주소":"경기도 안성시 공도읍 승두리 589-11번지 일원",
            "도로명주소":"경기도 안성시",
            "세대수":80,
            "입주년차":100,
            "용적률점수":"--",
            "건폐율점수":"--",
            "세대당주차수":30,
            "난방방식":30,
            "공급면적":"--",
            "전용률":"--",
            "욕실수":100,
            "현관타입":100,
            "주거총점":75.5,
            "지역구공급총점":0.0,
            "역세권":0,
            "30분내 이동가능 거점":0,
            "1시간내 이동가능 거점":0,
            "교통총점":0.0,
            "백화점":0,
            "아울렛몰":0,
            "대형마트":0,
            "은행":0,
            "병원":30,
            "종합병원":80,
            "공원":0,
            "혐오시설":0,
            "인프라총점":19.0,
            "초등학군":89.97,
            "중학군":41.98,
            "학군총점":51.578,
            "인구수":20.14,
            "인구증감":12.06,
            "인구총점":17.716,
            "일자리":16.04,
            "소득수준":63.73,
            "일자리총점":30.347,
            "가치 총점":28.5367,
            "매매실거래년":"18000101",
            "매매실거래가":null,
            "전세실거래년":null,
            "전세실거래가":null,
            "전세가율":null,
            "장기전세가율평균":68.73,
            "전세가율거품지수":null,
            "검색코드":146137,
            "세대수":786.0,
            "준공년월":"2024-06-01",
            "준공년차":-1.0,
            "가까운역이름":"평택",
            "가까운역거리":6587.13,
            "역세권여부":"비역세권",
            "30분이내주요거점역":0,
            "30분거점역이름":"[]",
            "1시간이내주요거점역":0,
            "1시간거점역이름":"[]",
            "3km이내백화점수":0,
            "5km이내아울렛몰수":0,
            "1km이내대형먀트수":0,
            "500m이내은행수":0,
            "500m이내병원수":5,
            "5km이내대형병원수":1,
            "500m이내공원수":0,
            "3km이내혐오시설수":0,
            "초등학교학업성취도":89.97,
            "중학교학업성취도":69.5,
            "용적률":0,
            "건폐율":0,
            "Y":36.995336,
            "X":127.159103,
            "rank":28.0,
            "area_info":"24평(82.27), 25평(83.08), 29평(97.82), 33평(109.28)",
            "last_sales":"1800-01-01,nan,24평(82.27)",
            "rank_history":[
                [
                    "202202",
                    0
                ],
                [
                    "202201",
                    9999
                ]
            ],
            "rank_gap":9999
        },
        {
            "index":61,
            "아파트명":"안성공도서해그랑블",
            "투자타입":"일반",
            "전용면적(m2)":"83.28",
            "전용면적(평)":"25평",
            "법정동주소":"경기도 안성시 공도읍 양기리 615",
            "도로명주소":"경기도 안성시 양기길 28",
            "세대수":90,
            "입주년차":100,
            "용적률점수":"--",
            "건폐율점수":"--",
            "세대당주차수":30,
            "난방방식":30,
            "공급면적":"--",
            "전용률":"--",
            "욕실수":100,
            "현관타입":100,
            "주거총점":79.0,
            "지역구공급총점":0.0,
            "역세권":0,
            "30분내 이동가능 거점":0,
            "1시간내 이동가능 거점":0,
            "교통총점":0.0,
            "백화점":0,
            "아울렛몰":0,
            "대형마트":100,
            "은행":0,
            "병원":10,
            "종합병원":0,
            "공원":0,
            "혐오시설":0,
            "인프라총점":16.0,
            "초등학군":89.98,
            "중학군":42.12,
            "학군총점":51.692,
            "인구수":20.14,
            "인구증감":12.06,
            "인구총점":17.716,
            "일자리":16.04,
            "소득수준":63.73,
            "일자리총점":30.347,
            "가치 총점":28.3538,
            "매매실거래년":20211220.0,
            "매매실거래가":30000.0,
            "전세실거래년":20220121.0,
            "전세실거래가":21000.0,
            "전세가율":75.54,
            "장기전세가율평균":68.73,
            "전세가율거품지수":-6.81,
            "검색코드":115461,
            "세대수":976.0,
            "준공년월":"2019-05-23",
            "준공년차":4.0,
            "가까운역이름":"평택",
            "가까운역거리":10015.8,
            "역세권여부":"비역세권",
            "30분이내주요거점역":0,
            "30분거점역이름":"[]",
            "1시간이내주요거점역":0,
            "1시간거점역이름":"[]",
            "3km이내백화점수":0,
            "5km이내아울렛몰수":0,
            "1km이내대형먀트수":2,
            "500m이내은행수":0,
            "500m이내병원수":2,
            "5km이내대형병원수":0,
            "500m이내공원수":0,
            "3km이내혐오시설수":0,
            "초등학교학업성취도":89.98,
            "중학교학업성취도":70.0,
            "용적률":229,
            "건폐율":16,
            "Y":37.007461,
            "X":127.195979,
            "rank":29.0,
            "area_info":"25평(83.28), 25평(83.86), 25평(84.54), 27평(90.73), 30평(101.57), 30평(101.14)",
            "last_sales":"2021-12-20,30000.0,30평(101.57)",
            "rank_history":[
                [
                    "202202",
                    29
                ],
                [
                    "202201",
                    26
                ]
            ],
            "rank_gap":-3
        },
        {
            "index":82,
            "아파트명":"안성우방아이유쉘에스티지",
            "투자타입":"일반",
            "전용면적(m2)":"112.2",
            "전용면적(평)":"33평",
            "법정동주소":"경기도 안성시 공도읍 양기리 302-2번지 일원",
            "도로명주소":"경기도 안성시",
            "세대수":90,
            "입주년차":100,
            "용적률점수":"--",
            "건폐율점수":"--",
            "세대당주차수":30,
            "난방방식":30,
            "공급면적":"--",
            "전용률":"--",
            "욕실수":100,
            "현관타입":100,
            "주거총점":79.0,
            "지역구공급총점":0.0,
            "역세권":0,
            "30분내 이동가능 거점":0,
            "1시간내 이동가능 거점":0,
            "교통총점":0.0,
            "백화점":0,
            "아울렛몰":0,
            "대형마트":100,
            "은행":0,
            "병원":10,
            "종합병원":0,
            "공원":0,
            "혐오시설":0,
            "인프라총점":16.0,
            "초등학군":89.98,
            "중학군":41.98,
            "학군총점":51.58,
            "인구수":20.14,
            "인구증감":12.06,
            "인구총점":17.716,
            "일자리":16.04,
            "소득수준":63.73,
            "일자리총점":30.347,
            "가치 총점":28.337,
            "매매실거래년":"18000101",
            "매매실거래가":null,
            "전세실거래년":null,
            "전세실거래가":null,
            "전세가율":null,
            "장기전세가율평균":68.73,
            "전세가율거품지수":null,
            "검색코드":146065,
            "세대수":948.0,
            "준공년월":"2025-01-01",
            "준공년차":-2.0,
            "가까운역이름":"평택",
            "가까운역거리":10291.95,
            "역세권여부":"비역세권",
            "30분이내주요거점역":0,
            "30분거점역이름":"[]",
            "1시간이내주요거점역":0,
            "1시간거점역이름":"[]",
            "3km이내백화점수":0,
            "5km이내아울렛몰수":0,
            "1km이내대형먀트수":2,
            "500m이내은행수":0,
            "500m이내병원수":2,
            "5km이내대형병원수":0,
            "500m이내공원수":0,
            "3km이내혐오시설수":0,
            "초등학교학업성취도":89.98,
            "중학교학업성취도":69.5,
            "용적률":229,
            "건폐율":13,
            "Y":37.00591,
            "X":127.199481,
            "rank":30.0,
            "area_info":"33평(112.2), 33평(112.2), 60평(198.35)",
            "last_sales":"1800-01-01,nan,33평(112.2)",
            "rank_history":[
                [
                    "202202",
                    0
                ],
                [
                    "202201",
                    9999
                ]
            ],
            "rank_gap":9999
        },
        {
            "index":208,
            "아파트명":"안성아양2차",
            "투자타입":"일반",
            "전용면적(m2)":"56.13",
            "전용면적(평)":"16평",
            "법정동주소":"경기도 안성시 아양동 384",
            "도로명주소":"경기도 안성시 석정2길 5",
            "세대수":80,
            "입주년차":0,
            "용적률점수":"--",
            "건폐율점수":"--",
            "세대당주차수":0,
            "난방방식":30,
            "공급면적":"--",
            "전용률":"--",
            "욕실수":50,
            "현관타입":10,
            "주거총점":37.0,
            "지역구공급총점":0.0,
            "역세권":0,
            "30분내 이동가능 거점":0,
            "1시간내 이동가능 거점":0,
            "교통총점":0.0,
            "백화점":0,
            "아울렛몰":0,
            "대형마트":100,
            "은행":0,
            "병원":60,
            "종합병원":100,
            "공원":100,
            "혐오시설":0,
            "인프라총점":44.0,
            "초등학군":90.02,
            "중학군":40.76,
            "학군총점":50.612,
            "인구수":20.14,
            "인구증감":12.06,
            "인구총점":17.716,
            "일자리":16.04,
            "소득수준":63.73,
            "일자리총점":30.347,
            "가치 총점":28.1918,
            "매매실거래년":20220115.0,
            "매매실거래가":11800.0,
            "전세실거래년":20220117.0,
            "전세실거래가":7000.0,
            "전세가율":59.32,
            "장기전세가율평균":68.73,
            "전세가율거품지수":9.41,
            "검색코드":13474,
            "세대수":712.0,
            "준공년월":"1995-10-26",
            "준공년차":28.0,
            "가까운역이름":"성환",
            "가까운역거리":15697.96,
            "역세권여부":"비역세권",
            "30분이내주요거점역":0,
            "30분거점역이름":"[]",
            "1시간이내주요거점역":0,
            "1시간거점역이름":"[]",
            "3km이내백화점수":0,
            "5km이내아울렛몰수":0,
            "1km이내대형먀트수":2,
            "500m이내은행수":1,
            "500m이내병원수":10,
            "5km이내대형병원수":2,
            "500m이내공원수":2,
            "3km이내혐오시설수":0,
            "초등학교학업성취도":90.02,
            "중학교학업성취도":66.6,
            "용적률":215,
            "건폐율":18,
            "Y":37.00783,
            "X":127.261241,
            "rank":31.0,
            "area_info":"16평(56.13), 19평(64.68)",
            "last_sales":"2022-01-15,11800.0,16평(56.13)",
            "rank_history":[
                [
                    "202202",
                    31
                ],
                [
                    "202201",
                    30
                ]
            ],
            "rank_gap":-1
        },
        {
            "index":248,
            "아파트명":"동광",
            "투자타입":"일반",
            "전용면적(m2)":"78.19",
            "전용면적(평)":"23평",
            "법정동주소":"경기도 안성시 중리동 616",
            "도로명주소":"경기도 안성시 서운로 791-9",
            "세대수":90,
            "입주년차":40,
            "용적률점수":"--",
            "건폐율점수":"--",
            "세대당주차수":0,
            "난방방식":30,
            "공급면적":"--",
            "전용률":"--",
            "욕실수":100,
            "현관타입":100,
            "주거총점":62.5,
            "지역구공급총점":0.0,
            "역세권":0,
            "30분내 이동가능 거점":0,
            "1시간내 이동가능 거점":0,
            "교통총점":0.0,
            "백화점":0,
            "아울렛몰":0,
            "대형마트":0,
            "은행":0,
            "병원":0,
            "종합병원":100,
            "공원":80,
            "혐오시설":0,
            "인프라총점":22.4,
            "초등학군":90.0,
            "중학군":50.96,
            "학군총점":58.768,
            "인구수":20.14,
            "인구증감":12.06,
            "인구총점":17.716,
            "일자리":16.04,
            "소득수준":63.73,
            "일자리총점":30.347,
            "가치 총점":28.0352,
            "매매실거래년":20220122.0,
            "매매실거래가":20000.0,
            "전세실거래년":20220125.0,
            "전세실거래가":11000.0,
            "전세가율":78.57,
            "장기전세가율평균":68.73,
            "전세가율거품지수":-9.84,
            "검색코드":100446,
            "세대수":930.0,
            "준공년월":"2007-09-19",
            "준공년차":16.0,
            "가까운역이름":"성환",
            "가까운역거리":14319.43,
            "역세권여부":"비역세권",
            "30분이내주요거점역":0,
            "30분거점역이름":"[]",
            "1시간이내주요거점역":0,
            "1시간거점역이름":"[]",
            "3km이내백화점수":0,
            "5km이내아울렛몰수":0,
            "1km이내대형먀트수":0,
            "500m이내은행수":0,
            "500m이내병원수":0,
            "5km이내대형병원수":2,
            "500m이내공원수":1,
            "3km이내혐오시설수":0,
            "초등학교학업성취도":90.0,
            "중학교학업성취도":83.6,
            "용적률":191,
            "건폐율":17,
            "Y":36.979795,
            "X":127.266993,
            "rank":32.0,
            "area_info":"23평(78.19), 32평(108.92)",
            "last_sales":"2022-01-22,20000.0,32평(108.92)",
            "rank_history":[
                [
                    "202202",
                    32
                ],
                [
                    "202201",
                    27
                ]
            ],
            "rank_gap":-5
        },
        {
            "index":106,
            "아파트명":"효성해링턴플레이스안성공도",
            "투자타입":"일반",
            "전용면적(m2)":"82.51",
            "전용면적(평)":"24평",
            "법정동주소":"경기도 안성시 공도읍 승두리 582-6번지 일원",
            "도로명주소":"경기도 안성시",
            "세대수":80,
            "입주년차":100,
            "용적률점수":"--",
            "건폐율점수":"--",
            "세대당주차수":30,
            "난방방식":30,
            "공급면적":"--",
            "전용률":"--",
            "욕실수":100,
            "현관타입":100,
            "주거총점":75.5,
            "지역구공급총점":0.0,
            "역세권":0,
            "30분내 이동가능 거점":0,
            "1시간내 이동가능 거점":0,
            "교통총점":0.0,
            "백화점":0,
            "아울렛몰":0,
            "대형마트":0,
            "은행":0,
            "병원":10,
            "종합병원":80,
            "공원":0,
            "혐오시설":0,
            "인프라총점":17.0,
            "초등학군":90.0,
            "중학군":41.98,
            "학군총점":51.584,
            "인구수":20.14,
            "인구증감":12.06,
            "인구총점":17.716,
            "일자리":16.04,
            "소득수준":63.73,
            "일자리총점":30.347,
            "가치 총점":27.9376,
            "매매실거래년":"18000101",
            "매매실거래가":null,
            "전세실거래년":null,
            "전세실거래가":null,
            "전세가율":null,
            "장기전세가율평균":68.73,
            "전세가율거품지수":null,
            "검색코드":145871,
            "세대수":705.0,
            "준공년월":"2024-05-01",
            "준공년차":-1.0,
            "가까운역이름":"평택",
            "가까운역거리":6763.55,
            "역세권여부":"비역세권",
            "30분이내주요거점역":0,
            "30분거점역이름":"[]",
            "1시간이내주요거점역":0,
            "1시간거점역이름":"[]",
            "3km이내백화점수":0,
            "5km이내아울렛몰수":0,
            "1km이내대형먀트수":0,
            "500m이내은행수":0,
            "500m이내병원수":2,
            "5km이내대형병원수":1,
            "500m이내공원수":0,
            "3km이내혐오시설수":0,
            "초등학교학업성취도":90.0,
            "중학교학업성취도":69.5,
            "용적률":229,
            "건폐율":15,
            "Y":36.995012,
            "X":127.161125,
            "rank":33.0,
            "area_info":"24평(82.51), 25평(83.52), 30평(99.19), 32평(108.57)",
            "last_sales":"1800-01-01,nan,24평(82.51)",
            "rank_history":[
                [
                    "202202",
                    33
                ],
                [
                    "202201",
                    28
                ]
            ],
            "rank_gap":-5
        },
        {
            "index":221,
            "아파트명":"원곡제일오투그란데",
            "투자타입":"일반",
            "전용면적(m2)":"81.8",
            "전용면적(평)":"24평",
            "법정동주소":"경기도 안성시 원곡면 외가천리 361",
            "도로명주소":"경기도 안성시 만세로 1409",
            "세대수":80,
            "입주년차":80,
            "용적률점수":"--",
            "건폐율점수":"--",
            "세대당주차수":30,
            "난방방식":30,
            "공급면적":"--",
            "전용률":"--",
            "욕실수":100,
            "현관타입":100,
            "주거총점":71.5,
            "지역구공급총점":0.0,
            "역세권":0,
            "30분내 이동가능 거점":0,
            "1시간내 이동가능 거점":0,
            "교통총점":0.0,
            "백화점":0,
            "아울렛몰":0,
            "대형마트":80,
            "은행":0,
            "병원":0,
            "종합병원":0,
            "공원":0,
            "혐오시설":0,
            "인프라총점":12.0,
            "초등학군":89.99,
            "중학군":51.6,
            "학군총점":59.278,
            "인구수":20.14,
            "인구증감":12.06,
            "인구총점":17.716,
            "일자리":16.04,
            "소득수준":63.73,
            "일자리총점":30.347,
            "가치 총점":26.7917,
            "매매실거래년":20220111.0,
            "매매실거래가":28800.0,
            "전세실거래년":20220112.0,
            "전세실거래가":17000.0,
            "전세가율":71.43,
            "장기전세가율평균":68.73,
            "전세가율거품지수":-2.7,
            "검색코드":113018,
            "세대수":797.0,
            "준공년월":"2018-07-30",
            "준공년차":5.0,
            "가까운역이름":"평택",
            "가까운역거리":6544.23,
            "역세권여부":"비역세권",
            "30분이내주요거점역":0,
            "30분거점역이름":"[]",
            "1시간이내주요거점역":0,
            "1시간거점역이름":"[]",
            "3km이내백화점수":0,
            "5km이내아울렛몰수":0,
            "1km이내대형먀트수":1,
            "500m이내은행수":0,
            "500m이내병원수":1,
            "5km이내대형병원수":0,
            "500m이내공원수":0,
            "3km이내혐오시설수":0,
            "초등학교학업성취도":89.99,
            "중학교학업성취도":85.8,
            "용적률":199,
            "건폐율":17,
            "Y":37.037245,
            "X":127.130309,
            "rank":34.0,
            "area_info":"24평(81.8), 24평(82.47), 24평(82.26), 31평(105.17)",
            "last_sales":"2022-01-11,28800.0,31평(105.17)",
            "rank_history":[
                [
                    "202202",
                    34
                ],
                [
                    "202201",
                    46
                ]
            ],
            "rank_gap":12
        },
        {
            "index":118,
            "아파트명":"주은청설",
            "투자타입":"일반",
            "전용면적(m2)":"85.88",
            "전용면적(평)":"25평",
            "법정동주소":"경기도 안성시 금산동 81-2",
            "도로명주소":"경기도 안성시 대학로 64",
            "세대수":50,
            "입주년차":20,
            "용적률점수":"--",
            "건폐율점수":"--",
            "세대당주차수":0,
            "난방방식":30,
            "공급면적":"--",
            "전용률":"--",
            "욕실수":50,
            "현관타입":100,
            "주거총점":39.5,
            "지역구공급총점":0.0,
            "역세권":0,
            "30분내 이동가능 거점":0,
            "1시간내 이동가능 거점":0,
            "교통총점":0.0,
            "백화점":0,
            "아울렛몰":0,
            "대형마트":80,
            "은행":0,
            "병원":10,
            "종합병원":100,
            "공원":80,
            "혐오시설":0,
            "인프라총점":35.4,
            "초등학군":90.01,
            "중학군":44.76,
            "학군총점":53.81,
            "인구수":20.14,
            "인구증감":12.06,
            "인구총점":17.716,
            "일자리":16.04,
            "소득수준":63.73,
            "일자리총점":30.347,
            "가치 총점":26.5915,
            "매매실거래년":20220117.0,
            "매매실거래가":17200.0,
            "전세실거래년":20211225.0,
            "전세실거래가":16000.0,
            "전세가율":93.02,
            "장기전세가율평균":68.73,
            "전세가율거품지수":-24.29,
            "검색코드":13198,
            "세대수":457.0,
            "준공년월":"1999-12-01",
            "준공년차":24.0,
            "가까운역이름":"평택",
            "가까운역거리":16382.62,
            "역세권여부":"비역세권",
            "30분이내주요거점역":0,
            "30분거점역이름":"[]",
            "1시간이내주요거점역":0,
            "1시간거점역이름":"[]",
            "3km이내백화점수":0,
            "5km이내아울렛몰수":0,
            "1km이내대형먀트수":1,
            "500m이내은행수":0,
            "500m이내병원수":2,
            "5km이내대형병원수":2,
            "500m이내공원수":1,
            "3km이내혐오시설수":0,
            "초등학교학업성취도":90.01,
            "중학교학업성취도":74.6,
            "용적률":99,
            "건폐율":10,
            "Y":37.01439,
            "X":127.26725,
            "rank":35.0,
            "area_info":"25평(85.88), 28평(94.62), 28평(95.44), 37평(122.45), 53평(175.31)",
            "last_sales":"2022-01-17,17200.0,25평(85.88)",
            "rank_history":[
                [
                    "202202",
                    35
                ],
                [
                    "202201",
                    29
                ]
            ],
            "rank_gap":-6
        },
        {
            "index":131,
            "아파트명":"쌍용",
            "투자타입":"일반",
            "전용면적(m2)":"88.95",
            "전용면적(평)":"26평",
            "법정동주소":"경기도 안성시 당왕동 536",
            "도로명주소":"경기도 안성시 남파로 130",
            "세대수":50,
            "입주년차":0,
            "용적률점수":"--",
            "건폐율점수":"--",
            "세대당주차수":0,
            "난방방식":30,
            "공급면적":"--",
            "전용률":"--",
            "욕실수":50,
            "현관타입":100,
            "주거총점":35.5,
            "지역구공급총점":0.0,
            "역세권":0,
            "30분내 이동가능 거점":0,
            "1시간내 이동가능 거점":0,
            "교통총점":0.0,
            "백화점":0,
            "아울렛몰":0,
            "대형마트":100,
            "은행":0,
            "병원":0,
            "종합병원":100,
            "공원":100,
            "혐오시설":0,
            "인프라총점":38.0,
            "초등학군":90.01,
            "중학군":40.76,
            "학군총점":50.61,
            "인구수":20.14,
            "인구증감":12.06,
            "인구총점":17.716,
            "일자리":16.04,
            "소득수준":63.73,
            "일자리총점":30.347,
            "가치 총점":26.0915,
            "매매실거래년":20220107.0,
            "매매실거래가":18000.0,
            "전세실거래년":20220117.0,
            "전세실거래가":13500.0,
            "전세가율":75.0,
            "장기전세가율평균":68.73,
            "전세가율거품지수":-6.27,
            "검색코드":14848,
            "세대수":498.0,
            "준공년월":"1993-10-14",
            "준공년차":30.0,
            "가까운역이름":"평택",
            "가까운역거리":16180.79,
            "역세권여부":"비역세권",
            "30분이내주요거점역":0,
            "30분거점역이름":"[]",
            "1시간이내주요거점역":0,
            "1시간거점역이름":"[]",
            "3km이내백화점수":0,
            "5km이내아울렛몰수":0,
            "1km이내대형먀트수":2,
            "500m이내은행수":0,
            "500m이내병원수":1,
            "5km이내대형병원수":2,
            "500m이내공원수":3,
            "3km이내혐오시설수":0,
            "초등학교학업성취도":90.01,
            "중학교학업성취도":66.6,
            "용적률":135,
            "건폐율":14,
            "Y":37.01547,
            "X":127.26472,
            "rank":36.0,
            "area_info":"26평(88.95), 31평(104.41)",
            "last_sales":"2022-01-07,18000.0,26평(88.95)",
            "rank_history":[
                [
                    "202202",
                    36
                ],
                [
                    "202201",
                    33
                ]
            ],
            "rank_gap":-3
        },
        {
            "index":195,
            "아파트명":"안성우정에쉐르",
            "투자타입":"일반",
            "전용면적(m2)":"145.78",
            "전용면적(평)":"44평",
            "법정동주소":"경기도 안성시 숭인동 83",
            "도로명주소":"경기도 안성시 혜산로 37-16",
            "세대수":0,
            "입주년차":40,
            "용적률점수":"--",
            "건폐율점수":"--",
            "세대당주차수":60,
            "난방방식":30,
            "공급면적":"--",
            "전용률":"--",
            "욕실수":100,
            "현관타입":100,
            "주거총점":40.0,
            "지역구공급총점":0.0,
            "역세권":0,
            "30분내 이동가능 거점":0,
            "1시간내 이동가능 거점":0,
            "교통총점":0.0,
            "백화점":0,
            "아울렛몰":0,
            "대형마트":80,
            "은행":0,
            "병원":10,
            "종합병원":100,
            "공원":80,
            "혐오시설":0,
            "인프라총점":35.4,
            "초등학군":90.04,
            "중학군":38.04,
            "학군총점":48.44,
            "인구수":20.14,
            "인구증감":12.06,
            "인구총점":17.716,
            "일자리":16.04,
            "소득수준":63.73,
            "일자리총점":30.347,
            "가치 총점":25.886,
            "매매실거래년":20210514.0,
            "매매실거래가":28200.0,
            "전세실거래년":20190128.0,
            "전세실거래가":9000.0,
            "전세가율":47.37,
            "장기전세가율평균":68.73,
            "전세가율거품지수":21.36,
            "검색코드":19598,
            "세대수":140.0,
            "준공년월":"2006-09-28",
            "준공년차":17.0,
            "가까운역이름":"성환",
            "가까운역거리":16870.59,
            "역세권여부":"비역세권",
            "30분이내주요거점역":0,
            "30분거점역이름":"[]",
            "1시간이내주요거점역":0,
            "1시간거점역이름":"[]",
            "3km이내백화점수":0,
            "5km이내아울렛몰수":0,
            "1km이내대형먀트수":1,
            "500m이내은행수":1,
            "500m이내병원수":3,
            "5km이내대형병원수":2,
            "500m이내공원수":1,
            "3km이내혐오시설수":0,
            "초등학교학업성취도":90.04,
            "중학교학업성취도":63.4,
            "용적률":249,
            "건폐율":18,
            "Y":37.011051,
            "X":127.275042,
            "rank":37.0,
            "area_info":"44평(145.78), 46평(155.28)",
            "last_sales":"2021-05-14,28200.0,46평(155.28)",
            "rank_history":[
                [
                    "202202",
                    37
                ],
                [
                    "202201",
                    32
                ]
            ],
            "rank_gap":-5
        },
        {
            "index":5,
            "아파트명":"KCC스위첸",
            "투자타입":"일반",
            "전용면적(m2)":"106.82",
            "전용면적(평)":"32평",
            "법정동주소":"경기도 안성시 공도읍 만정리 877",
            "도로명주소":"경기도 안성시 공도로 150",
            "세대수":90,
            "입주년차":60,
            "용적률점수":"--",
            "건폐율점수":"--",
            "세대당주차수":60,
            "난방방식":30,
            "공급면적":"--",
            "전용률":"--",
            "욕실수":100,
            "현관타입":100,
            "주거총점":75.5,
            "지역구공급총점":0.0,
            "역세권":0,
            "30분내 이동가능 거점":0,
            "1시간내 이동가능 거점":0,
            "교통총점":0.0,
            "백화점":0,
            "아울렛몰":0,
            "대형마트":0,
            "은행":20,
            "병원":30,
            "종합병원":0,
            "공원":100,
            "혐오시설":0,
            "인프라총점":8.0,
            "초등학군":90.0,
            "중학군":41.98,
            "학군총점":51.584,
            "인구수":20.14,
            "인구증감":12.06,
            "인구총점":17.716,
            "일자리":16.04,
            "소득수준":63.73,
            "일자리총점":30.347,
            "가치 총점":25.2376,
            "매매실거래년":20220110.0,
            "매매실거래가":59000.0,
            "전세실거래년":20211231.0,
            "전세실거래가":28000.0,
            "전세가율":77.78,
            "장기전세가율평균":68.73,
            "전세가율거품지수":-9.05,
            "검색코드":27069,
            "세대수":1101.0,
            "준공년월":"2010-05-28",
            "준공년차":13.0,
            "가까운역이름":"평택",
            "가까운역거리":8297.5,
            "역세권여부":"비역세권",
            "30분이내주요거점역":0,
            "30분거점역이름":"[]",
            "1시간이내주요거점역":0,
            "1시간거점역이름":"[]",
            "3km이내백화점수":0,
            "5km이내아울렛몰수":0,
            "1km이내대형먀트수":0,
            "500m이내은행수":2,
            "500m이내병원수":6,
            "5km이내대형병원수":0,
            "500m이내공원수":4,
            "3km이내혐오시설수":0,
            "초등학교학업성취도":90.0,
            "중학교학업성취도":69.5,
            "용적률":195,
            "건폐율":16,
            "Y":37.000901,
            "X":127.177717,
            "rank":38.0,
            "area_info":"32평(106.82), 32평(106.46), 32평(108.03), 47평(156.08), 63평(211.36)",
            "last_sales":"2022-01-10,59000.0,63평(211.36)",
            "rank_history":[
                [
                    "202202",
                    38
                ],
                [
                    "202201",
                    35
                ]
            ],
            "rank_gap":-3
        },
        {
            "index":164,
            "아파트명":"한주",
            "투자타입":"재건축",
            "전용면적(m2)":"72.81",
            "전용면적(평)":"22평",
            "법정동주소":"경기도 안성시 봉산동 42",
            "도로명주소":"경기도 안성시 월덕천길 17",
            "세대수":50,
            "입주년차":"--",
            "용적률점수":0,
            "건폐율점수":80,
            "세대당주차수":"--",
            "난방방식":"--",
            "공급면적":50,
            "전용률":80,
            "욕실수":"--",
            "현관타입":"--",
            "주거총점":37.5,
            "지역구공급총점":0.0,
            "역세권":0,
            "30분내 이동가능 거점":0,
            "1시간내 이동가능 거점":0,
            "교통총점":0.0,
            "백화점":0,
            "아울렛몰":0,
            "대형마트":80,
            "은행":0,
            "병원":0,
            "종합병원":100,
            "공원":80,
            "혐오시설":0,
            "인프라총점":34.4,
            "초등학군":90.04,
            "중학군":38.04,
            "학군총점":48.44,
            "인구수":20.14,
            "인구증감":12.06,
            "인구총점":17.716,
            "일자리":16.04,
            "소득수준":63.73,
            "일자리총점":30.347,
            "가치 총점":25.086,
            "매매실거래년":20211118.0,
            "매매실거래가":11500.0,
            "전세실거래년":20220127.0,
            "전세실거래가":10000.0,
            "전세가율":86.96,
            "장기전세가율평균":68.73,
            "전세가율거품지수":-18.23,
            "검색코드":14849,
            "세대수":420.0,
            "준공년월":"1992-12-30",
            "준공년차":31.0,
            "가까운역이름":"성환",
            "가까운역거리":17010.78,
            "역세권여부":"비역세권",
            "30분이내주요거점역":0,
            "30분거점역이름":"[]",
            "1시간이내주요거점역":0,
            "1시간거점역이름":"[]",
            "3km이내백화점수":0,
            "5km이내아울렛몰수":0,
            "1km이내대형먀트수":1,
            "500m이내은행수":1,
            "500m이내병원수":0,
            "5km이내대형병원수":2,
            "500m이내공원수":1,
            "3km이내혐오시설수":0,
            "초등학교학업성취도":90.04,
            "중학교학업성취도":63.4,
            "용적률":284,
            "건폐율":21,
            "Y":37.00995,
            "X":127.27814,
            "rank":39.0,
            "area_info":"22평(72.81), 31평(103.74), 45평(150.98)",
            "last_sales":"2021-11-18,11500.0,22평(72.81)",
            "rank_history":[
                [
                    "202202",
                    39
                ],
                [
                    "202201",
                    37
                ]
            ],
            "rank_gap":-2
        },
        {
            "index":85,
            "아파트명":"이트리니티공도센트럴파크",
            "투자타입":"일반",
            "전용면적(m2)":"80.95",
            "전용면적(평)":"24평",
            "법정동주소":"경기도 안성시 공도읍 만정리 351-4번지 일원",
            "도로명주소":"경기도 안성시",
            "세대수":50,
            "입주년차":100,
            "용적률점수":"--",
            "건폐율점수":"--",
            "세대당주차수":30,
            "난방방식":30,
            "공급면적":"--",
            "전용률":"--",
            "욕실수":100,
            "현관타입":100,
            "주거총점":65.0,
            "지역구공급총점":0.0,
            "역세권":0,
            "30분내 이동가능 거점":0,
            "1시간내 이동가능 거점":0,
            "교통총점":0.0,
            "백화점":0,
            "아울렛몰":0,
            "대형마트":80,
            "은행":0,
            "병원":0,
            "종합병원":0,
            "공원":80,
            "혐오시설":0,
            "인프라총점":14.4,
            "초등학군":90.0,
            "중학군":42.12,
            "학군총점":51.696,
            "인구수":20.14,
            "인구증감":12.06,
            "인구총점":17.716,
            "일자리":16.04,
            "소득수준":63.73,
            "일자리총점":30.347,
            "가치 총점":25.0744,
            "매매실거래년":"18000101",
            "매매실거래가":null,
            "전세실거래년":null,
            "전세실거래가":null,
            "전세가율":null,
            "장기전세가율평균":68.73,
            "전세가율거품지수":null,
            "검색코드":131671,
            "세대수":680.0,
            "준공년월":"2023-04-01",
            "준공년차":0.0,
            "가까운역이름":"평택",
            "가까운역거리":8311.75,
            "역세권여부":"비역세권",
            "30분이내주요거점역":0,
            "30분거점역이름":"[]",
            "1시간이내주요거점역":0,
            "1시간거점역이름":"[]",
            "3km이내백화점수":0,
            "5km이내아울렛몰수":0,
            "1km이내대형먀트수":1,
            "500m이내은행수":0,
            "500m이내병원수":0,
            "5km이내대형병원수":0,
            "500m이내공원수":1,
            "3km이내혐오시설수":0,
            "초등학교학업성취도":90.0,
            "중학교학업성취도":70.0,
            "용적률":229,
            "건폐율":15,
            "Y":37.009476,
            "X":127.175763,
            "rank":40.0,
            "area_info":"24평(80.95), 24평(81.78), 29평(97.04), 29평(97.29), 29평(97.41), 32평(105.9), 33평(109.38), 33평(109.35)",
            "last_sales":"1800-01-01,nan,24평(80.95)",
            "rank_history":[
                [
                    "202202",
                    40
                ],
                [
                    "202201",
                    36
                ]
            ],
            "rank_gap":-4
        },
        {
            "index":59,
            "아파트명":"안성공도금호어울림2단지",
            "투자타입":"일반",
            "전용면적(m2)":"132.06",
            "전용면적(평)":"39평",
            "법정동주소":"경기도 안성시 공도읍 만정리 777-1",
            "도로명주소":"경기도 안성시 도화길 87",
            "세대수":0,
            "입주년차":40,
            "용적률점수":"--",
            "건폐율점수":"--",
            "세대당주차수":60,
            "난방방식":30,
            "공급면적":"--",
            "전용률":"--",
            "욕실수":100,
            "현관타입":100,
            "주거총점":40.0,
            "지역구공급총점":0.0,
            "역세권":0,
            "30분내 이동가능 거점":0,
            "1시간내 이동가능 거점":0,
            "교통총점":0.0,
            "백화점":0,
            "아울렛몰":0,
            "대형마트":80,
            "은행":0,
            "병원":0,
            "종합병원":80,
            "공원":80,
            "혐오시설":0,
            "인프라총점":30.4,
            "초등학군":90.0,
            "중학군":42.12,
            "학군총점":51.696,
            "인구수":20.14,
            "인구증감":12.06,
            "인구총점":17.716,
            "일자리":16.04,
            "소득수준":63.73,
            "일자리총점":30.347,
            "가치 총점":24.8744,
            "매매실거래년":20210926.0,
            "매매실거래가":40000.0,
            "전세실거래년":20211210.0,
            "전세실거래가":30000.0,
            "전세가율":86.96,
            "장기전세가율평균":68.73,
            "전세가율거품지수":-18.23,
            "검색코드":25203,
            "세대수":254.0,
            "준공년월":"2007-12-07",
            "준공년차":16.0,
            "가까운역이름":"평택",
            "가까운역거리":7912.54,
            "역세권여부":"비역세권",
            "30분이내주요거점역":0,
            "30분거점역이름":"[]",
            "1시간이내주요거점역":0,
            "1시간거점역이름":"[]",
            "3km이내백화점수":0,
            "5km이내아울렛몰수":0,
            "1km이내대형먀트수":1,
            "500m이내은행수":0,
            "500m이내병원수":0,
            "5km이내대형병원수":1,
            "500m이내공원수":1,
            "3km이내혐오시설수":0,
            "초등학교학업성취도":90.0,
            "중학교학업성취도":70.0,
            "용적률":199,
            "건폐율":13,
            "Y":37.00814,
            "X":127.17155,
            "rank":41.0,
            "area_info":"39평(132.06), 47평(157.7)",
            "last_sales":"2021-09-26,40000.0,47평(157.7)",
            "rank_history":[
                [
                    "202202",
                    41
                ],
                [
                    "202201",
                    38
                ]
            ],
            "rank_gap":-3
        },
        {
            "index":95,
            "아파트명":"임광그대가2단지",
            "투자타입":"일반",
            "전용면적(m2)":"107.29",
            "전용면적(평)":"32평",
            "법정동주소":"경기도 안성시 공도읍 마정리 590",
            "도로명주소":"경기도 안성시 마정강변길 33",
            "세대수":0,
            "입주년차":40,
            "용적률점수":"--",
            "건폐율점수":"--",
            "세대당주차수":30,
            "난방방식":30,
            "공급면적":"--",
            "전용률":"--",
            "욕실수":100,
            "현관타입":100,
            "주거총점":35.5,
            "지역구공급총점":0.0,
            "역세권":0,
            "30분내 이동가능 거점":0,
            "1시간내 이동가능 거점":0,
            "교통총점":0.0,
            "백화점":0,
            "아울렛몰":0,
            "대형마트":100,
            "은행":0,
            "병원":0,
            "종합병원":80,
            "공원":80,
            "혐오시설":0,
            "인프라총점":33.4,
            "초등학군":89.98,
            "중학군":42.12,
            "학군총점":51.692,
            "인구수":20.14,
            "인구증감":12.06,
            "인구총점":17.716,
            "일자리":16.04,
            "소득수준":63.73,
            "일자리총점":30.347,
            "가치 총점":24.8738,
            "매매실거래년":20211203.0,
            "매매실거래가":24500.0,
            "전세실거래년":20220117.0,
            "전세실거래가":19000.0,
            "전세가율":77.55,
            "장기전세가율평균":68.73,
            "전세가율거품지수":-8.82,
            "검색코드":25089,
            "세대수":194.0,
            "준공년월":"2007-04-12",
            "준공년차":16.0,
            "가까운역이름":"평택",
            "가까운역거리":11210.29,
            "역세권여부":"비역세권",
            "30분이내주요거점역":0,
            "30분거점역이름":"[]",
            "1시간이내주요거점역":0,
            "1시간거점역이름":"[]",
            "3km이내백화점수":0,
            "5km이내아울렛몰수":0,
            "1km이내대형먀트수":2,
            "500m이내은행수":0,
            "500m이내병원수":0,
            "5km이내대형병원수":1,
            "500m이내공원수":1,
            "3km이내혐오시설수":0,
            "초등학교학업성취도":89.98,
            "중학교학업성취도":70.0,
            "용적률":99,
            "건폐율":10,
            "Y":37.01331,
            "X":127.20819,
            "rank":42.0,
            "area_info":"32평(107.29)",
            "last_sales":"2021-12-03,24500.0,32평(107.29)",
            "rank_history":[
                [
                    "202202",
                    42
                ],
                [
                    "202201",
                    42
                ]
            ],
            "rank_gap":0
        },
        {
            "index":46,
            "아파트명":"송정그린빌",
            "투자타입":"일반",
            "전용면적(m2)":"85.82",
            "전용면적(평)":"25평",
            "법정동주소":"경기도 안성시 공도읍 양기리 567",
            "도로명주소":"경기도 안성시 양기길 46",
            "세대수":80,
            "입주년차":20,
            "용적률점수":"--",
            "건폐율점수":"--",
            "세대당주차수":30,
            "난방방식":30,
            "공급면적":"--",
            "전용률":"--",
            "욕실수":100,
            "현관타입":100,
            "주거총점":59.5,
            "지역구공급총점":0.0,
            "역세권":0,
            "30분내 이동가능 거점":0,
            "1시간내 이동가능 거점":0,
            "교통총점":0.0,
            "백화점":0,
            "아울렛몰":0,
            "대형마트":100,
            "은행":0,
            "병원":10,
            "종합병원":0,
            "공원":0,
            "혐오시설":0,
            "인프라총점":16.0,
            "초등학군":89.98,
            "중학군":41.98,
            "학군총점":51.58,
            "인구수":20.14,
            "인구증감":12.06,
            "인구총점":17.716,
            "일자리":16.04,
            "소득수준":63.73,
            "일자리총점":30.347,
            "가치 총점":24.437,
            "매매실거래년":20211217.0,
            "매매실거래가":16400.0,
            "전세실거래년":20211225.0,
            "전세실거래가":15500.0,
            "전세가율":94.51,
            "장기전세가율평균":68.73,
            "전세가율거품지수":-25.78,
            "검색코드":16137,
            "세대수":860.0,
            "준공년월":"2001-12-18",
            "준공년차":22.0,
            "가까운역이름":"평택",
            "가까운역거리":10381.75,
            "역세권여부":"비역세권",
            "30분이내주요거점역":0,
            "30분거점역이름":"[]",
            "1시간이내주요거점역":0,
            "1시간거점역이름":"[]",
            "3km이내백화점수":0,
            "5km이내아울렛몰수":0,
            "1km이내대형먀트수":2,
            "500m이내은행수":0,
            "500m이내병원수":2,
            "5km이내대형병원수":0,
            "500m이내공원수":0,
            "3km이내혐오시설수":0,
            "초등학교학업성취도":89.98,
            "중학교학업성취도":69.5,
            "용적률":198,
            "건폐율":17,
            "Y":37.004645,
            "X":127.200755,
            "rank":43.0,
            "area_info":"25평(85.82), 34평(112.94)",
            "last_sales":"2021-12-17,16400.0,25평(85.82)",
            "rank_history":[
                [
                    "202202",
                    43
                ],
                [
                    "202201",
                    41
                ]
            ],
            "rank_gap":-2
        },
        {
            "index":137,
            "아파트명":"태영",
            "투자타입":"일반",
            "전용면적(m2)":"79.85",
            "전용면적(평)":"24평",
            "법정동주소":"경기도 안성시 당왕동 462-1",
            "도로명주소":"경기도 안성시 고수2로 28",
            "세대수":0,
            "입주년차":20,
            "용적률점수":"--",
            "건폐율점수":"--",
            "세대당주차수":0,
            "난방방식":30,
            "공급면적":"--",
            "전용률":"--",
            "욕실수":50,
            "현관타입":100,
            "주거총점":22.0,
            "지역구공급총점":0.0,
            "역세권":0,
            "30분내 이동가능 거점":0,
            "1시간내 이동가능 거점":0,
            "교통총점":0.0,
            "백화점":0,
            "아울렛몰":0,
            "대형마트":100,
            "은행":0,
            "병원":30,
            "종합병원":100,
            "공원":100,
            "혐오시설":0,
            "인프라총점":41.0,
            "초등학군":90.01,
            "중학군":40.76,
            "학군총점":50.61,
            "인구수":20.14,
            "인구증감":12.06,
            "인구총점":17.716,
            "일자리":16.04,
            "소득수준":63.73,
            "일자리총점":30.347,
            "가치 총점":24.2915,
            "매매실거래년":20211019.0,
            "매매실거래가":18500.0,
            "전세실거래년":20211019.0,
            "전세실거래가":10000.0,
            "전세가율":54.05,
            "장기전세가율평균":68.73,
            "전세가율거품지수":14.68,
            "검색코드":14861,
            "세대수":234.0,
            "준공년월":"2000-04-27",
            "준공년차":23.0,
            "가까운역이름":"평택",
            "가까운역거리":15706.63,
            "역세권여부":"비역세권",
            "30분이내주요거점역":0,
            "30분거점역이름":"[]",
            "1시간이내주요거점역":0,
            "1시간거점역이름":"[]",
            "3km이내백화점수":0,
            "5km이내아울렛몰수":0,
            "1km이내대형먀트수":2,
            "500m이내은행수":0,
            "500m이내병원수":6,
            "5km이내대형병원수":2,
            "500m이내공원수":3,
            "3km이내혐오시설수":0,
            "초등학교학업성취도":90.01,
            "중학교학업성취도":66.6,
            "용적률":281,
            "건폐율":24,
            "Y":37.01533,
            "X":127.25933,
            "rank":44.0,
            "area_info":"24평(79.85), 30평(100.33), 40평(132.45)",
            "last_sales":"2021-10-19,18500.0,24평(79.85)",
            "rank_history":[
                [
                    "202202",
                    44
                ],
                [
                    "202201",
                    40
                ]
            ],
            "rank_gap":-4
        },
        {
            "index":140,
            "아파트명":"신라",
            "투자타입":"일반",
            "전용면적(m2)":"48.1",
            "전용면적(평)":"14평",
            "법정동주소":"경기도 안성시 대덕면 내리 675",
            "도로명주소":"경기도 안성시 대학6길 25",
            "세대수":50,
            "입주년차":20,
            "용적률점수":"--",
            "건폐율점수":"--",
            "세대당주차수":0,
            "난방방식":30,
            "공급면적":"--",
            "전용률":"--",
            "욕실수":50,
            "현관타입":10,
            "주거총점":30.5,
            "지역구공급총점":0.0,
            "역세권":0,
            "30분내 이동가능 거점":0,
            "1시간내 이동가능 거점":0,
            "교통총점":0.0,
            "백화점":0,
            "아울렛몰":0,
            "대형마트":80,
            "은행":0,
            "병원":0,
            "종합병원":100,
            "공원":100,
            "혐오시설":0,
            "인프라총점":35.0,
            "초등학군":90.06,
            "중학군":40.76,
            "학군총점":50.62,
            "인구수":20.14,
            "인구증감":12.06,
            "인구총점":17.716,
            "일자리":16.04,
            "소득수준":63.73,
            "일자리총점":30.347,
            "가치 총점":24.193,
            "매매실거래년":20211229.0,
            "매매실거래가":6000.0,
            "전세실거래년":20220108.0,
            "전세실거래가":6000.0,
            "전세가율":109.09,
            "장기전세가율평균":68.73,
            "전세가율거품지수":-40.36,
            "검색코드":109964,
            "세대수":590.0,
            "준공년월":"1999-01-26",
            "준공년차":24.0,
            "가까운역이름":"평택",
            "가까운역거리":12493.95,
            "역세권여부":"비역세권",
            "30분이내주요거점역":0,
            "30분거점역이름":"[]",
            "1시간이내주요거점역":0,
            "1시간거점역이름":"[]",
            "3km이내백화점수":0,
            "5km이내아울렛몰수":0,
            "1km이내대형먀트수":1,
            "500m이내은행수":0,
            "500m이내병원수":0,
            "5km이내대형병원수":2,
            "500m이내공원수":2,
            "3km이내혐오시설수":0,
            "초등학교학업성취도":90.06,
            "중학교학업성취도":66.6,
            "용적률":388,
            "건폐율":38,
            "Y":37.003814,
            "X":127.224887,
            "rank":45.0,
            "area_info":"14평(48.1), 15평(51.81), 23평(77.71)",
            "last_sales":"2021-12-29,6000.0,15평(51.81)",
            "rank_history":[
                [
                    "202202",
                    45
                ],
                [
                    "202201",
                    55
                ]
            ],
            "rank_gap":10
        },
        {
            "index":116,
            "아파트명":"삼부",
            "투자타입":"재건축",
            "전용면적(m2)":"92.62",
            "전용면적(평)":"28평",
            "법정동주소":"경기도 안성시 금산동 50-1",
            "도로명주소":"경기도 안성시 금산1길 13",
            "세대수":0,
            "입주년차":"--",
            "용적률점수":0,
            "건폐율점수":80,
            "세대당주차수":"--",
            "난방방식":"--",
            "공급면적":70,
            "전용률":80,
            "욕실수":"--",
            "현관타입":"--",
            "주거총점":23.5,
            "지역구공급총점":0.0,
            "역세권":0,
            "30분내 이동가능 거점":0,
            "1시간내 이동가능 거점":0,
            "교통총점":0.0,
            "백화점":0,
            "아울렛몰":0,
            "대형마트":80,
            "은행":0,
            "병원":30,
            "종합병원":100,
            "공원":80,
            "혐오시설":0,
            "인프라총점":37.4,
            "초등학군":90.04,
            "중학군":44.76,
            "학군총점":53.816,
            "인구수":20.14,
            "인구증감":12.06,
            "인구총점":17.716,
            "일자리":16.04,
            "소득수준":63.73,
            "일자리총점":30.347,
            "가치 총점":23.9924,
            "매매실거래년":20211122.0,
            "매매실거래가":17000.0,
            "전세실거래년":20211007.0,
            "전세실거래가":2500.0,
            "전세가율":18.52,
            "장기전세가율평균":68.73,
            "전세가율거품지수":50.21,
            "검색코드":12817,
            "세대수":226.0,
            "준공년월":"1991-10-04",
            "준공년차":32.0,
            "가까운역이름":"평택",
            "가까운역거리":16564.93,
            "역세권여부":"비역세권",
            "30분이내주요거점역":0,
            "30분거점역이름":"[]",
            "1시간이내주요거점역":0,
            "1시간거점역이름":"[]",
            "3km이내백화점수":0,
            "5km이내아울렛몰수":0,
            "1km이내대형먀트수":1,
            "500m이내은행수":0,
            "500m이내병원수":7,
            "5km이내대형병원수":2,
            "500m이내공원수":1,
            "3km이내혐오시설수":0,
            "초등학교학업성취도":90.04,
            "중학교학업성취도":74.6,
            "용적률":261,
            "건폐율":22,
            "Y":37.01246,
            "X":127.2697,
            "rank":46.0,
            "area_info":"28평(92.62), 32평(105.81)",
            "last_sales":"2021-11-22,17000.0,32평(105.81)",
            "rank_history":[
                [
                    "202202",
                    46
                ],
                [
                    "202201",
                    39
                ]
            ],
            "rank_gap":-7
        },
        {
            "index":99,
            "아파트명":"주은풍림",
            "투자타입":"일반",
            "전용면적(m2)":"56.77",
            "전용면적(평)":"17평",
            "법정동주소":"경기도 안성시 공도읍 용두리 752",
            "도로명주소":"경기도 안성시 서동대로 4079",
            "세대수":100,
            "입주년차":20,
            "용적률점수":"--",
            "건폐율점수":"--",
            "세대당주차수":0,
            "난방방식":30,
            "공급면적":"--",
            "전용률":"--",
            "욕실수":50,
            "현관타입":10,
            "주거총점":48.0,
            "지역구공급총점":0.0,
            "역세권":0,
            "30분내 이동가능 거점":0,
            "1시간내 이동가능 거점":10,
            "교통총점":2.0,
            "백화점":0,
            "아울렛몰":0,
            "대형마트":0,
            "은행":0,
            "병원":30,
            "종합병원":80,
            "공원":0,
            "혐오시설":0,
            "인프라총점":19.0,
            "초등학군":89.97,
            "중학군":41.98,
            "학군총점":51.578,
            "인구수":20.14,
            "인구증감":12.06,
            "인구총점":17.716,
            "일자리":16.04,
            "소득수준":63.73,
            "일자리총점":30.347,
            "가치 총점":23.7367,
            "매매실거래년":20220125.0,
            "매매실거래가":13500.0,
            "전세실거래년":20220127.0,
            "전세실거래가":9000.0,
            "전세가율":66.67,
            "장기전세가율평균":68.73,
            "전세가율거품지수":2.06,
            "검색코드":10019,
            "세대수":2615.0,
            "준공년월":"2002-08-05",
            "준공년차":21.0,
            "가까운역이름":"평택",
            "가까운역거리":6620.12,
            "역세권여부":"비역세권",
            "30분이내주요거점역":0,
            "30분거점역이름":"[]",
            "1시간이내주요거점역":1,
            "1시간거점역이름":"['수원']",
            "3km이내백화점수":0,
            "5km이내아울렛몰수":0,
            "1km이내대형먀트수":0,
            "500m이내은행수":0,
            "500m이내병원수":5,
            "5km이내대형병원수":1,
            "500m이내공원수":0,
            "3km이내혐오시설수":0,
            "초등학교학업성취도":89.97,
            "중학교학업성취도":69.5,
            "용적률":247,
            "건폐율":17,
            "Y":36.999219,
            "X":127.158939,
            "rank":47.0,
            "area_info":"17평(56.77), 21평(71.79), 26평(86.2)",
            "last_sales":"2022-01-25,13500.0,17평(56.77)",
            "rank_history":[
                [
                    "202202",
                    47
                ],
                [
                    "202201",
                    47
                ]
            ],
            "rank_gap":0
        },
        {
            "index":93,
            "아파트명":"임광그대가1단지",
            "투자타입":"일반",
            "전용면적(m2)":"107.27",
            "전용면적(평)":"32평",
            "법정동주소":"경기도 안성시 공도읍 마정리 592",
            "도로명주소":"경기도 안성시 마정강변길 31",
            "세대수":0,
            "입주년차":40,
            "용적률점수":"--",
            "건폐율점수":"--",
            "세대당주차수":30,
            "난방방식":30,
            "공급면적":"--",
            "전용률":"--",
            "욕실수":100,
            "현관타입":100,
            "주거총점":35.5,
            "지역구공급총점":0.0,
            "역세권":0,
            "30분내 이동가능 거점":0,
            "1시간내 이동가능 거점":0,
            "교통총점":0.0,
            "백화점":0,
            "아울렛몰":0,
            "대형마트":80,
            "은행":0,
            "병원":0,
            "종합병원":80,
            "공원":0,
            "혐오시설":0,
            "인프라총점":28.0,
            "초등학군":89.98,
            "중학군":42.12,
            "학군총점":51.692,
            "인구수":20.14,
            "인구증감":12.06,
            "인구총점":17.716,
            "일자리":16.04,
            "소득수준":63.73,
            "일자리총점":30.347,
            "가치 총점":23.2538,
            "매매실거래년":20211222.0,
            "매매실거래가":23700.0,
            "전세실거래년":20211113.0,
            "전세실거래가":18000.0,
            "전세가율":75.95,
            "장기전세가율평균":68.73,
            "전세가율거품지수":-7.22,
            "검색코드":102847,
            "세대수":250.0,
            "준공년월":"2007-04-12",
            "준공년차":16.0,
            "가까운역이름":"평택",
            "가까운역거리":11250.96,
            "역세권여부":"비역세권",
            "30분이내주요거점역":0,
            "30분거점역이름":"[]",
            "1시간이내주요거점역":0,
            "1시간거점역이름":"[]",
            "3km이내백화점수":0,
            "5km이내아울렛몰수":0,
            "1km이내대형먀트수":1,
            "500m이내은행수":0,
            "500m이내병원수":0,
            "5km이내대형병원수":1,
            "500m이내공원수":0,
            "3km이내혐오시설수":0,
            "초등학교학업성취도":89.98,
            "중학교학업성취도":70.0,
            "용적률":100,
            "건폐율":10,
            "Y":37.012026,
            "X":127.209016,
            "rank":48.0,
            "area_info":"32평(107.27), 45평(151.96)",
            "last_sales":"2021-12-22,23700.0,32평(107.27)",
            "rank_history":[
                [
                    "202202",
                    48
                ],
                [
                    "202201",
                    45
                ]
            ],
            "rank_gap":-3
        },
        {
            "index":102,
            "아파트명":"태산1차",
            "투자타입":"일반",
            "전용면적(m2)":"81.41",
            "전용면적(평)":"24평",
            "법정동주소":"경기도 안성시 공도읍 용두리 683",
            "도로명주소":"경기도 안성시 벚꽃길 36",
            "세대수":50,
            "입주년차":20,
            "용적률점수":"--",
            "건폐율점수":"--",
            "세대당주차수":0,
            "난방방식":30,
            "공급면적":"--",
            "전용률":"--",
            "욕실수":50,
            "현관타입":50,
            "주거총점":34.5,
            "지역구공급총점":0.0,
            "역세권":0,
            "30분내 이동가능 거점":0,
            "1시간내 이동가능 거점":0,
            "교통총점":0.0,
            "백화점":0,
            "아울렛몰":0,
            "대형마트":80,
            "은행":0,
            "병원":0,
            "종합병원":80,
            "공원":0,
            "혐오시설":0,
            "인프라총점":28.0,
            "초등학군":89.97,
            "중학군":41.98,
            "학군총점":51.578,
            "인구수":20.14,
            "인구증감":12.06,
            "인구총점":17.716,
            "일자리":16.04,
            "소득수준":63.73,
            "일자리총점":30.347,
            "가치 총점":23.0367,
            "매매실거래년":20220108.0,
            "매매실거래가":16500.0,
            "전세실거래년":20220117.0,
            "전세실거래가":15500.0,
            "전세가율":91.18,
            "장기전세가율평균":68.73,
            "전세가율거품지수":-22.45,
            "검색코드":25957,
            "세대수":593.0,
            "준공년월":"1999-10-08",
            "준공년차":24.0,
            "가까운역이름":"평택",
            "가까운역거리":6177.47,
            "역세권여부":"비역세권",
            "30분이내주요거점역":0,
            "30분거점역이름":"[]",
            "1시간이내주요거점역":0,
            "1시간거점역이름":"[]",
            "3km이내백화점수":0,
            "5km이내아울렛몰수":0,
            "1km이내대형먀트수":1,
            "500m이내은행수":0,
            "500m이내병원수":1,
            "5km이내대형병원수":1,
            "500m이내공원수":0,
            "3km이내혐오시설수":0,
            "초등학교학업성취도":89.97,
            "중학교학업성취도":69.5,
            "용적률":215,
            "건폐율":20,
            "Y":37.001064,
            "X":127.153503,
            "rank":49.0,
            "area_info":"24평(81.41), 24평(81.73)",
            "last_sales":"2022-01-08,16500.0,24평(81.73)",
            "rank_history":[
                [
                    "202202",
                    49
                ],
                [
                    "202201",
                    48
                ]
            ],
            "rank_gap":-1
        },
        {
            "index":219,
            "아파트명":"옥산주공",
            "투자타입":"재건축",
            "전용면적(m2)":"43.92",
            "전용면적(평)":"13평",
            "법정동주소":"경기도 안성시 옥산동 10",
            "도로명주소":"경기도 안성시 중앙로 212",
            "세대수":50,
            "입주년차":"--",
            "용적률점수":0,
            "건폐율점수":0,
            "세대당주차수":"--",
            "난방방식":"--",
            "공급면적":50,
            "전용률":80,
            "욕실수":"--",
            "현관타입":"--",
            "주거총점":21.5,
            "지역구공급총점":0.0,
            "역세권":0,
            "30분내 이동가능 거점":0,
            "1시간내 이동가능 거점":0,
            "교통총점":0.0,
            "백화점":0,
            "아울렛몰":0,
            "대형마트":80,
            "은행":0,
            "병원":10,
            "종합병원":100,
            "공원":100,
            "혐오시설":0,
            "인프라총점":36.0,
            "초등학군":90.0,
            "중학군":40.76,
            "학군총점":50.608,
            "인구수":20.14,
            "인구증감":12.06,
            "인구총점":17.716,
            "일자리":16.04,
            "소득수준":63.73,
            "일자리총점":30.347,
            "가치 총점":22.6912,
            "매매실거래년":20220122.0,
            "매매실거래가":14000.0,
            "전세실거래년":20211209.0,
            "전세실거래가":7000.0,
            "전세가율":50.0,
            "장기전세가율평균":68.73,
            "전세가율거품지수":18.73,
            "검색코드":13472,
            "세대수":440.0,
            "준공년월":"1988-04-21",
            "준공년차":35.0,
            "가까운역이름":"평택",
            "가까운역거리":15072.3,
            "역세권여부":"비역세권",
            "30분이내주요거점역":0,
            "30분거점역이름":"[]",
            "1시간이내주요거점역":0,
            "1시간거점역이름":"[]",
            "3km이내백화점수":0,
            "5km이내아울렛몰수":0,
            "1km이내대형먀트수":1,
            "500m이내은행수":0,
            "500m이내병원수":4,
            "5km이내대형병원수":2,
            "500m이내공원수":3,
            "3km이내혐오시설수":0,
            "초등학교학업성취도":90.0,
            "중학교학업성취도":66.6,
            "용적률":0,
            "건폐율":0,
            "Y":37.012472,
            "X":127.252689,
            "rank":50.0,
            "area_info":"13평(43.92), 15평(52.65)",
            "last_sales":"2022-01-22,14000.0,13평(43.92)",
            "rank_history":[
                [
                    "202202",
                    50
                ],
                [
                    "202201",
                    44
                ]
            ],
            "rank_gap":-6
        },
        {
            "index":38,
            "아파트명":"산수화",
            "투자타입":"일반",
            "전용면적(m2)":"81.83",
            "전용면적(평)":"24평",
            "법정동주소":"경기도 안성시 공도읍 용두리 753",
            "도로명주소":"경기도 안성시 벚꽃길 73",
            "세대수":80,
            "입주년차":20,
            "용적률점수":"--",
            "건폐율점수":"--",
            "세대당주차수":0,
            "난방방식":30,
            "공급면적":"--",
            "전용률":"--",
            "욕실수":50,
            "현관타입":100,
            "주거총점":50.0,
            "지역구공급총점":0.0,
            "역세권":0,
            "30분내 이동가능 거점":0,
            "1시간내 이동가능 거점":0,
            "교통총점":0.0,
            "백화점":0,
            "아울렛몰":0,
            "대형마트":0,
            "은행":0,
            "병원":0,
            "종합병원":80,
            "공원":0,
            "혐오시설":0,
            "인프라총점":16.0,
            "초등학군":89.97,
            "중학군":41.98,
            "학군총점":51.578,
            "인구수":20.14,
            "인구증감":12.06,
            "인구총점":17.716,
            "일자리":16.04,
            "소득수준":63.73,
            "일자리총점":30.347,
            "가치 총점":22.5367,
            "매매실거래년":20220122.0,
            "매매실거래가":15000.0,
            "전세실거래년":20220115.0,
            "전세실거래가":7000.0,
            "전세가율":45.16,
            "장기전세가율평균":68.73,
            "전세가율거품지수":23.57,
            "검색코드":13190,
            "세대수":751.0,
            "준공년월":"2003-09-01",
            "준공년차":20.0,
            "가까운역이름":"평택",
            "가까운역거리":6158.95,
            "역세권여부":"비역세권",
            "30분이내주요거점역":0,
            "30분거점역이름":"[]",
            "1시간이내주요거점역":0,
            "1시간거점역이름":"[]",
            "3km이내백화점수":0,
            "5km이내아울렛몰수":0,
            "1km이내대형먀트수":0,
            "500m이내은행수":0,
            "500m이내병원수":0,
            "5km이내대형병원수":1,
            "500m이내공원수":0,
            "3km이내혐오시설수":0,
            "초등학교학업성취도":89.97,
            "중학교학업성취도":69.5,
            "용적률":0,
            "건폐율":0,
            "Y":37.00288,
            "X":127.15282,
            "rank":51.0,
            "area_info":"24평(81.83), 24평(81.95), 24평(81.95), 24평(82.16)",
            "last_sales":"2022-01-22,15000.0,24평(82.16)",
            "rank_history":[
                [
                    "202202",
                    51
                ],
                [
                    "202201",
                    49
                ]
            ],
            "rank_gap":-2
        },
        {
            "index":78,
            "아파트명":"안성베르빌",
            "투자타입":"일반",
            "전용면적(m2)":"86.5",
            "전용면적(평)":"26평",
            "법정동주소":"경기도 안성시 공도읍 마정리 561",
            "도로명주소":"경기도 안성시 장미길 32",
            "세대수":0,
            "입주년차":20,
            "용적률점수":"--",
            "건폐율점수":"--",
            "세대당주차수":0,
            "난방방식":30,
            "공급면적":"--",
            "전용률":"--",
            "욕실수":100,
            "현관타입":50,
            "주거총점":22.0,
            "지역구공급총점":0.0,
            "역세권":0,
            "30분내 이동가능 거점":0,
            "1시간내 이동가능 거점":0,
            "교통총점":0.0,
            "백화점":0,
            "아울렛몰":0,
            "대형마트":100,
            "은행":0,
            "병원":0,
            "종합병원":80,
            "공원":80,
            "혐오시설":0,
            "인프라총점":33.4,
            "초등학군":89.98,
            "중학군":42.12,
            "학군총점":51.692,
            "인구수":20.14,
            "인구증감":12.06,
            "인구총점":17.716,
            "일자리":16.04,
            "소득수준":63.73,
            "일자리총점":30.347,
            "가치 총점":22.1738,
            "매매실거래년":20211225.0,
            "매매실거래가":15700.0,
            "전세실거래년":20210903.0,
            "전세실거래가":12500.0,
            "전세가율":79.62,
            "장기전세가율평균":68.73,
            "전세가율거품지수":-10.89,
            "검색코드":24241,
            "세대수":218.0,
            "준공년월":"2001-08-31",
            "준공년차":22.0,
            "가까운역이름":"평택",
            "가까운역거리":11057.64,
            "역세권여부":"비역세권",
            "30분이내주요거점역":0,
            "30분거점역이름":"[]",
            "1시간이내주요거점역":0,
            "1시간거점역이름":"[]",
            "3km이내백화점수":0,
            "5km이내아울렛몰수":0,
            "1km이내대형먀트수":2,
            "500m이내은행수":0,
            "500m이내병원수":1,
            "5km이내대형병원수":1,
            "500m이내공원수":1,
            "3km이내혐오시설수":0,
            "초등학교학업성취도":89.98,
            "중학교학업성취도":70.0,
            "용적률":178,
            "건폐율":16,
            "Y":37.013136,
            "X":127.206476,
            "rank":52.0,
            "area_info":"26평(86.5), 34평(114.56)",
            "last_sales":"2021-12-25,15700.0,26평(86.5)",
            "rank_history":[
                [
                    "202202",
                    52
                ],
                [
                    "202201",
                    50
                ]
            ],
            "rank_gap":-2
        },
        {
            "index":191,
            "아파트명":"동신",
            "투자타입":"일반",
            "전용면적(m2)":"74.42",
            "전용면적(평)":"22평",
            "법정동주소":"경기도 안성시 숭인동 88",
            "도로명주소":"경기도 안성시 혜산로 37-24",
            "세대수":50,
            "입주년차":0,
            "용적률점수":"--",
            "건폐율점수":"--",
            "세대당주차수":0,
            "난방방식":30,
            "공급면적":"--",
            "전용률":"--",
            "욕실수":50,
            "현관타입":10,
            "주거총점":26.5,
            "지역구공급총점":0.0,
            "역세권":0,
            "30분내 이동가능 거점":0,
            "1시간내 이동가능 거점":0,
            "교통총점":0.0,
            "백화점":0,
            "아울렛몰":0,
            "대형마트":80,
            "은행":0,
            "병원":0,
            "종합병원":100,
            "공원":0,
            "혐오시설":0,
            "인프라총점":32.0,
            "초등학군":90.04,
            "중학군":38.04,
            "학군총점":48.44,
            "인구수":20.14,
            "인구증감":12.06,
            "인구총점":17.716,
            "일자리":16.04,
            "소득수준":63.73,
            "일자리총점":30.347,
            "가치 총점":22.166,
            "매매실거래년":20211222.0,
            "매매실거래가":11800.0,
            "전세실거래년":20210529.0,
            "전세실거래가":7500.0,
            "전세가율":63.56,
            "장기전세가율평균":68.73,
            "전세가율거품지수":5.17,
            "검색코드":14852,
            "세대수":496.0,
            "준공년월":"1994-06-28",
            "준공년차":29.0,
            "가까운역이름":"성환",
            "가까운역거리":16980.14,
            "역세권여부":"비역세권",
            "30분이내주요거점역":0,
            "30분거점역이름":"[]",
            "1시간이내주요거점역":0,
            "1시간거점역이름":"[]",
            "3km이내백화점수":0,
            "5km이내아울렛몰수":0,
            "1km이내대형먀트수":1,
            "500m이내은행수":0,
            "500m이내병원수":1,
            "5km이내대형병원수":2,
            "500m이내공원수":0,
            "3km이내혐오시설수":0,
            "초등학교학업성취도":90.04,
            "중학교학업성취도":63.4,
            "용적률":229,
            "건폐율":21,
            "Y":37.012243,
            "X":127.275424,
            "rank":53.0,
            "area_info":"22평(74.42), 29평(96.6), 31평(105.39), 46평(155.29)",
            "last_sales":"2021-12-22,11800.0,22평(74.42)",
            "rank_history":[
                [
                    "202202",
                    53
                ],
                [
                    "202201",
                    43
                ]
            ],
            "rank_gap":-10
        },
        {
            "index":152,
            "아파트명":"유안",
            "투자타입":"일반",
            "전용면적(m2)":"76.46",
            "전용면적(평)":"23평",
            "법정동주소":"경기도 안성시 대덕면 진현리 555",
            "도로명주소":"경기도 안성시 안성맞춤대로 1654",
            "세대수":50,
            "입주년차":40,
            "용적률점수":"--",
            "건폐율점수":"--",
            "세대당주차수":0,
            "난방방식":30,
            "공급면적":"--",
            "전용률":"--",
            "욕실수":100,
            "현관타입":100,
            "주거총점":48.5,
            "지역구공급총점":0.0,
            "역세권":0,
            "30분내 이동가능 거점":0,
            "1시간내 이동가능 거점":0,
            "교통총점":0.0,
            "백화점":0,
            "아울렛몰":0,
            "대형마트":0,
            "은행":0,
            "병원":0,
            "종합병원":80,
            "공원":0,
            "혐오시설":0,
            "인프라총점":16.0,
            "초등학군":89.98,
            "중학군":40.62,
            "학군총점":50.492,
            "인구수":20.14,
            "인구증감":12.06,
            "인구총점":17.716,
            "일자리":16.04,
            "소득수준":63.73,
            "일자리총점":30.347,
            "가치 총점":22.0738,
            "매매실거래년":20210630.0,
            "매매실거래가":12400.0,
            "전세실거래년":20200524.0,
            "전세실거래가":6500.0,
            "전세가율":81.25,
            "장기전세가율평균":68.73,
            "전세가율거품지수":-12.52,
            "검색코드":19036,
            "세대수":476.0,
            "준공년월":"2005-08-18",
            "준공년차":18.0,
            "가까운역이름":"평택",
            "가까운역거리":17049.63,
            "역세권여부":"비역세권",
            "30분이내주요거점역":0,
            "30분거점역이름":"[]",
            "1시간이내주요거점역":0,
            "1시간거점역이름":"[]",
            "3km이내백화점수":0,
            "5km이내아울렛몰수":0,
            "1km이내대형먀트수":0,
            "500m이내은행수":0,
            "500m이내병원수":0,
            "5km이내대형병원수":1,
            "500m이내공원수":0,
            "3km이내혐오시설수":0,
            "초등학교학업성취도":89.98,
            "중학교학업성취도":67.7,
            "용적률":189,
            "건폐율":19,
            "Y":37.058684,
            "X":127.257319,
            "rank":54.0,
            "area_info":"23평(76.46), 23평(77.03), 31평(105.61), 32평(106.26)",
            "last_sales":"2021-06-30,12400.0,32평(106.26)",
            "rank_history":[
                [
                    "202202",
                    54
                ],
                [
                    "202201",
                    51
                ]
            ],
            "rank_gap":-3
        },
        {
            "index":124,
            "아파트명":"서광",
            "투자타입":"재건축",
            "전용면적(m2)":"103.99",
            "전용면적(평)":"31평",
            "법정동주소":"경기도 안성시 낙원동 68-3",
            "도로명주소":"경기도 안성시 장기로 95",
            "세대수":0,
            "입주년차":"--",
            "용적률점수":0,
            "건폐율점수":0,
            "세대당주차수":"--",
            "난방방식":"--",
            "공급면적":90,
            "전용률":80,
            "욕실수":"--",
            "현관타입":"--",
            "주거총점":8.5,
            "지역구공급총점":0.0,
            "역세권":0,
            "30분내 이동가능 거점":0,
            "1시간내 이동가능 거점":0,
            "교통총점":0.0,
            "백화점":0,
            "아울렛몰":0,
            "대형마트":0,
            "은행":70,
            "병원":80,
            "종합병원":100,
            "공원":100,
            "혐오시설":0,
            "인프라총점":38.0,
            "초등학군":90.02,
            "중학군":50.96,
            "학군총점":58.772,
            "인구수":20.14,
            "인구증감":12.06,
            "인구총점":17.716,
            "일자리":16.04,
            "소득수준":63.73,
            "일자리총점":30.347,
            "가치 총점":21.9158,
            "매매실거래년":20210715.0,
            "매매실거래가":13800.0,
            "전세실거래년":20211213.0,
            "전세실거래가":12000.0,
            "전세가율":86.96,
            "장기전세가율평균":68.73,
            "전세가율거품지수":-18.23,
            "검색코드":14845,
            "세대수":146.0,
            "준공년월":"1992-04-17",
            "준공년차":31.0,
            "가까운역이름":"성환",
            "가까운역거리":16339.28,
            "역세권여부":"비역세권",
            "30분이내주요거점역":0,
            "30분거점역이름":"[]",
            "1시간이내주요거점역":0,
            "1시간거점역이름":"[]",
            "3km이내백화점수":0,
            "5km이내아울렛몰수":0,
            "1km이내대형먀트수":0,
            "500m이내은행수":3,
            "500m이내병원수":34,
            "5km이내대형병원수":2,
            "500m이내공원수":2,
            "3km이내혐오시설수":0,
            "초등학교학업성취도":90.02,
            "중학교학업성취도":83.6,
            "용적률":292,
            "건폐율":0,
            "Y":37.00472,
            "X":127.27363,
            "rank":55.0,
            "area_info":"31평(103.99), 31평(103.96)",
            "last_sales":"2021-07-15,13800.0,31평(103.99)",
            "rank_history":[
                [
                    "202202",
                    55
                ],
                [
                    "202201",
                    34
                ]
            ],
            "rank_gap":-21
        },
        {
            "index":241,
            "아파트명":"일죽IC타운",
            "투자타입":"일반",
            "전용면적(m2)":"88.23",
            "전용면적(평)":"26평",
            "법정동주소":"경기도 안성시 일죽면 송천리 610",
            "도로명주소":"경기도 안성시 서동대로 7416-10",
            "세대수":50,
            "입주년차":20,
            "용적률점수":"--",
            "건폐율점수":"--",
            "세대당주차수":30,
            "난방방식":30,
            "공급면적":"--",
            "전용률":"--",
            "욕실수":100,
            "현관타입":100,
            "주거총점":49.0,
            "지역구공급총점":0.0,
            "역세권":0,
            "30분내 이동가능 거점":0,
            "1시간내 이동가능 거점":0,
            "교통총점":0.0,
            "백화점":0,
            "아울렛몰":0,
            "대형마트":80,
            "은행":0,
            "병원":0,
            "종합병원":0,
            "공원":0,
            "혐오시설":0,
            "인프라총점":12.0,
            "초등학군":89.99,
            "중학군":47.22,
            "학군총점":55.774,
            "인구수":20.14,
            "인구증감":12.06,
            "인구총점":17.716,
            "일자리":16.04,
            "소득수준":63.73,
            "일자리총점":30.347,
            "가치 총점":21.7661,
            "매매실거래년":20220112.0,
            "매매실거래가":12400.0,
            "전세실거래년":20210803.0,
            "전세실거래가":5250.0,
            "전세가율":48.61,
            "장기전세가율평균":68.73,
            "전세가율거품지수":20.12,
            "검색코드":102041,
            "세대수":474.0,
            "준공년월":"2002-12-27",
            "준공년차":21.0,
            "가까운역이름":"부발",
            "가까운역거리":18894.54,
            "역세권여부":"비역세권",
            "30분이내주요거점역":0,
            "30분거점역이름":"[]",
            "1시간이내주요거점역":0,
            "1시간거점역이름":"[]",
            "3km이내백화점수":0,
            "5km이내아울렛몰수":0,
            "1km이내대형먀트수":1,
            "500m이내은행수":0,
            "500m이내병원수":1,
            "5km이내대형병원수":0,
            "500m이내공원수":0,
            "3km이내혐오시설수":0,
            "초등학교학업성취도":89.99,
            "중학교학업성취도":78.7,
            "용적률":193,
            "건폐율":17,
            "Y":37.090887,
            "X":127.472113,
            "rank":56.0,
            "area_info":"26평(88.23), 29평(98.41), 29평(98.47)",
            "last_sales":"2022-01-12,12400.0,29평(98.41)",
            "rank_history":[
                [
                    "202202",
                    56
                ],
                [
                    "202201",
                    53
                ]
            ],
            "rank_gap":-3
        },
        {
            "index":123,
            "아파트명":"안성동남타운",
            "투자타입":"일반",
            "전용면적(m2)":"79.44",
            "전용면적(평)":"24평",
            "법정동주소":"경기도 안성시 금석동 81",
            "도로명주소":"경기도 안성시 안성맞춤대로 1320-21",
            "세대수":50,
            "입주년차":0,
            "용적률점수":"--",
            "건폐율점수":"--",
            "세대당주차수":30,
            "난방방식":30,
            "공급면적":"--",
            "전용률":"--",
            "욕실수":50,
            "현관타입":100,
            "주거총점":40.0,
            "지역구공급총점":0.0,
            "역세권":0,
            "30분내 이동가능 거점":0,
            "1시간내 이동가능 거점":0,
            "교통총점":0.0,
            "백화점":0,
            "아울렛몰":0,
            "대형마트":0,
            "은행":0,
            "병원":0,
            "종합병원":100,
            "공원":0,
            "혐오시설":0,
            "인프라총점":20.0,
            "초등학군":90.01,
            "중학군":40.62,
            "학군총점":50.498,
            "인구수":20.14,
            "인구증감":12.06,
            "인구총점":17.716,
            "일자리":16.04,
            "소득수준":63.73,
            "일자리총점":30.347,
            "가치 총점":21.5747,
            "매매실거래년":20220117.0,
            "매매실거래가":9000.0,
            "전세실거래년":20211020.0,
            "전세실거래가":6700.0,
            "전세가율":74.44,
            "장기전세가율평균":68.73,
            "전세가율거품지수":-5.71,
            "검색코드":27117,
            "세대수":499.0,
            "준공년월":"1998-10-20",
            "준공년차":25.0,
            "가까운역이름":"평택",
            "가까운역거리":16679.96,
            "역세권여부":"비역세권",
            "30분이내주요거점역":0,
            "30분거점역이름":"[]",
            "1시간이내주요거점역":0,
            "1시간거점역이름":"[]",
            "3km이내백화점수":0,
            "5km이내아울렛몰수":0,
            "1km이내대형먀트수":0,
            "500m이내은행수":0,
            "500m이내병원수":0,
            "5km이내대형병원수":2,
            "500m이내공원수":0,
            "3km이내혐오시설수":0,
            "초등학교학업성취도":90.01,
            "중학교학업성취도":67.7,
            "용적률":245,
            "건폐율":18,
            "Y":37.03003,
            "X":127.26645,
            "rank":57.0,
            "area_info":"24평(79.44)",
            "last_sales":"2022-01-17,9000.0,24평(79.44)",
            "rank_history":[
                [
                    "202202",
                    57
                ],
                [
                    "202201",
                    52
                ]
            ],
            "rank_gap":-5
        },
        {
            "index":19,
            "아파트명":"그랜드캐슬",
            "투자타입":"일반",
            "전용면적(m2)":"78.15",
            "전용면적(평)":"23평",
            "법정동주소":"경기도 안성시 공도읍 만정리 779-2",
            "도로명주소":"경기도 안성시 송원길 41-11",
            "세대수":0,
            "입주년차":80,
            "용적률점수":"--",
            "건폐율점수":"--",
            "세대당주차수":30,
            "난방방식":30,
            "공급면적":"--",
            "전용률":"--",
            "욕실수":100,
            "현관타입":100,
            "주거총점":43.5,
            "지역구공급총점":0.0,
            "역세권":0,
            "30분내 이동가능 거점":0,
            "1시간내 이동가능 거점":0,
            "교통총점":0.0,
            "백화점":0,
            "아울렛몰":0,
            "대형마트":80,
            "은행":0,
            "병원":0,
            "종합병원":0,
            "공원":80,
            "혐오시설":0,
            "인프라총점":14.4,
            "초등학군":90.0,
            "중학군":42.12,
            "학군총점":51.696,
            "인구수":20.14,
            "인구증감":12.06,
            "인구총점":17.716,
            "일자리":16.04,
            "소득수준":63.73,
            "일자리총점":30.347,
            "가치 총점":20.7744,
            "매매실거래년":"18000101",
            "매매실거래가":null,
            "전세실거래년":null,
            "전세실거래가":null,
            "전세가율":null,
            "장기전세가율평균":68.73,
            "전세가율거품지수":null,
            "검색코드":115514,
            "세대수":116.0,
            "준공년월":"2015-07-27",
            "준공년차":8.0,
            "가까운역이름":"평택",
            "가까운역거리":8135.12,
            "역세권여부":"비역세권",
            "30분이내주요거점역":0,
            "30분거점역이름":"[]",
            "1시간이내주요거점역":0,
            "1시간거점역이름":"[]",
            "3km이내백화점수":0,
            "5km이내아울렛몰수":0,
            "1km이내대형먀트수":1,
            "500m이내은행수":0,
            "500m이내병원수":0,
            "5km이내대형병원수":0,
            "500m이내공원수":1,
            "3km이내혐오시설수":0,
            "초등학교학업성취도":90.0,
            "중학교학업성취도":70.0,
            "용적률":98,
            "건폐율":33,
            "Y":37.008041,
            "X":127.174163,
            "rank":58.0,
            "area_info":"23평(78.15), 23평(78.18), 27평(92.37), 30평(101.99)",
            "last_sales":"1800-01-01,nan,23평(78.15)",
            "rank_history":[
                [
                    "202202",
                    58
                ],
                [
                    "202201",
                    54
                ]
            ],
            "rank_gap":-4
        },
        {
            "index":104,
            "아파트명":"한일타운",
            "투자타입":"일반",
            "전용면적(m2)":"82.01",
            "전용면적(평)":"24평",
            "법정동주소":"경기도 안성시 공도읍 만정리 709-1",
            "도로명주소":"경기도 안성시 공도로 149",
            "세대수":0,
            "입주년차":40,
            "용적률점수":"--",
            "건폐율점수":"--",
            "세대당주차수":0,
            "난방방식":30,
            "공급면적":"--",
            "전용률":"--",
            "욕실수":50,
            "현관타입":100,
            "주거총점":26.0,
            "지역구공급총점":0.0,
            "역세권":0,
            "30분내 이동가능 거점":0,
            "1시간내 이동가능 거점":0,
            "교통총점":0.0,
            "백화점":0,
            "아울렛몰":0,
            "대형마트":80,
            "은행":20,
            "병원":60,
            "종합병원":0,
            "공원":100,
            "혐오시설":0,
            "인프라총점":23.0,
            "초등학군":90.0,
            "중학군":41.98,
            "학군총점":51.584,
            "인구수":20.14,
            "인구증감":12.06,
            "인구총점":17.716,
            "일자리":16.04,
            "소득수준":63.73,
            "일자리총점":30.347,
            "가치 총점":19.8376,
            "매매실거래년":20211222.0,
            "매매실거래가":18700.0,
            "전세실거래년":20220128.0,
            "전세실거래가":17000.0,
            "전세가율":90.91,
            "장기전세가율평균":68.73,
            "전세가율거품지수":-22.18,
            "검색코드":18369,
            "세대수":274.0,
            "준공년월":"2005-03-18",
            "준공년차":18.0,
            "가까운역이름":"평택",
            "가까운역거리":8188.54,
            "역세권여부":"비역세권",
            "30분이내주요거점역":0,
            "30분거점역이름":"[]",
            "1시간이내주요거점역":0,
            "1시간거점역이름":"[]",
            "3km이내백화점수":0,
            "5km이내아울렛몰수":0,
            "1km이내대형먀트수":1,
            "500m이내은행수":2,
            "500m이내병원수":10,
            "5km이내대형병원수":0,
            "500m이내공원수":2,
            "3km이내혐오시설수":0,
            "초등학교학업성취도":90.0,
            "중학교학업성취도":69.5,
            "용적률":187,
            "건폐율":23,
            "Y":37.00302,
            "X":127.17607,
            "rank":59.0,
            "area_info":"24평(82.01), 36평(119.56)",
            "last_sales":"2021-12-22,18700.0,24평(82.01)",
            "rank_history":[
                [
                    "202202",
                    59
                ],
                [
                    "202201",
                    56
                ]
            ],
            "rank_gap":-3
        },
        {
            "index":110,
            "아파트명":"홍익",
            "투자타입":"일반",
            "전용면적(m2)":"58.91",
            "전용면적(평)":"17평",
            "법정동주소":"경기도 안성시 금광면 신양복리 139-1",
            "도로명주소":"경기도 안성시 종합운동장로 132",
            "세대수":100,
            "입주년차":20,
            "용적률점수":"--",
            "건폐율점수":"--",
            "세대당주차수":0,
            "난방방식":30,
            "공급면적":"--",
            "전용률":"--",
            "욕실수":50,
            "현관타입":100,
            "주거총점":57.0,
            "지역구공급총점":0.0,
            "역세권":0,
            "30분내 이동가능 거점":0,
            "1시간내 이동가능 거점":0,
            "교통총점":0.0,
            "백화점":0,
            "아울렛몰":0,
            "대형마트":0,
            "은행":0,
            "병원":0,
            "종합병원":0,
            "공원":0,
            "혐오시설":0,
            "인프라총점":0.0,
            "초등학군":90.01,
            "중학군":38.04,
            "학군총점":48.434,
            "인구수":20.14,
            "인구증감":12.06,
            "인구총점":17.716,
            "일자리":16.04,
            "소득수준":63.73,
            "일자리총점":30.347,
            "가치 총점":18.6651,
            "매매실거래년":20220117.0,
            "매매실거래가":10200.0,
            "전세실거래년":20220126.0,
            "전세실거래가":4700.0,
            "전세가율":46.08,
            "장기전세가율평균":68.73,
            "전세가율거품지수":22.65,
            "검색코드":24675,
            "세대수":1719.0,
            "준공년월":"2001-04-20",
            "준공년차":22.0,
            "가까운역이름":"성환",
            "가까운역거리":20682.2,
            "역세권여부":"비역세권",
            "30분이내주요거점역":0,
            "30분거점역이름":"[]",
            "1시간이내주요거점역":0,
            "1시간거점역이름":"[]",
            "3km이내백화점수":0,
            "5km이내아울렛몰수":0,
            "1km이내대형먀트수":0,
            "500m이내은행수":0,
            "500m이내병원수":1,
            "5km이내대형병원수":0,
            "500m이내공원수":0,
            "3km이내혐오시설수":0,
            "초등학교학업성취도":90.01,
            "중학교학업성취도":63.4,
            "용적률":157,
            "건폐율":14,
            "Y":37.010172,
            "X":127.327762,
            "rank":60.0,
            "area_info":"17평(58.91), 22평(75.03), 24평(81.75), 26평(87.36)",
            "last_sales":"2022-01-17,10200.0,17평(58.91)",
            "rank_history":[
                [
                    "202202",
                    60
                ],
                [
                    "202201",
                    57
                ]
            ],
            "rank_gap":-3
        },
        {
            "index":156,
            "아파트명":"경동메르빌",
            "투자타입":"일반",
            "전용면적(m2)":"77.1",
            "전용면적(평)":"23평",
            "법정동주소":"경기도 안성시 미양면 보체리 405",
            "도로명주소":"경기도 안성시 안성맞춤대로 475",
            "세대수":50,
            "입주년차":60,
            "용적률점수":"--",
            "건폐율점수":"--",
            "세대당주차수":30,
            "난방방식":30,
            "공급면적":"--",
            "전용률":"--",
            "욕실수":100,
            "현관타입":100,
            "주거총점":57.0,
            "지역구공급총점":0.0,
            "역세권":0,
            "30분내 이동가능 거점":0,
            "1시간내 이동가능 거점":0,
            "교통총점":0.0,
            "백화점":0,
            "아울렛몰":0,
            "대형마트":0,
            "은행":0,
            "병원":0,
            "종합병원":0,
            "공원":0,
            "혐오시설":0,
            "인프라총점":0.0,
            "초등학군":90.0,
            "중학군":33.3,
            "학군총점":44.64,
            "인구수":20.14,
            "인구증감":12.06,
            "인구총점":17.716,
            "일자리":16.04,
            "소득수준":63.73,
            "일자리총점":30.347,
            "가치 총점":18.096,
            "매매실거래년":20210624.0,
            "매매실거래가":13600.0,
            "전세실거래년":null,
            "전세실거래가":null,
            "전세가율":null,
            "장기전세가율평균":68.73,
            "전세가율거품지수":null,
            "검색코드":120979,
            "세대수":488.0,
            "준공년월":"2010-08-19",
            "준공년차":13.0,
            "가까운역이름":"성환",
            "가까운역거리":11790.85,
            "역세권여부":"비역세권",
            "30분이내주요거점역":0,
            "30분거점역이름":"[]",
            "1시간이내주요거점역":0,
            "1시간거점역이름":"[]",
            "3km이내백화점수":0,
            "5km이내아울렛몰수":0,
            "1km이내대형먀트수":0,
            "500m이내은행수":0,
            "500m이내병원수":0,
            "5km이내대형병원수":0,
            "500m이내공원수":0,
            "3km이내혐오시설수":0,
            "초등학교학업성취도":90.0,
            "중학교학업성취도":55.5,
            "용적률":177,
            "건폐율":17,
            "Y":36.964907,
            "X":127.244729,
            "rank":61.0,
            "area_info":"23평(77.1), 24평(80.99), 28평(92.64), 32평(108.4), 32평(108.21), 32평(108.62)",
            "last_sales":"2021-06-24,13600.0,32평(108.4)",
            "rank_history":[
                [
                    "202202",
                    61
                ],
                [
                    "202201",
                    58
                ]
            ],
            "rank_gap":-3
        },
        {
            "index":163,
            "아파트명":"양지리치타운",
            "투자타입":"일반",
            "전용면적(m2)":"72.51",
            "전용면적(평)":"21평",
            "법정동주소":"경기도 안성시 보개면 기좌리 359-1",
            "도로명주소":"경기도 안성시 보개원삼로 363-16",
            "세대수":0,
            "입주년차":20,
            "용적률점수":"--",
            "건폐율점수":"--",
            "세대당주차수":0,
            "난방방식":30,
            "공급면적":"--",
            "전용률":"--",
            "욕실수":50,
            "현관타입":100,
            "주거총점":22.0,
            "지역구공급총점":0.0,
            "역세권":0,
            "30분내 이동가능 거점":0,
            "1시간내 이동가능 거점":0,
            "교통총점":0.0,
            "백화점":0,
            "아울렛몰":0,
            "대형마트":0,
            "은행":0,
            "병원":0,
            "종합병원":100,
            "공원":0,
            "혐오시설":0,
            "인프라총점":20.0,
            "초등학군":89.98,
            "중학군":40.62,
            "학군총점":50.492,
            "인구수":20.14,
            "인구증감":12.06,
            "인구총점":17.716,
            "일자리":16.04,
            "소득수준":63.73,
            "일자리총점":30.347,
            "가치 총점":17.9738,
            "매매실거래년":20211119.0,
            "매매실거래가":11800.0,
            "전세실거래년":20210825.0,
            "전세실거래가":8000.0,
            "전세가율":67.8,
            "장기전세가율평균":68.73,
            "전세가율거품지수":0.93,
            "검색코드":12068,
            "세대수":232.0,
            "준공년월":"2003-08-29",
            "준공년차":20.0,
            "가까운역이름":"평택",
            "가까운역거리":18529.42,
            "역세권여부":"비역세권",
            "30분이내주요거점역":0,
            "30분거점역이름":"[]",
            "1시간이내주요거점역":0,
            "1시간거점역이름":"[]",
            "3km이내백화점수":0,
            "5km이내아울렛몰수":0,
            "1km이내대형먀트수":0,
            "500m이내은행수":0,
            "500m이내병원수":0,
            "5km이내대형병원수":2,
            "500m이내공원수":0,
            "3km이내혐오시설수":0,
            "초등학교학업성취도":89.98,
            "중학교학업성취도":67.7,
            "용적률":99,
            "건폐율":10,
            "Y":37.035998,
            "X":127.286001,
            "rank":62.0,
            "area_info":"21평(72.51)",
            "last_sales":"2021-11-19,11800.0,21평(72.51)",
            "rank_history":[
                [
                    "202202",
                    62
                ],
                [
                    "202201",
                    59
                ]
            ],
            "rank_gap":-3
        },
        {
            "index":80,
            "아파트명":"안성부영",
            "투자타입":"일반",
            "전용면적(m2)":"74.15",
            "전용면적(평)":"22평",
            "법정동주소":"경기도 안성시 공도읍 만정리 707-1",
            "도로명주소":"경기도 안성시 만수로 31",
            "세대수":80,
            "입주년차":20,
            "용적률점수":"--",
            "건폐율점수":"--",
            "세대당주차수":0,
            "난방방식":30,
            "공급면적":"--",
            "전용률":"--",
            "욕실수":50,
            "현관타입":100,
            "주거총점":50.0,
            "지역구공급총점":0.0,
            "역세권":0,
            "30분내 이동가능 거점":0,
            "1시간내 이동가능 거점":0,
            "교통총점":0.0,
            "백화점":0,
            "아울렛몰":0,
            "대형마트":0,
            "은행":0,
            "병원":0,
            "종합병원":0,
            "공원":0,
            "혐오시설":0,
            "인프라총점":0.0,
            "초등학군":89.98,
            "중학군":42.12,
            "학군총점":51.692,
            "인구수":20.14,
            "인구증감":12.06,
            "인구총점":17.716,
            "일자리":16.04,
            "소득수준":63.73,
            "일자리총점":30.347,
            "가치 총점":17.7538,
            "매매실거래년":20220110.0,
            "매매실거래가":12800.0,
            "전세실거래년":20220107.0,
            "전세실거래가":12000.0,
            "전세가율":93.75,
            "장기전세가율평균":68.73,
            "전세가율거품지수":-25.02,
            "검색코드":22756,
            "세대수":788.0,
            "준공년월":"2001-08-13",
            "준공년차":22.0,
            "가까운역이름":"평택",
            "가까운역거리":8961.91,
            "역세권여부":"비역세권",
            "30분이내주요거점역":0,
            "30분거점역이름":"[]",
            "1시간이내주요거점역":0,
            "1시간거점역이름":"[]",
            "3km이내백화점수":0,
            "5km이내아울렛몰수":0,
            "1km이내대형먀트수":0,
            "500m이내은행수":0,
            "500m이내병원수":0,
            "5km이내대형병원수":0,
            "500m이내공원수":0,
            "3km이내혐오시설수":0,
            "초등학교학업성취도":89.98,
            "중학교학업성취도":70.0,
            "용적률":196,
            "건폐율":19,
            "Y":37.008169,
            "X":127.183684,
            "rank":63.0,
            "area_info":"22평(74.15), 25평(84.1)",
            "last_sales":"2022-01-10,12800.0,22평(74.15)",
            "rank_history":[
                [
                    "202202",
                    63
                ],
                [
                    "202201",
                    60
                ]
            ],
            "rank_gap":-3
        },
        {
            "index":197,
            "아파트명":"안성공단",
            "투자타입":"일반",
            "전용면적(m2)":"43.84",
            "전용면적(평)":"13평",
            "법정동주소":"경기도 안성시 신건지동 123",
            "도로명주소":"경기도 안성시 공단로 107-10",
            "세대수":0,
            "입주년차":0,
            "용적률점수":"--",
            "건폐율점수":"--",
            "세대당주차수":0,
            "난방방식":30,
            "공급면적":"--",
            "전용률":"--",
            "욕실수":50,
            "현관타입":100,
            "주거총점":18.0,
            "지역구공급총점":0.0,
            "역세권":0,
            "30분내 이동가능 거점":0,
            "1시간내 이동가능 거점":0,
            "교통총점":0.0,
            "백화점":0,
            "아울렛몰":0,
            "대형마트":0,
            "은행":0,
            "병원":0,
            "종합병원":100,
            "공원":0,
            "혐오시설":0,
            "인프라총점":20.0,
            "초등학군":89.99,
            "중학군":40.76,
            "학군총점":50.606,
            "인구수":20.14,
            "인구증감":12.06,
            "인구총점":17.716,
            "일자리":16.04,
            "소득수준":63.73,
            "일자리총점":30.347,
            "가치 총점":17.1909,
            "매매실거래년":"18000101",
            "매매실거래가":null,
            "전세실거래년":null,
            "전세실거래가":null,
            "전세가율":null,
            "장기전세가율평균":68.73,
            "전세가율거품지수":null,
            "검색코드":109821,
            "세대수":120.0,
            "준공년월":"1993-07-16",
            "준공년차":30.0,
            "가까운역이름":"평택",
            "가까운역거리":14440.77,
            "역세권여부":"비역세권",
            "30분이내주요거점역":0,
            "30분거점역이름":"[]",
            "1시간이내주요거점역":0,
            "1시간거점역이름":"[]",
            "3km이내백화점수":0,
            "5km이내아울렛몰수":0,
            "1km이내대형먀트수":0,
            "500m이내은행수":0,
            "500m이내병원수":0,
            "5km이내대형병원수":2,
            "500m이내공원수":0,
            "3km이내혐오시설수":0,
            "초등학교학업성취도":89.99,
            "중학교학업성취도":66.6,
            "용적률":0,
            "건폐율":0,
            "Y":37.019579,
            "X":127.243719,
            "rank":64.0,
            "area_info":"13평(43.84), 14평(49.56)",
            "last_sales":"1800-01-01,nan,13평(43.84)",
            "rank_history":[
                [
                    "202202",
                    64
                ],
                [
                    "202201",
                    61
                ]
            ],
            "rank_gap":-3
        },
        {
            "index":244,
            "아파트명":"지에프(다빈치)",
            "투자타입":"일반",
            "전용면적(m2)":"51.4",
            "전용면적(평)":"15평",
            "법정동주소":"경기도 안성시 죽산면 장원리 1379-1",
            "도로명주소":"경기도 안성시 관음당길 39-8",
            "세대수":50,
            "입주년차":20,
            "용적률점수":"--",
            "건폐율점수":"--",
            "세대당주차수":30,
            "난방방식":30,
            "공급면적":"--",
            "전용률":"--",
            "욕실수":50,
            "현관타입":10,
            "주거총점":35.0,
            "지역구공급총점":0.0,
            "역세권":0,
            "30분내 이동가능 거점":0,
            "1시간내 이동가능 거점":0,
            "교통총점":0.0,
            "백화점":0,
            "아울렛몰":0,
            "대형마트":80,
            "은행":0,
            "병원":0,
            "종합병원":0,
            "공원":0,
            "혐오시설":0,
            "인프라총점":12.0,
            "초등학군":90.04,
            "중학군":32.22,
            "학군총점":43.784,
            "인구수":20.14,
            "인구증감":12.06,
            "인구총점":17.716,
            "일자리":16.04,
            "소득수준":63.73,
            "일자리총점":30.347,
            "가치 총점":17.1676,
            "매매실거래년":20220108.0,
            "매매실거래가":10400.0,
            "전세실거래년":20210630.0,
            "전세실거래가":4000.0,
            "전세가율":63.49,
            "장기전세가율평균":68.73,
            "전세가율거품지수":5.24,
            "검색코드":16149,
            "세대수":480.0,
            "준공년월":"2002-06-04",
            "준공년차":21.0,
            "가까운역이름":"이천",
            "가까운역거리":21920.88,
            "역세권여부":"비역세권",
            "30분이내주요거점역":0,
            "30분거점역이름":"[]",
            "1시간이내주요거점역":0,
            "1시간거점역이름":"[]",
            "3km이내백화점수":0,
            "5km이내아울렛몰수":0,
            "1km이내대형먀트수":1,
            "500m이내은행수":0,
            "500m이내병원수":0,
            "5km이내대형병원수":0,
            "500m이내공원수":0,
            "3km이내혐오시설수":0,
            "초등학교학업성취도":90.04,
            "중학교학업성취도":53.7,
            "용적률":176,
            "건폐율":16,
            "Y":37.069149,
            "X":127.421299,
            "rank":65.0,
            "area_info":"15평(51.4), 20평(66.24), 25평(82.81), 29평(98.94)",
            "last_sales":"2022-01-08,10400.0,29평(98.94)",
            "rank_history":[
                [
                    "202202",
                    65
                ],
                [
                    "202201",
                    64
                ]
            ],
            "rank_gap":-1
        },
        {
            "index":24,
            "아파트명":"대림한숲원",
            "투자타입":"일반",
            "전용면적(m2)":"35.55",
            "전용면적(평)":"10평",
            "법정동주소":"경기도 안성시 공도읍 마정리 45-6",
            "도로명주소":"경기도 안성시 가족공원길 86",
            "세대수":0,
            "입주년차":0,
            "용적률점수":"--",
            "건폐율점수":"--",
            "세대당주차수":0,
            "난방방식":30,
            "공급면적":"--",
            "전용률":"--",
            "욕실수":50,
            "현관타입":10,
            "주거총점":9.0,
            "지역구공급총점":0.0,
            "역세권":0,
            "30분내 이동가능 거점":0,
            "1시간내 이동가능 거점":0,
            "교통총점":0.0,
            "백화점":0,
            "아울렛몰":0,
            "대형마트":0,
            "은행":0,
            "병원":0,
            "종합병원":80,
            "공원":80,
            "혐오시설":0,
            "인프라총점":18.4,
            "초등학군":89.99,
            "중학군":42.12,
            "학군총점":51.694,
            "인구수":20.14,
            "인구증감":12.06,
            "인구총점":17.716,
            "일자리":16.04,
            "소득수준":63.73,
            "일자리총점":30.347,
            "가치 총점":15.0741,
            "매매실거래년":20220118.0,
            "매매실거래가":3950.0,
            "전세실거래년":20211023.0,
            "전세실거래가":1500.0,
            "전세가율":55.56,
            "장기전세가율평균":68.73,
            "전세가율거품지수":13.17,
            "검색코드":108052,
            "세대수":222.0,
            "준공년월":"1997-03-31",
            "준공년차":26.0,
            "가까운역이름":"평택",
            "가까운역거리":11433.57,
            "역세권여부":"비역세권",
            "30분이내주요거점역":0,
            "30분거점역이름":"[]",
            "1시간이내주요거점역":0,
            "1시간거점역이름":"[]",
            "3km이내백화점수":0,
            "5km이내아울렛몰수":0,
            "1km이내대형먀트수":0,
            "500m이내은행수":0,
            "500m이내병원수":0,
            "5km이내대형병원수":1,
            "500m이내공원수":1,
            "3km이내혐오시설수":0,
            "초등학교학업성취도":89.99,
            "중학교학업성취도":70.0,
            "용적률":119,
            "건폐율":20,
            "Y":37.016834,
            "X":127.209696,
            "rank":66.0,
            "area_info":"10평(35.55), 15평(51.16), 17평(58.66), 18평(61.34)",
            "last_sales":"2022-01-18,3950.0,15평(51.16)",
            "rank_history":[
                [
                    "202202",
                    66
                ],
                [
                    "202201",
                    62
                ]
            ],
            "rank_gap":-4
        },
        {
            "index":162,
            "아파트명":"금화마을",
            "투자타입":"일반",
            "전용면적(m2)":"57.02",
            "전용면적(평)":"17평",
            "법정동주소":"경기도 안성시 미양면 양변리 240-19",
            "도로명주소":"경기도 안성시 안성맞춤대로 439",
            "세대수":50,
            "입주년차":20,
            "용적률점수":"--",
            "건폐율점수":"--",
            "세대당주차수":0,
            "난방방식":30,
            "공급면적":"--",
            "전용률":"--",
            "욕실수":50,
            "현관타입":100,
            "주거총점":39.5,
            "지역구공급총점":0.0,
            "역세권":0,
            "30분내 이동가능 거점":0,
            "1시간내 이동가능 거점":0,
            "교통총점":0.0,
            "백화점":0,
            "아울렛몰":0,
            "대형마트":0,
            "은행":0,
            "병원":0,
            "종합병원":0,
            "공원":0,
            "혐오시설":0,
            "인프라총점":0.0,
            "초등학군":90.0,
            "중학군":33.3,
            "학군총점":44.64,
            "인구수":20.14,
            "인구증감":12.06,
            "인구총점":17.716,
            "일자리":16.04,
            "소득수준":63.73,
            "일자리총점":30.347,
            "가치 총점":14.596,
            "매매실거래년":20220117.0,
            "매매실거래가":4700.0,
            "전세실거래년":20210910.0,
            "전세실거래가":3000.0,
            "전세가율":63.83,
            "장기전세가율평균":68.73,
            "전세가율거품지수":4.9,
            "검색코드":16148,
            "세대수":499.0,
            "준공년월":"2000-06-28",
            "준공년차":23.0,
            "가까운역이름":"성환",
            "가까운역거리":11606.32,
            "역세권여부":"비역세권",
            "30분이내주요거점역":0,
            "30분거점역이름":"[]",
            "1시간이내주요거점역":0,
            "1시간거점역이름":"[]",
            "3km이내백화점수":0,
            "5km이내아울렛몰수":0,
            "1km이내대형먀트수":0,
            "500m이내은행수":0,
            "500m이내병원수":0,
            "5km이내대형병원수":0,
            "500m이내공원수":0,
            "3km이내혐오시설수":0,
            "초등학교학업성취도":90.0,
            "중학교학업성취도":55.5,
            "용적률":174,
            "건폐율":19,
            "Y":36.9611,
            "X":127.24478,
            "rank":67.0,
            "area_info":"17평(57.02)",
            "last_sales":"2022-01-17,4700.0,17평(57.02)",
            "rank_history":[
                [
                    "202202",
                    67
                ],
                [
                    "202201",
                    63
                ]
            ],
            "rank_gap":-4
        }
    ]
}