{
    "schema":{
        "fields":[
            {
                "name":"index",
                "type":"integer"
            },
            {
                "name":"아파트명",
                "type":"string"
            },
            {
                "name":"투자타입",
                "type":"string"
            },
            {
                "name":"전용면적(m2)",
                "type":"string"
            },
            {
                "name":"전용면적(평)",
                "type":"string"
            },
            {
                "name":"법정동주소",
                "type":"string"
            },
            {
                "name":"도로명주소",
                "type":"string"
            },
            {
                "name":"세대수",
                "type":"integer"
            },
            {
                "name":"입주년차",
                "type":"string"
            },
            {
                "name":"용적률점수",
                "type":"string"
            },
            {
                "name":"건폐율점수",
                "type":"string"
            },
            {
                "name":"세대당주차수",
                "type":"string"
            },
            {
                "name":"난방방식",
                "type":"string"
            },
            {
                "name":"공급면적",
                "type":"string"
            },
            {
                "name":"전용률",
                "type":"string"
            },
            {
                "name":"욕실수",
                "type":"string"
            },
            {
                "name":"현관타입",
                "type":"string"
            },
            {
                "name":"주거총점",
                "type":"number"
            },
            {
                "name":"지역구공급총점",
                "type":"number"
            },
            {
                "name":"역세권",
                "type":"string"
            },
            {
                "name":"30분내 이동가능 거점",
                "type":"string"
            },
            {
                "name":"1시간내 이동가능 거점",
                "type":"string"
            },
            {
                "name":"교통총점",
                "type":"string"
            },
            {
                "name":"백화점",
                "type":"integer"
            },
            {
                "name":"아울렛몰",
                "type":"integer"
            },
            {
                "name":"대형마트",
                "type":"integer"
            },
            {
                "name":"은행",
                "type":"integer"
            },
            {
                "name":"병원",
                "type":"integer"
            },
            {
                "name":"종합병원",
                "type":"integer"
            },
            {
                "name":"공원",
                "type":"integer"
            },
            {
                "name":"혐오시설",
                "type":"integer"
            },
            {
                "name":"인프라총점",
                "type":"number"
            },
            {
                "name":"초등학군",
                "type":"number"
            },
            {
                "name":"중학군",
                "type":"number"
            },
            {
                "name":"학군총점",
                "type":"number"
            },
            {
                "name":"인구수",
                "type":"number"
            },
            {
                "name":"인구증감",
                "type":"number"
            },
            {
                "name":"인구총점",
                "type":"number"
            },
            {
                "name":"일자리",
                "type":"number"
            },
            {
                "name":"소득수준",
                "type":"number"
            },
            {
                "name":"일자리총점",
                "type":"number"
            },
            {
                "name":"가치 총점",
                "type":"number"
            },
            {
                "name":"매매실거래년",
                "type":"string"
            },
            {
                "name":"매매실거래가",
                "type":"number"
            },
            {
                "name":"전세실거래년",
                "type":"number"
            },
            {
                "name":"전세실거래가",
                "type":"number"
            },
            {
                "name":"전세가율",
                "type":"number"
            },
            {
                "name":"장기전세가율평균",
                "type":"number"
            },
            {
                "name":"전세가율거품지수",
                "type":"number"
            },
            {
                "name":"검색코드",
                "type":"integer"
            },
            {
                "name":"세대수",
                "type":"number"
            },
            {
                "name":"준공년월",
                "type":"string"
            },
            {
                "name":"준공년차",
                "type":"number"
            },
            {
                "name":"가까운역이름",
                "type":"string"
            },
            {
                "name":"가까운역거리",
                "type":"string"
            },
            {
                "name":"역세권여부",
                "type":"string"
            },
            {
                "name":"30분이내주요거점역",
                "type":"string"
            },
            {
                "name":"30분거점역이름",
                "type":"string"
            },
            {
                "name":"1시간이내주요거점역",
                "type":"string"
            },
            {
                "name":"1시간거점역이름",
                "type":"string"
            },
            {
                "name":"3km이내백화점수",
                "type":"integer"
            },
            {
                "name":"5km이내아울렛몰수",
                "type":"integer"
            },
            {
                "name":"1km이내대형먀트수",
                "type":"integer"
            },
            {
                "name":"500m이내은행수",
                "type":"integer"
            },
            {
                "name":"500m이내병원수",
                "type":"integer"
            },
            {
                "name":"5km이내대형병원수",
                "type":"integer"
            },
            {
                "name":"500m이내공원수",
                "type":"integer"
            },
            {
                "name":"3km이내혐오시설수",
                "type":"integer"
            },
            {
                "name":"초등학교학업성취도",
                "type":"number"
            },
            {
                "name":"중학교학업성취도",
                "type":"number"
            },
            {
                "name":"용적률",
                "type":"integer"
            },
            {
                "name":"건폐율",
                "type":"integer"
            },
            {
                "name":"Y",
                "type":"number"
            },
            {
                "name":"X",
                "type":"number"
            },
            {
                "name":"rank",
                "type":"number"
            },
            {
                "name":"area_info",
                "type":"string"
            },
            {
                "name":"last_sales",
                "type":"string"
            },
            {
                "name":"rank_history",
                "type":"string"
            },
            {
                "name":"rank_gap",
                "type":"integer"
            }
        ],
        "primaryKey":[
            "index"
        ],
        "pandas_version":"1.4.0"
    },
    "data":[
        {
            "index":177,
            "아파트명":"강릉유천유승한내들더퍼스트",
            "투자타입":"일반",
            "전용면적(m2)":"108.91",
            "전용면적(평)":"32평",
            "법정동주소":"강원도 강릉시 유천동 781",
            "도로명주소":"강원도 강릉시 선수촌로 79-14",
            "세대수":80,
            "입주년차":100,
            "용적률점수":"--",
            "건폐율점수":"--",
            "세대당주차수":60,
            "난방방식":30,
            "공급면적":"--",
            "전용률":"--",
            "욕실수":100,
            "현관타입":100,
            "주거총점":80.0,
            "지역구공급총점":0.0,
            "역세권":"NA",
            "30분내 이동가능 거점":"NA",
            "1시간내 이동가능 거점":"NA",
            "교통총점":"NA",
            "백화점":0,
            "아울렛몰":0,
            "대형마트":100,
            "은행":0,
            "병원":30,
            "종합병원":100,
            "공원":100,
            "혐오시설":0,
            "인프라총점":41.0,
            "초등학군":90.07,
            "중학군":49.5,
            "학군총점":57.614,
            "인구수":22.2,
            "인구증감":3.62,
            "인구총점":16.626,
            "일자리":14.06,
            "소득수준":53.81,
            "일자리총점":25.985,
            "가치 총점":58.8035,
            "매매실거래년":20211117.0,
            "매매실거래가":53000.0,
            "전세실거래년":20211012.0,
            "전세실거래가":47000.0,
            "전세가율":88.68,
            "장기전세가율평균":79.54,
            "전세가율거품지수":-9.14,
            "검색코드":122168,
            "세대수":788.0,
            "준공년월":"2021-07-01",
            "준공년차":2.0,
            "가까운역이름":"NA",
            "가까운역거리":"NA",
            "역세권여부":"NA",
            "30분이내주요거점역":"NA",
            "30분거점역이름":"NA",
            "1시간이내주요거점역":"NA",
            "1시간거점역이름":"NA",
            "3km이내백화점수":0,
            "5km이내아울렛몰수":0,
            "1km이내대형먀트수":2,
            "500m이내은행수":0,
            "500m이내병원수":8,
            "5km이내대형병원수":3,
            "500m이내공원수":3,
            "3km이내혐오시설수":0,
            "초등학교학업성취도":90.07,
            "중학교학업성취도":82.1,
            "용적률":189,
            "건폐율":9,
            "Y":37.759482,
            "X":128.869013,
            "rank":1.0,
            "area_info":"32평(108.91), 32평(109.02), 37평(123.27), 40평(135.17)",
            "last_sales":"2021-11-17,53000.0,32평(108.91)",
            "rank_history":[
                [
                    "202202",
                    1
                ],
                [
                    "202201",
                    1
                ]
            ],
            "rank_gap":0
        },
        {
            "index":181,
            "아파트명":"엘에이치선수촌8단지",
            "투자타입":"일반",
            "전용면적(m2)":"100.18",
            "전용면적(평)":"30평",
            "법정동주소":"강원도 강릉시 유천동 778",
            "도로명주소":"강원도 강릉시 선수촌로 113",
            "세대수":90,
            "입주년차":80,
            "용적률점수":"--",
            "건폐율점수":"--",
            "세대당주차수":30,
            "난방방식":30,
            "공급면적":"--",
            "전용률":"--",
            "욕실수":100,
            "현관타입":100,
            "주거총점":75.0,
            "지역구공급총점":0.0,
            "역세권":"NA",
            "30분내 이동가능 거점":"NA",
            "1시간내 이동가능 거점":"NA",
            "교통총점":"NA",
            "백화점":0,
            "아울렛몰":0,
            "대형마트":100,
            "은행":0,
            "병원":30,
            "종합병원":100,
            "공원":100,
            "혐오시설":0,
            "인프라총점":41.0,
            "초등학군":90.07,
            "중학군":49.5,
            "학군총점":57.614,
            "인구수":22.2,
            "인구증감":3.62,
            "인구총점":16.626,
            "일자리":14.06,
            "소득수준":53.81,
            "일자리총점":25.985,
            "가치 총점":57.0535,
            "매매실거래년":20220104.0,
            "매매실거래가":42000.0,
            "전세실거래년":20211223.0,
            "전세실거래가":25000.0,
            "전세가율":59.52,
            "장기전세가율평균":79.54,
            "전세가율거품지수":20.02,
            "검색코드":121317,
            "세대수":922.0,
            "준공년월":"2018-11-01",
            "준공년차":5.0,
            "가까운역이름":"NA",
            "가까운역거리":"NA",
            "역세권여부":"NA",
            "30분이내주요거점역":"NA",
            "30분거점역이름":"NA",
            "1시간이내주요거점역":"NA",
            "1시간거점역이름":"NA",
            "3km이내백화점수":0,
            "5km이내아울렛몰수":0,
            "1km이내대형먀트수":2,
            "500m이내은행수":0,
            "500m이내병원수":5,
            "5km이내대형병원수":3,
            "500m이내공원수":4,
            "3km이내혐오시설수":0,
            "초등학교학업성취도":90.07,
            "중학교학업성취도":82.1,
            "용적률":169,
            "건폐율":11,
            "Y":37.761599,
            "X":128.868607,
            "rank":2.0,
            "area_info":"30평(100.18), 34평(113.41)",
            "last_sales":"2022-01-04,42000.0,30평(100.18)",
            "rank_history":[
                [
                    "202202",
                    2
                ],
                [
                    "202201",
                    2
                ]
            ],
            "rank_gap":0
        },
        {
            "index":221,
            "아파트명":"입암주공2단지",
            "투자타입":"재건축",
            "전용면적(m2)":"49.91",
            "전용면적(평)":"15평",
            "법정동주소":"강원도 강릉시 입암동 49",
            "도로명주소":"강원도 강릉시 강변로 508",
            "세대수":30,
            "입주년차":"--",
            "용적률점수":100,
            "건폐율점수":100,
            "세대당주차수":"--",
            "난방방식":"--",
            "공급면적":50,
            "전용률":80,
            "욕실수":"--",
            "현관타입":"--",
            "주거총점":75.5,
            "지역구공급총점":0.0,
            "역세권":"NA",
            "30분내 이동가능 거점":"NA",
            "1시간내 이동가능 거점":"NA",
            "교통총점":"NA",
            "백화점":0,
            "아울렛몰":0,
            "대형마트":100,
            "은행":0,
            "병원":10,
            "종합병원":100,
            "공원":0,
            "혐오시설":0,
            "인프라총점":36.0,
            "초등학군":90.01,
            "중학군":49.0,
            "학군총점":57.202,
            "인구수":22.2,
            "인구증감":3.62,
            "인구총점":16.626,
            "일자리":14.06,
            "소득수준":53.81,
            "일자리총점":25.985,
            "가치 총점":55.1255,
            "매매실거래년":20220106.0,
            "매매실거래가":12500.0,
            "전세실거래년":20211112.0,
            "전세실거래가":7000.0,
            "전세가율":51.85,
            "장기전세가율평균":79.54,
            "전세가율거품지수":27.69,
            "검색코드":5975,
            "세대수":380.0,
            "준공년월":"1990-11-24",
            "준공년차":33.0,
            "가까운역이름":"NA",
            "가까운역거리":"NA",
            "역세권여부":"NA",
            "30분이내주요거점역":"NA",
            "30분거점역이름":"NA",
            "1시간이내주요거점역":"NA",
            "1시간거점역이름":"NA",
            "3km이내백화점수":0,
            "5km이내아울렛몰수":0,
            "1km이내대형먀트수":3,
            "500m이내은행수":0,
            "500m이내병원수":3,
            "5km이내대형병원수":3,
            "500m이내공원수":0,
            "3km이내혐오시설수":0,
            "초등학교학업성취도":90.01,
            "중학교학업성취도":81.0,
            "용적률":97,
            "건폐율":19,
            "Y":37.764183,
            "X":128.915527,
            "rank":3.0,
            "area_info":"15평(49.91), 14평(49.48), 17평(57.57)",
            "last_sales":"2022-01-06,12500.0,17평(57.57)",
            "rank_history":[
                [
                    "202202",
                    3
                ],
                [
                    "202201",
                    3
                ]
            ],
            "rank_gap":0
        },
        {
            "index":377,
            "아파트명":"LH미디어촌6단지",
            "투자타입":"일반",
            "전용면적(m2)":"85.71",
            "전용면적(평)":"25평",
            "법정동주소":"강원도 강릉시 홍제동 1044",
            "도로명주소":"강원도 강릉시 선수촌로 10",
            "세대수":90,
            "입주년차":80,
            "용적률점수":"--",
            "건폐율점수":"--",
            "세대당주차수":30,
            "난방방식":30,
            "공급면적":"--",
            "전용률":"--",
            "욕실수":100,
            "현관타입":100,
            "주거총점":75.0,
            "지역구공급총점":0.0,
            "역세권":"NA",
            "30분내 이동가능 거점":"NA",
            "1시간내 이동가능 거점":"NA",
            "교통총점":"NA",
            "백화점":0,
            "아울렛몰":0,
            "대형마트":80,
            "은행":0,
            "병원":0,
            "종합병원":100,
            "공원":100,
            "혐오시설":0,
            "인프라총점":35.0,
            "초등학군":90.07,
            "중학군":49.5,
            "학군총점":57.614,
            "인구수":22.2,
            "인구증감":3.62,
            "인구총점":16.626,
            "일자리":14.06,
            "소득수준":53.81,
            "일자리총점":25.985,
            "가치 총점":54.6535,
            "매매실거래년":20220115.0,
            "매매실거래가":38900.0,
            "전세실거래년":20211202.0,
            "전세실거래가":27000.0,
            "전세가율":75.0,
            "장기전세가율평균":79.54,
            "전세가율거품지수":4.54,
            "검색코드":113118,
            "세대수":1144.0,
            "준공년월":"2018-10-19",
            "준공년차":5.0,
            "가까운역이름":"NA",
            "가까운역거리":"NA",
            "역세권여부":"NA",
            "30분이내주요거점역":"NA",
            "30분거점역이름":"NA",
            "1시간이내주요거점역":"NA",
            "1시간거점역이름":"NA",
            "3km이내백화점수":0,
            "5km이내아울렛몰수":0,
            "1km이내대형먀트수":1,
            "500m이내은행수":0,
            "500m이내병원수":1,
            "5km이내대형병원수":3,
            "500m이내공원수":2,
            "3km이내혐오시설수":0,
            "초등학교학업성취도":90.07,
            "중학교학업성취도":82.1,
            "용적률":169,
            "건폐율":14,
            "Y":37.753014,
            "X":128.867319,
            "rank":4.0,
            "area_info":"25평(85.71), 25평(85.42), 25평(85.67)",
            "last_sales":"2022-01-15,38900.0,25평(85.42)",
            "rank_history":[
                [
                    "202202",
                    4
                ],
                [
                    "202201",
                    9
                ]
            ],
            "rank_gap":5
        },
        {
            "index":73,
            "아파트명":"내곡주공",
            "투자타입":"재건축",
            "전용면적(m2)":"49.82",
            "전용면적(평)":"15평",
            "법정동주소":"강원도 강릉시 내곡동 623",
            "도로명주소":"강원도 강릉시 관대길16번길 6",
            "세대수":30,
            "입주년차":"--",
            "용적률점수":100,
            "건폐율점수":80,
            "세대당주차수":"--",
            "난방방식":"--",
            "공급면적":50,
            "전용률":60,
            "욕실수":"--",
            "현관타입":"--",
            "주거총점":70.5,
            "지역구공급총점":0.0,
            "역세권":"NA",
            "30분내 이동가능 거점":"NA",
            "1시간내 이동가능 거점":"NA",
            "교통총점":"NA",
            "백화점":0,
            "아울렛몰":0,
            "대형마트":100,
            "은행":0,
            "병원":10,
            "종합병원":100,
            "공원":80,
            "혐오시설":0,
            "인프라총점":38.4,
            "초등학군":89.99,
            "중학군":43.16,
            "학군총점":52.526,
            "인구수":22.2,
            "인구증감":3.62,
            "인구총점":16.626,
            "일자리":14.06,
            "소득수준":53.81,
            "일자리총점":25.985,
            "가치 총점":53.1665,
            "매매실거래년":20220127.0,
            "매매실거래가":6750.0,
            "전세실거래년":20220109.0,
            "전세실거래가":7000.0,
            "전세가율":103.7,
            "장기전세가율평균":79.54,
            "전세가율거품지수":-24.16,
            "검색코드":5900,
            "세대수":300.0,
            "준공년월":"1989-03-20",
            "준공년차":34.0,
            "가까운역이름":"NA",
            "가까운역거리":"NA",
            "역세권여부":"NA",
            "30분이내주요거점역":"NA",
            "30분거점역이름":"NA",
            "1시간이내주요거점역":"NA",
            "1시간거점역이름":"NA",
            "3km이내백화점수":0,
            "5km이내아울렛몰수":0,
            "1km이내대형먀트수":2,
            "500m이내은행수":1,
            "500m이내병원수":2,
            "5km이내대형병원수":3,
            "500m이내공원수":1,
            "3km이내혐오시설수":0,
            "초등학교학업성취도":89.99,
            "중학교학업성취도":71.0,
            "용적률":94,
            "건폐율":20,
            "Y":37.741602,
            "X":128.879043,
            "rank":5.0,
            "area_info":"15평(49.82), 15평(50.07), 17평(57.37)",
            "last_sales":"2022-01-27,6750.0,15평(49.82)",
            "rank_history":[
                [
                    "202202",
                    5
                ],
                [
                    "202201",
                    4
                ]
            ],
            "rank_gap":-1
        },
        {
            "index":188,
            "아파트명":"강릉입암금호어울림",
            "투자타입":"일반",
            "전용면적(m2)":"110.8",
            "전용면적(평)":"33평",
            "법정동주소":"강원도 강릉시 입암동 321",
            "도로명주소":"강원도 강릉시 성덕로 328-15",
            "세대수":90,
            "입주년차":40,
            "용적률점수":"--",
            "건폐율점수":"--",
            "세대당주차수":60,
            "난방방식":30,
            "공급면적":"--",
            "전용률":"--",
            "욕실수":100,
            "현관타입":100,
            "주거총점":71.5,
            "지역구공급총점":0.0,
            "역세권":"NA",
            "30분내 이동가능 거점":"NA",
            "1시간내 이동가능 거점":"NA",
            "교통총점":"NA",
            "백화점":0,
            "아울렛몰":0,
            "대형마트":100,
            "은행":0,
            "병원":0,
            "종합병원":100,
            "공원":100,
            "혐오시설":0,
            "인프라총점":38.0,
            "초등학군":89.98,
            "중학군":36.24,
            "학군총점":46.988,
            "인구수":22.2,
            "인구증감":3.62,
            "인구총점":16.626,
            "일자리":14.06,
            "소득수준":53.81,
            "일자리총점":25.985,
            "가치 총점":51.972,
            "매매실거래년":20211208.0,
            "매매실거래가":49000.0,
            "전세실거래년":20200214.0,
            "전세실거래가":17000.0,
            "전세가율":47.69,
            "장기전세가율평균":79.54,
            "전세가율거품지수":31.85,
            "검색코드":25208,
            "세대수":1017.0,
            "준공년월":"2007-08-29",
            "준공년차":16.0,
            "가까운역이름":"NA",
            "가까운역거리":"NA",
            "역세권여부":"NA",
            "30분이내주요거점역":"NA",
            "30분거점역이름":"NA",
            "1시간이내주요거점역":"NA",
            "1시간거점역이름":"NA",
            "3km이내백화점수":0,
            "5km이내아울렛몰수":0,
            "1km이내대형먀트수":2,
            "500m이내은행수":0,
            "500m이내병원수":1,
            "5km이내대형병원수":3,
            "500m이내공원수":2,
            "3km이내혐오시설수":0,
            "초등학교학업성취도":89.98,
            "중학교학업성취도":59.2,
            "용적률":215,
            "건폐율":18,
            "Y":37.753711,
            "X":128.919188,
            "rank":6.0,
            "area_info":"33평(110.8), 34평(114.23), 46평(152.62), 46평(153.12), 57평(188.8)",
            "last_sales":"2021-12-08,49000.0,46평(153.12)",
            "rank_history":[
                [
                    "202202",
                    6
                ],
                [
                    "202201",
                    7
                ]
            ],
            "rank_gap":1
        },
        {
            "index":205,
            "아파트명":"이안강릉타운",
            "투자타입":"일반",
            "전용면적(m2)":"112.48",
            "전용면적(평)":"34평",
            "법정동주소":"강원도 강릉시 입암동 210",
            "도로명주소":"강원도 강릉시 성덕로 316-22",
            "세대수":90,
            "입주년차":40,
            "용적률점수":"--",
            "건폐율점수":"--",
            "세대당주차수":30,
            "난방방식":30,
            "공급면적":"--",
            "전용률":"--",
            "욕실수":100,
            "현관타입":100,
            "주거총점":67.0,
            "지역구공급총점":0.0,
            "역세권":"NA",
            "30분내 이동가능 거점":"NA",
            "1시간내 이동가능 거점":"NA",
            "교통총점":"NA",
            "백화점":0,
            "아울렛몰":0,
            "대형마트":100,
            "은행":0,
            "병원":30,
            "종합병원":100,
            "공원":80,
            "혐오시설":0,
            "인프라총점":40.4,
            "초등학군":89.98,
            "중학군":36.24,
            "학군총점":46.988,
            "인구수":22.2,
            "인구증감":3.62,
            "인구총점":16.626,
            "일자리":14.06,
            "소득수준":53.81,
            "일자리총점":25.985,
            "가치 총점":51.357,
            "매매실거래년":20220108.0,
            "매매실거래가":51800.0,
            "전세실거래년":20211225.0,
            "전세실거래가":28000.0,
            "전세가율":86.15,
            "장기전세가율평균":79.54,
            "전세가율거품지수":-6.61,
            "검색코드":17617,
            "세대수":914.0,
            "준공년월":"2006-05-03",
            "준공년차":17.0,
            "가까운역이름":"NA",
            "가까운역거리":"NA",
            "역세권여부":"NA",
            "30분이내주요거점역":"NA",
            "30분거점역이름":"NA",
            "1시간이내주요거점역":"NA",
            "1시간거점역이름":"NA",
            "3km이내백화점수":0,
            "5km이내아울렛몰수":0,
            "1km이내대형먀트수":2,
            "500m이내은행수":0,
            "500m이내병원수":7,
            "5km이내대형병원수":3,
            "500m이내공원수":1,
            "3km이내혐오시설수":0,
            "초등학교학업성취도":89.98,
            "중학교학업성취도":59.2,
            "용적률":239,
            "건폐율":20,
            "Y":37.75601,
            "X":128.921395,
            "rank":7.0,
            "area_info":"34평(112.48), 45평(150.42), 57평(188.91)",
            "last_sales":"2022-01-08,51800.0,57평(188.91)",
            "rank_history":[
                [
                    "202202",
                    7
                ],
                [
                    "202201",
                    11
                ]
            ],
            "rank_gap":4
        },
        {
            "index":382,
            "아파트명":"우미린",
            "투자타입":"일반",
            "전용면적(m2)":"100.8",
            "전용면적(평)":"30평",
            "법정동주소":"강원도 강릉시 홍제동 1037",
            "도로명주소":"강원도 강릉시 선수촌로 55",
            "세대수":50,
            "입주년차":80,
            "용적률점수":"--",
            "건폐율점수":"--",
            "세대당주차수":30,
            "난방방식":30,
            "공급면적":"--",
            "전용률":"--",
            "욕실수":100,
            "현관타입":100,
            "주거총점":61.0,
            "지역구공급총점":0.0,
            "역세권":"NA",
            "30분내 이동가능 거점":"NA",
            "1시간내 이동가능 거점":"NA",
            "교통총점":"NA",
            "백화점":0,
            "아울렛몰":0,
            "대형마트":80,
            "은행":0,
            "병원":30,
            "종합병원":100,
            "공원":100,
            "혐오시설":0,
            "인프라총점":38.0,
            "초등학군":90.07,
            "중학군":49.5,
            "학군총점":57.614,
            "인구수":22.2,
            "인구증감":3.62,
            "인구총점":16.626,
            "일자리":14.06,
            "소득수준":53.81,
            "일자리총점":25.985,
            "가치 총점":50.9535,
            "매매실거래년":20220114.0,
            "매매실거래가":54000.0,
            "전세실거래년":20211221.0,
            "전세실거래가":36000.0,
            "전세가율":75.31,
            "장기전세가율평균":79.54,
            "전세가율거품지수":4.23,
            "검색코드":108396,
            "세대수":662.0,
            "준공년월":"2016-02-12",
            "준공년차":7.0,
            "가까운역이름":"NA",
            "가까운역거리":"NA",
            "역세권여부":"NA",
            "30분이내주요거점역":"NA",
            "30분거점역이름":"NA",
            "1시간이내주요거점역":"NA",
            "1시간거점역이름":"NA",
            "3km이내백화점수":0,
            "5km이내아울렛몰수":0,
            "1km이내대형먀트수":1,
            "500m이내은행수":0,
            "500m이내병원수":7,
            "5km이내대형병원수":3,
            "500m이내공원수":2,
            "3km이내혐오시설수":0,
            "초등학교학업성취도":90.07,
            "중학교학업성취도":82.1,
            "용적률":180,
            "건폐율":14,
            "Y":37.755976,
            "X":128.867898,
            "rank":8.0,
            "area_info":"30평(100.8), 33평(109.92), 33평(109.93), 33평(109.87), 33평(109.81)",
            "last_sales":"2022-01-14,54000.0,33평(109.92)",
            "rank_history":[
                [
                    "202202",
                    8
                ],
                [
                    "202201",
                    24
                ]
            ],
            "rank_gap":16
        },
        {
            "index":31,
            "아파트명":"교동주공3차",
            "투자타입":"일반",
            "전용면적(m2)":"79.28",
            "전용면적(평)":"23평",
            "법정동주소":"강원도 강릉시 교동 1766",
            "도로명주소":"강원도 강릉시 교동광장로 138-12",
            "세대수":80,
            "입주년차":20,
            "용적률점수":"--",
            "건폐율점수":"--",
            "세대당주차수":0,
            "난방방식":30,
            "공급면적":"--",
            "전용률":"--",
            "욕실수":100,
            "현관타입":100,
            "주거총점":55.0,
            "지역구공급총점":0.0,
            "역세권":"NA",
            "30분내 이동가능 거점":"NA",
            "1시간내 이동가능 거점":"NA",
            "교통총점":"NA",
            "백화점":0,
            "아울렛몰":0,
            "대형마트":80,
            "은행":0,
            "병원":60,
            "종합병원":100,
            "공원":100,
            "혐오시설":0,
            "인프라총점":41.0,
            "초등학군":90.0,
            "중학군":49.5,
            "학군총점":57.6,
            "인구수":22.2,
            "인구증감":3.62,
            "인구총점":16.626,
            "일자리":14.06,
            "소득수준":53.81,
            "일자리총점":25.985,
            "가치 총점":50.05,
            "매매실거래년":20220122.0,
            "매매실거래가":30400.0,
            "전세실거래년":20220108.0,
            "전세실거래가":25000.0,
            "전세가율":82.24,
            "장기전세가율평균":79.54,
            "전세가율거품지수":-2.7,
            "검색코드":101029,
            "세대수":750.0,
            "준공년월":"2002-11-09",
            "준공년차":21.0,
            "가까운역이름":"NA",
            "가까운역거리":"NA",
            "역세권여부":"NA",
            "30분이내주요거점역":"NA",
            "30분거점역이름":"NA",
            "1시간이내주요거점역":"NA",
            "1시간거점역이름":"NA",
            "3km이내백화점수":0,
            "5km이내아울렛몰수":0,
            "1km이내대형먀트수":1,
            "500m이내은행수":0,
            "500m이내병원수":28,
            "5km이내대형병원수":3,
            "500m이내공원수":4,
            "3km이내혐오시설수":0,
            "초등학교학업성취도":90.0,
            "중학교학업성취도":82.1,
            "용적률":158,
            "건폐율":0,
            "Y":37.763497,
            "X":128.878973,
            "rank":9.0,
            "area_info":"23평(79.28), 24평(79.43), 24평(79.41), 24평(79.34)",
            "last_sales":"2022-01-22,30400.0,23평(79.28)",
            "rank_history":[
                [
                    "202202",
                    9
                ],
                [
                    "202201",
                    5
                ]
            ],
            "rank_gap":-4
        },
        {
            "index":123,
            "아파트명":"강릉송정신원아침도시",
            "투자타입":"일반",
            "전용면적(m2)":"99.01",
            "전용면적(평)":"29평",
            "법정동주소":"강원도 강릉시 송정동 1065",
            "도로명주소":"강원도 강릉시 경강로 2498",
            "세대수":50,
            "입주년차":100,
            "용적률점수":"--",
            "건폐율점수":"--",
            "세대당주차수":30,
            "난방방식":30,
            "공급면적":"--",
            "전용률":"--",
            "욕실수":100,
            "현관타입":100,
            "주거총점":65.0,
            "지역구공급총점":0.0,
            "역세권":"NA",
            "30분내 이동가능 거점":"NA",
            "1시간내 이동가능 거점":"NA",
            "교통총점":"NA",
            "백화점":0,
            "아울렛몰":0,
            "대형마트":80,
            "은행":0,
            "병원":0,
            "종합병원":100,
            "공원":80,
            "혐오시설":0,
            "인프라총점":34.4,
            "초등학군":90.0,
            "중학군":44.16,
            "학군총점":53.328,
            "인구수":22.2,
            "인구증감":3.62,
            "인구총점":16.626,
            "일자리":14.06,
            "소득수준":53.81,
            "일자리총점":25.985,
            "가치 총점":49.842,
            "매매실거래년":20211129.0,
            "매매실거래가":44000.0,
            "전세실거래년":20211228.0,
            "전세실거래가":37000.0,
            "전세가율":84.09,
            "장기전세가율평균":79.54,
            "전세가율거품지수":-4.55,
            "검색코드":119187,
            "세대수":477.0,
            "준공년월":"2020-05-01",
            "준공년차":3.0,
            "가까운역이름":"NA",
            "가까운역거리":"NA",
            "역세권여부":"NA",
            "30분이내주요거점역":"NA",
            "30분거점역이름":"NA",
            "1시간이내주요거점역":"NA",
            "1시간거점역이름":"NA",
            "3km이내백화점수":0,
            "5km이내아울렛몰수":0,
            "1km이내대형먀트수":1,
            "500m이내은행수":0,
            "500m이내병원수":0,
            "5km이내대형병원수":3,
            "500m이내공원수":1,
            "3km이내혐오시설수":0,
            "초등학교학업성취도":90.0,
            "중학교학업성취도":73.4,
            "용적률":213,
            "건폐율":0,
            "Y":37.773502,
            "X":128.932947,
            "rank":10.0,
            "area_info":"29평(99.01), 33평(110.41), 41평(136.71), 42평(140.93)",
            "last_sales":"2021-11-29,44000.0,29평(99.01)",
            "rank_history":[
                [
                    "202202",
                    10
                ],
                [
                    "202201",
                    8
                ]
            ],
            "rank_gap":-2
        },
        {
            "index":183,
            "아파트명":"강릉더샵",
            "투자타입":"일반",
            "전용면적(m2)":"101.45",
            "전용면적(평)":"30평",
            "법정동주소":"강원도 강릉시 입암동 711",
            "도로명주소":"강원도 강릉시 입암로29번길 11",
            "세대수":80,
            "입주년차":80,
            "용적률점수":"--",
            "건폐율점수":"--",
            "세대당주차수":30,
            "난방방식":30,
            "공급면적":"--",
            "전용률":"--",
            "욕실수":100,
            "현관타입":100,
            "주거총점":71.5,
            "지역구공급총점":0.0,
            "역세권":"NA",
            "30분내 이동가능 거점":"NA",
            "1시간내 이동가능 거점":"NA",
            "교통총점":"NA",
            "백화점":0,
            "아울렛몰":0,
            "대형마트":80,
            "은행":0,
            "병원":0,
            "종합병원":100,
            "공원":0,
            "혐오시설":0,
            "인프라총점":32.0,
            "초등학군":89.98,
            "중학군":36.24,
            "학군총점":46.988,
            "인구수":22.2,
            "인구증감":3.62,
            "인구총점":16.626,
            "일자리":14.06,
            "소득수준":53.81,
            "일자리총점":25.985,
            "가치 총점":49.572,
            "매매실거래년":20211221.0,
            "매매실거래가":34000.0,
            "전세실거래년":20210707.0,
            "전세실거래가":27000.0,
            "전세가율":79.41,
            "장기전세가율평균":79.54,
            "전세가율거품지수":0.13,
            "검색코드":106197,
            "세대수":820.0,
            "준공년월":"2014-08-27",
            "준공년차":9.0,
            "가까운역이름":"NA",
            "가까운역거리":"NA",
            "역세권여부":"NA",
            "30분이내주요거점역":"NA",
            "30분거점역이름":"NA",
            "1시간이내주요거점역":"NA",
            "1시간거점역이름":"NA",
            "3km이내백화점수":0,
            "5km이내아울렛몰수":0,
            "1km이내대형먀트수":1,
            "500m이내은행수":0,
            "500m이내병원수":1,
            "5km이내대형병원수":3,
            "500m이내공원수":0,
            "3km이내혐오시설수":0,
            "초등학교학업성취도":89.98,
            "중학교학업성취도":59.2,
            "용적률":175,
            "건폐율":20,
            "Y":37.749757,
            "X":128.909698,
            "rank":11.0,
            "area_info":"30평(101.45), 30평(101.07), 33평(111.05), 33평(111.51), 33평(112.08)",
            "last_sales":"2021-12-21,34000.0,30평(101.45)",
            "rank_history":[
                [
                    "202202",
                    11
                ],
                [
                    "202201",
                    6
                ]
            ],
            "rank_gap":-5
        },
        {
            "index":44,
            "아파트명":"부영3차",
            "투자타입":"일반",
            "전용면적(m2)":"113.48",
            "전용면적(평)":"34평",
            "법정동주소":"강원도 강릉시 교동 1780",
            "도로명주소":"강원도 강릉시 하슬라로 124",
            "세대수":50,
            "입주년차":20,
            "용적률점수":"--",
            "건폐율점수":"--",
            "세대당주차수":30,
            "난방방식":30,
            "공급면적":"--",
            "전용률":"--",
            "욕실수":100,
            "현관타입":100,
            "주거총점":49.0,
            "지역구공급총점":0.0,
            "역세권":"NA",
            "30분내 이동가능 거점":"NA",
            "1시간내 이동가능 거점":"NA",
            "교통총점":"NA",
            "백화점":0,
            "아울렛몰":0,
            "대형마트":100,
            "은행":0,
            "병원":60,
            "종합병원":100,
            "공원":100,
            "혐오시설":0,
            "인프라총점":44.0,
            "초등학군":90.07,
            "중학군":49.5,
            "학군총점":57.614,
            "인구수":22.2,
            "인구증감":3.62,
            "인구총점":16.626,
            "일자리":14.06,
            "소득수준":53.81,
            "일자리총점":25.985,
            "가치 총점":49.1535,
            "매매실거래년":20220119.0,
            "매매실거래가":33000.0,
            "전세실거래년":20211228.0,
            "전세실거래가":23500.0,
            "전세가율":71.21,
            "장기전세가율평균":79.54,
            "전세가율거품지수":8.33,
            "검색코드":108260,
            "세대수":468.0,
            "준공년월":"2001-09-21",
            "준공년차":22.0,
            "가까운역이름":"NA",
            "가까운역거리":"NA",
            "역세권여부":"NA",
            "30분이내주요거점역":"NA",
            "30분거점역이름":"NA",
            "1시간이내주요거점역":"NA",
            "1시간거점역이름":"NA",
            "3km이내백화점수":0,
            "5km이내아울렛몰수":0,
            "1km이내대형먀트수":2,
            "500m이내은행수":0,
            "500m이내병원수":15,
            "5km이내대형병원수":3,
            "500m이내공원수":4,
            "3km이내혐오시설수":0,
            "초등학교학업성취도":90.07,
            "중학교학업성취도":82.1,
            "용적률":218,
            "건폐율":24,
            "Y":37.760575,
            "X":128.874501,
            "rank":12.0,
            "area_info":"34평(113.48)",
            "last_sales":"2022-01-19,33000.0,34평(113.48)",
            "rank_history":[
                [
                    "202202",
                    12
                ],
                [
                    "202201",
                    10
                ]
            ],
            "rank_gap":-2
        },
        {
            "index":46,
            "아파트명":"부영6차",
            "투자타입":"일반",
            "전용면적(m2)":"77.75",
            "전용면적(평)":"23평",
            "법정동주소":"강원도 강릉시 교동 1775",
            "도로명주소":"강원도 강릉시 정원로 53-9",
            "세대수":50,
            "입주년차":20,
            "용적률점수":"--",
            "건폐율점수":"--",
            "세대당주차수":30,
            "난방방식":30,
            "공급면적":"--",
            "전용률":"--",
            "욕실수":100,
            "현관타입":100,
            "주거총점":49.0,
            "지역구공급총점":0.0,
            "역세권":"NA",
            "30분내 이동가능 거점":"NA",
            "1시간내 이동가능 거점":"NA",
            "교통총점":"NA",
            "백화점":0,
            "아울렛몰":0,
            "대형마트":100,
            "은행":0,
            "병원":60,
            "종합병원":100,
            "공원":100,
            "혐오시설":0,
            "인프라총점":44.0,
            "초등학군":90.07,
            "중학군":49.5,
            "학군총점":57.614,
            "인구수":22.2,
            "인구증감":3.62,
            "인구총점":16.626,
            "일자리":14.06,
            "소득수준":53.81,
            "일자리총점":25.985,
            "가치 총점":49.1535,
            "매매실거래년":20220109.0,
            "매매실거래가":24500.0,
            "전세실거래년":20220117.0,
            "전세실거래가":19000.0,
            "전세가율":77.55,
            "장기전세가율평균":79.54,
            "전세가율거품지수":1.99,
            "검색코드":101033,
            "세대수":418.0,
            "준공년월":"2003-04-25",
            "준공년차":20.0,
            "가까운역이름":"NA",
            "가까운역거리":"NA",
            "역세권여부":"NA",
            "30분이내주요거점역":"NA",
            "30분거점역이름":"NA",
            "1시간이내주요거점역":"NA",
            "1시간거점역이름":"NA",
            "3km이내백화점수":0,
            "5km이내아울렛몰수":0,
            "1km이내대형먀트수":2,
            "500m이내은행수":0,
            "500m이내병원수":28,
            "5km이내대형병원수":3,
            "500m이내공원수":4,
            "3km이내혐오시설수":0,
            "초등학교학업성취도":90.07,
            "중학교학업성취도":82.1,
            "용적률":202,
            "건폐율":16,
            "Y":37.761564,
            "X":128.877111,
            "rank":12.0,
            "area_info":"23평(77.75), 32평(105.87)",
            "last_sales":"2022-01-09,24500.0,23평(77.75)",
            "rank_history":[
                [
                    "202202",
                    12
                ],
                [
                    "202201",
                    10
                ]
            ],
            "rank_gap":-2
        },
        {
            "index":208,
            "아파트명":"입암강변코아루오투리움",
            "투자타입":"일반",
            "전용면적(m2)":"76.96",
            "전용면적(평)":"23평",
            "법정동주소":"강원도 강릉시 입암동 712",
            "도로명주소":"강원도 강릉시 월대산로 23",
            "세대수":50,
            "입주년차":100,
            "용적률점수":"--",
            "건폐율점수":"--",
            "세대당주차수":30,
            "난방방식":30,
            "공급면적":"--",
            "전용률":"--",
            "욕실수":100,
            "현관타입":100,
            "주거총점":65.0,
            "지역구공급총점":0.0,
            "역세권":"NA",
            "30분내 이동가능 거점":"NA",
            "1시간내 이동가능 거점":"NA",
            "교통총점":"NA",
            "백화점":0,
            "아울렛몰":0,
            "대형마트":80,
            "은행":0,
            "병원":30,
            "종합병원":100,
            "공원":0,
            "혐오시설":0,
            "인프라총점":35.0,
            "초등학군":89.98,
            "중학군":36.24,
            "학군총점":46.988,
            "인구수":22.2,
            "인구증감":3.62,
            "인구총점":16.626,
            "일자리":14.06,
            "소득수준":53.81,
            "일자리총점":25.985,
            "가치 총점":48.497,
            "매매실거래년":20211129.0,
            "매매실거래가":31000.0,
            "전세실거래년":null,
            "전세실거래가":null,
            "전세가율":null,
            "장기전세가율평균":79.54,
            "전세가율거품지수":null,
            "검색코드":116699,
            "세대수":427.0,
            "준공년월":"2019-07-17",
            "준공년차":4.0,
            "가까운역이름":"NA",
            "가까운역거리":"NA",
            "역세권여부":"NA",
            "30분이내주요거점역":"NA",
            "30분거점역이름":"NA",
            "1시간이내주요거점역":"NA",
            "1시간거점역이름":"NA",
            "3km이내백화점수":0,
            "5km이내아울렛몰수":0,
            "1km이내대형먀트수":1,
            "500m이내은행수":0,
            "500m이내병원수":6,
            "5km이내대형병원수":3,
            "500m이내공원수":0,
            "3km이내혐오시설수":0,
            "초등학교학업성취도":89.98,
            "중학교학업성취도":59.2,
            "용적률":207,
            "건폐율":27,
            "Y":37.760444,
            "X":128.913242,
            "rank":13.0,
            "area_info":"23평(76.96), 23평(78.98), 23평(79.12), 30평(101.96), 30평(101.96), 30평(101.11), 30평(101.96), 30평(101.96)",
            "last_sales":"2021-11-29,31000.0,30평(101.96)",
            "rank_history":[
                [
                    "202202",
                    13
                ],
                [
                    "202201",
                    13
                ]
            ],
            "rank_gap":0
        },
        {
            "index":37,
            "아파트명":"교동현대2차",
            "투자타입":"일반",
            "전용면적(m2)":"103.03",
            "전용면적(평)":"31평",
            "법정동주소":"강원도 강릉시 교동 1767",
            "도로명주소":"강원도 강릉시 교동광장로 138-15",
            "세대수":50,
            "입주년차":20,
            "용적률점수":"--",
            "건폐율점수":"--",
            "세대당주차수":30,
            "난방방식":30,
            "공급면적":"--",
            "전용률":"--",
            "욕실수":100,
            "현관타입":100,
            "주거총점":49.0,
            "지역구공급총점":0.0,
            "역세권":"NA",
            "30분내 이동가능 거점":"NA",
            "1시간내 이동가능 거점":"NA",
            "교통총점":"NA",
            "백화점":0,
            "아울렛몰":0,
            "대형마트":80,
            "은행":0,
            "병원":60,
            "종합병원":100,
            "공원":100,
            "혐오시설":0,
            "인프라총점":41.0,
            "초등학군":90.0,
            "중학군":49.5,
            "학군총점":57.6,
            "인구수":22.2,
            "인구증감":3.62,
            "인구총점":16.626,
            "일자리":14.06,
            "소득수준":53.81,
            "일자리총점":25.985,
            "가치 총점":47.95,
            "매매실거래년":20211215.0,
            "매매실거래가":43000.0,
            "전세실거래년":20211224.0,
            "전세실거래가":24000.0,
            "전세가율":69.57,
            "장기전세가율평균":79.54,
            "전세가율거품지수":9.97,
            "검색코드":14414,
            "세대수":480.0,
            "준공년월":"1999-10-27",
            "준공년차":24.0,
            "가까운역이름":"NA",
            "가까운역거리":"NA",
            "역세권여부":"NA",
            "30분이내주요거점역":"NA",
            "30분거점역이름":"NA",
            "1시간이내주요거점역":"NA",
            "1시간거점역이름":"NA",
            "3km이내백화점수":0,
            "5km이내아울렛몰수":0,
            "1km이내대형먀트수":1,
            "500m이내은행수":0,
            "500m이내병원수":28,
            "5km이내대형병원수":3,
            "500m이내공원수":3,
            "3km이내혐오시설수":0,
            "초등학교학업성취도":90.0,
            "중학교학업성취도":82.1,
            "용적률":0,
            "건폐율":0,
            "Y":37.76308,
            "X":128.880511,
            "rank":14.0,
            "area_info":"31평(103.03), 36평(121.23), 36평(121.11), 49평(163.66)",
            "last_sales":"2021-12-15,43000.0,36평(121.11)",
            "rank_history":[
                [
                    "202202",
                    14
                ],
                [
                    "202201",
                    12
                ]
            ],
            "rank_gap":-2
        },
        {
            "index":363,
            "아파트명":"주공2차",
            "투자타입":"재건축",
            "전용면적(m2)":"49.48",
            "전용면적(평)":"14평",
            "법정동주소":"강원도 강릉시 포남동 1200",
            "도로명주소":"강원도 강릉시 산양큰길 37",
            "세대수":30,
            "입주년차":"--",
            "용적률점수":80,
            "건폐율점수":40,
            "세대당주차수":"--",
            "난방방식":"--",
            "공급면적":50,
            "전용률":60,
            "욕실수":"--",
            "현관타입":"--",
            "주거총점":54.5,
            "지역구공급총점":0.0,
            "역세권":"NA",
            "30분내 이동가능 거점":"NA",
            "1시간내 이동가능 거점":"NA",
            "교통총점":"NA",
            "백화점":0,
            "아울렛몰":0,
            "대형마트":100,
            "은행":0,
            "병원":10,
            "종합병원":100,
            "공원":80,
            "혐오시설":0,
            "인프라총점":38.4,
            "초등학군":90.04,
            "중학군":44.16,
            "학군총점":53.336,
            "인구수":22.2,
            "인구증감":3.62,
            "인구총점":16.626,
            "일자리":14.06,
            "소득수준":53.81,
            "일자리총점":25.985,
            "가치 총점":47.769,
            "매매실거래년":20220105.0,
            "매매실거래가":15150.0,
            "전세실거래년":20220107.0,
            "전세실거래가":9000.0,
            "전세가율":59.41,
            "장기전세가율평균":79.54,
            "전세가율거품지수":20.13,
            "검색코드":6064,
            "세대수":380.0,
            "준공년월":"1989-08-13",
            "준공년차":34.0,
            "가까운역이름":"NA",
            "가까운역거리":"NA",
            "역세권여부":"NA",
            "30분이내주요거점역":"NA",
            "30분거점역이름":"NA",
            "1시간이내주요거점역":"NA",
            "1시간거점역이름":"NA",
            "3km이내백화점수":0,
            "5km이내아울렛몰수":0,
            "1km이내대형먀트수":2,
            "500m이내은행수":0,
            "500m이내병원수":2,
            "5km이내대형병원수":3,
            "500m이내공원수":1,
            "3km이내혐오시설수":0,
            "초등학교학업성취도":90.04,
            "중학교학업성취도":73.4,
            "용적률":161,
            "건폐율":36,
            "Y":37.780691,
            "X":128.916502,
            "rank":15.0,
            "area_info":"14평(49.48), 15평(49.91), 17평(57.93), 17평(57.57), 17평(57.74)",
            "last_sales":"2022-01-05,15150.0,14평(49.48)",
            "rank_history":[
                [
                    "202202",
                    15
                ],
                [
                    "202201",
                    20
                ]
            ],
            "rank_gap":5
        },
        {
            "index":144,
            "아파트명":"삼우은성맨션",
            "투자타입":"재건축",
            "전용면적(m2)":"88.66",
            "전용면적(평)":"26평",
            "법정동주소":"강원도 강릉시 송정동 940",
            "도로명주소":"강원도 강릉시 남강초교1길 55",
            "세대수":0,
            "입주년차":"--",
            "용적률점수":80,
            "건폐율점수":80,
            "세대당주차수":"--",
            "난방방식":"--",
            "공급면적":70,
            "전용률":80,
            "욕실수":"--",
            "현관타입":"--",
            "주거총점":55.5,
            "지역구공급총점":0.0,
            "역세권":"NA",
            "30분내 이동가능 거점":"NA",
            "1시간내 이동가능 거점":"NA",
            "교통총점":"NA",
            "백화점":0,
            "아울렛몰":0,
            "대형마트":100,
            "은행":0,
            "병원":0,
            "종합병원":100,
            "공원":80,
            "혐오시설":0,
            "인프라총점":37.4,
            "초등학군":90.01,
            "중학군":44.16,
            "학군총점":53.33,
            "인구수":22.2,
            "인구증감":3.62,
            "인구총점":16.626,
            "일자리":14.06,
            "소득수준":53.81,
            "일자리총점":25.985,
            "가치 총점":47.7175,
            "매매실거래년":20220110.0,
            "매매실거래가":22000.0,
            "전세실거래년":20211206.0,
            "전세실거래가":16000.0,
            "전세가율":86.49,
            "장기전세가율평균":79.54,
            "전세가율거품지수":-6.95,
            "검색코드":5950,
            "세대수":270.0,
            "준공년월":"1992-10-15",
            "준공년차":31.0,
            "가까운역이름":"NA",
            "가까운역거리":"NA",
            "역세권여부":"NA",
            "30분이내주요거점역":"NA",
            "30분거점역이름":"NA",
            "1시간이내주요거점역":"NA",
            "1시간거점역이름":"NA",
            "3km이내백화점수":0,
            "5km이내아울렛몰수":0,
            "1km이내대형먀트수":3,
            "500m이내은행수":0,
            "500m이내병원수":1,
            "5km이내대형병원수":3,
            "500m이내공원수":1,
            "3km이내혐오시설수":0,
            "초등학교학업성취도":90.01,
            "중학교학업성취도":73.4,
            "용적률":151,
            "건폐율":21,
            "Y":37.77026,
            "X":128.921856,
            "rank":16.0,
            "area_info":"26평(88.66), 31평(103.51)",
            "last_sales":"2022-01-10,22000.0,31평(103.51)",
            "rank_history":[
                [
                    "202202",
                    16
                ],
                [
                    "202201",
                    14
                ]
            ],
            "rank_gap":-2
        },
        {
            "index":404,
            "아파트명":"강릉서희스타힐스리버파크",
            "투자타입":"일반",
            "전용면적(m2)":"85.74",
            "전용면적(평)":"25평",
            "법정동주소":"강원도 강릉시 회산동 608",
            "도로명주소":"강원도 강릉시 회산로 344",
            "세대수":80,
            "입주년차":80,
            "용적률점수":"--",
            "건폐율점수":"--",
            "세대당주차수":30,
            "난방방식":30,
            "공급면적":"--",
            "전용률":"--",
            "욕실수":100,
            "현관타입":100,
            "주거총점":71.5,
            "지역구공급총점":0.0,
            "역세권":"NA",
            "30분내 이동가능 거점":"NA",
            "1시간내 이동가능 거점":"NA",
            "교통총점":"NA",
            "백화점":0,
            "아울렛몰":0,
            "대형마트":0,
            "은행":0,
            "병원":0,
            "종합병원":100,
            "공원":0,
            "혐오시설":0,
            "인프라총점":20.0,
            "초등학군":89.99,
            "중학군":49.5,
            "학군총점":57.598,
            "인구수":22.2,
            "인구증감":3.62,
            "인구총점":16.626,
            "일자리":14.06,
            "소득수준":53.81,
            "일자리총점":25.985,
            "가치 총점":47.4245,
            "매매실거래년":20211210.0,
            "매매실거래가":27500.0,
            "전세실거래년":20220119.0,
            "전세실거래가":18000.0,
            "전세가율":65.45,
            "장기전세가율평균":79.54,
            "전세가율거품지수":14.09,
            "검색코드":109398,
            "세대수":700.0,
            "준공년월":"2016-12-01",
            "준공년차":7.0,
            "가까운역이름":"NA",
            "가까운역거리":"NA",
            "역세권여부":"NA",
            "30분이내주요거점역":"NA",
            "30분거점역이름":"NA",
            "1시간이내주요거점역":"NA",
            "1시간거점역이름":"NA",
            "3km이내백화점수":0,
            "5km이내아울렛몰수":0,
            "1km이내대형먀트수":0,
            "500m이내은행수":0,
            "500m이내병원수":0,
            "5km이내대형병원수":2,
            "500m이내공원수":0,
            "3km이내혐오시설수":0,
            "초등학교학업성취도":89.99,
            "중학교학업성취도":82.1,
            "용적률":236,
            "건폐율":21,
            "Y":37.738458,
            "X":128.865572,
            "rank":17.0,
            "area_info":"25평(85.74), 31평(104.83), 33평(111.23), 33평(111.23)",
            "last_sales":"2021-12-10,27500.0,25평(85.74)",
            "rank_history":[
                [
                    "202202",
                    17
                ],
                [
                    "202201",
                    15
                ]
            ],
            "rank_gap":-2
        },
        {
            "index":121,
            "아파트명":"현대(245-5)",
            "투자타입":"재건축",
            "전용면적(m2)":"81.53",
            "전용면적(평)":"24평",
            "법정동주소":"강원도 강릉시 노암동 245-5",
            "도로명주소":"강원도 강릉시 율곡로 2733",
            "세대수":0,
            "입주년차":"--",
            "용적률점수":80,
            "건폐율점수":80,
            "세대당주차수":"--",
            "난방방식":"--",
            "공급면적":70,
            "전용률":80,
            "욕실수":"--",
            "현관타입":"--",
            "주거총점":55.5,
            "지역구공급총점":0.0,
            "역세권":"NA",
            "30분내 이동가능 거점":"NA",
            "1시간내 이동가능 거점":"NA",
            "교통총점":"NA",
            "백화점":0,
            "아울렛몰":0,
            "대형마트":100,
            "은행":0,
            "병원":10,
            "종합병원":100,
            "공원":80,
            "혐오시설":0,
            "인프라총점":38.4,
            "초등학군":90.06,
            "중학군":36.24,
            "학군총점":47.004,
            "인구수":22.2,
            "인구증감":3.62,
            "인구총점":16.626,
            "일자리":14.06,
            "소득수준":53.81,
            "일자리총점":25.985,
            "가치 총점":46.536,
            "매매실거래년":20220108.0,
            "매매실거래가":18600.0,
            "전세실거래년":20211027.0,
            "전세실거래가":13000.0,
            "전세가율":111.11,
            "장기전세가율평균":79.54,
            "전세가율거품지수":-31.57,
            "검색코드":5939,
            "세대수":288.0,
            "준공년월":"1992-06-03",
            "준공년차":31.0,
            "가까운역이름":"NA",
            "가까운역거리":"NA",
            "역세권여부":"NA",
            "30분이내주요거점역":"NA",
            "30분거점역이름":"NA",
            "1시간이내주요거점역":"NA",
            "1시간거점역이름":"NA",
            "3km이내백화점수":0,
            "5km이내아울렛몰수":0,
            "1km이내대형먀트수":3,
            "500m이내은행수":0,
            "500m이내병원수":4,
            "5km이내대형병원수":3,
            "500m이내공원수":1,
            "3km이내혐오시설수":0,
            "초등학교학업성취도":90.06,
            "중학교학업성취도":59.2,
            "용적률":164,
            "건폐율":20,
            "Y":37.750982,
            "X":128.905072,
            "rank":18.0,
            "area_info":"24평(81.53), 29평(97.3)",
            "last_sales":"2022-01-08,18600.0,29평(97.3)",
            "rank_history":[
                [
                    "202202",
                    18
                ],
                [
                    "202201",
                    17
                ]
            ],
            "rank_gap":-1
        },
        {
            "index":127,
            "아파트명":"강릉송정한신더휴",
            "투자타입":"일반",
            "전용면적(m2)":"109.29",
            "전용면적(평)":"33평",
            "법정동주소":"강원도 강릉시 송정동 1063",
            "도로명주소":"강원도 강릉시 경강로 2448",
            "세대수":30,
            "입주년차":100,
            "용적률점수":"--",
            "건폐율점수":"--",
            "세대당주차수":30,
            "난방방식":30,
            "공급면적":"--",
            "전용률":"--",
            "욕실수":100,
            "현관타입":100,
            "주거총점":58.0,
            "지역구공급총점":0.0,
            "역세권":"NA",
            "30분내 이동가능 거점":"NA",
            "1시간내 이동가능 거점":"NA",
            "교통총점":"NA",
            "백화점":0,
            "아울렛몰":0,
            "대형마트":80,
            "은행":0,
            "병원":0,
            "종합병원":100,
            "공원":0,
            "혐오시설":0,
            "인프라총점":32.0,
            "초등학군":90.0,
            "중학군":44.16,
            "학군총점":53.328,
            "인구수":22.2,
            "인구증감":3.62,
            "인구총점":16.626,
            "일자리":14.06,
            "소득수준":53.81,
            "일자리총점":25.985,
            "가치 총점":46.432,
            "매매실거래년":20211209.0,
            "매매실거래가":41000.0,
            "전세실거래년":20211228.0,
            "전세실거래가":40000.0,
            "전세가율":97.56,
            "장기전세가율평균":79.54,
            "전세가율거품지수":-18.02,
            "검색코드":114573,
            "세대수":353.0,
            "준공년월":"2019-03-01",
            "준공년차":4.0,
            "가까운역이름":"NA",
            "가까운역거리":"NA",
            "역세권여부":"NA",
            "30분이내주요거점역":"NA",
            "30분거점역이름":"NA",
            "1시간이내주요거점역":"NA",
            "1시간거점역이름":"NA",
            "3km이내백화점수":0,
            "5km이내아울렛몰수":0,
            "1km이내대형먀트수":1,
            "500m이내은행수":0,
            "500m이내병원수":0,
            "5km이내대형병원수":3,
            "500m이내공원수":0,
            "3km이내혐오시설수":0,
            "초등학교학업성취도":90.0,
            "중학교학업성취도":73.4,
            "용적률":0,
            "건폐율":0,
            "Y":37.773092,
            "X":128.927171,
            "rank":19.0,
            "area_info":"33평(109.29), 33평(109.22), 33평(109.75)",
            "last_sales":"2021-12-09,41000.0,33평(109.29)",
            "rank_history":[
                [
                    "202202",
                    19
                ],
                [
                    "202201",
                    16
                ]
            ],
            "rank_gap":-3
        },
        {
            "index":115,
            "아파트명":"양우내안애",
            "투자타입":"일반",
            "전용면적(m2)":"75.63",
            "전용면적(평)":"22평",
            "법정동주소":"강원도 강릉시 노암동 844",
            "도로명주소":"강원도 강릉시 강변로 328-8",
            "세대수":50,
            "입주년차":60,
            "용적률점수":"--",
            "건폐율점수":"--",
            "세대당주차수":30,
            "난방방식":30,
            "공급면적":"--",
            "전용률":"--",
            "욕실수":50,
            "현관타입":100,
            "주거총점":52.0,
            "지역구공급총점":0.0,
            "역세권":"NA",
            "30분내 이동가능 거점":"NA",
            "1시간내 이동가능 거점":"NA",
            "교통총점":"NA",
            "백화점":0,
            "아울렛몰":0,
            "대형마트":100,
            "은행":0,
            "병원":30,
            "종합병원":100,
            "공원":100,
            "혐오시설":0,
            "인프라총점":41.0,
            "초등학군":90.06,
            "중학군":36.24,
            "학군총점":47.004,
            "인구수":22.2,
            "인구증감":3.62,
            "인구총점":16.626,
            "일자리":14.06,
            "소득수준":53.81,
            "일자리총점":25.985,
            "가치 총점":46.351,
            "매매실거래년":20210924.0,
            "매매실거래가":33500.0,
            "전세실거래년":20171205.0,
            "전세실거래가":14000.0,
            "전세가율":93.33,
            "장기전세가율평균":79.54,
            "전세가율거품지수":-13.79,
            "검색코드":27087,
            "세대수":456.0,
            "준공년월":"2009-09-01",
            "준공년차":14.0,
            "가까운역이름":"NA",
            "가까운역거리":"NA",
            "역세권여부":"NA",
            "30분이내주요거점역":"NA",
            "30분거점역이름":"NA",
            "1시간이내주요거점역":"NA",
            "1시간거점역이름":"NA",
            "3km이내백화점수":0,
            "5km이내아울렛몰수":0,
            "1km이내대형먀트수":3,
            "500m이내은행수":0,
            "500m이내병원수":6,
            "5km이내대형병원수":3,
            "500m이내공원수":2,
            "3km이내혐오시설수":0,
            "초등학교학업성취도":90.06,
            "중학교학업성취도":59.2,
            "용적률":246,
            "건폐율":24,
            "Y":37.751934,
            "X":128.903188,
            "rank":20.0,
            "area_info":"22평(75.63), 23평(78.17), 25평(83.9), 33평(109.49), 33평(110.93), 42평(141.67)",
            "last_sales":"2021-09-24,33500.0,42평(141.67)",
            "rank_history":[
                [
                    "202202",
                    20
                ],
                [
                    "202201",
                    18
                ]
            ],
            "rank_gap":-2
        },
        {
            "index":42,
            "아파트명":"부영1차",
            "투자타입":"일반",
            "전용면적(m2)":"69.98",
            "전용면적(평)":"21평",
            "법정동주소":"강원도 강릉시 교동 1773",
            "도로명주소":"강원도 강릉시 정원로 53-4",
            "세대수":50,
            "입주년차":20,
            "용적률점수":"--",
            "건폐율점수":"--",
            "세대당주차수":0,
            "난방방식":30,
            "공급면적":"--",
            "전용률":"--",
            "욕실수":50,
            "현관타입":100,
            "주거총점":39.5,
            "지역구공급총점":0.0,
            "역세권":"NA",
            "30분내 이동가능 거점":"NA",
            "1시간내 이동가능 거점":"NA",
            "교통총점":"NA",
            "백화점":0,
            "아울렛몰":0,
            "대형마트":100,
            "은행":0,
            "병원":60,
            "종합병원":100,
            "공원":100,
            "혐오시설":0,
            "인프라총점":44.0,
            "초등학군":90.07,
            "중학군":49.5,
            "학군총점":57.614,
            "인구수":22.2,
            "인구증감":3.62,
            "인구총점":16.626,
            "일자리":14.06,
            "소득수준":53.81,
            "일자리총점":25.985,
            "가치 총점":45.8285,
            "매매실거래년":20220125.0,
            "매매실거래가":18000.0,
            "전세실거래년":20220127.0,
            "전세실거래가":5963.0,
            "전세가율":33.13,
            "장기전세가율평균":79.54,
            "전세가율거품지수":46.41,
            "검색코드":137556,
            "세대수":495.0,
            "준공년월":"1999-09-06",
            "준공년차":24.0,
            "가까운역이름":"NA",
            "가까운역거리":"NA",
            "역세권여부":"NA",
            "30분이내주요거점역":"NA",
            "30분거점역이름":"NA",
            "1시간이내주요거점역":"NA",
            "1시간거점역이름":"NA",
            "3km이내백화점수":0,
            "5km이내아울렛몰수":0,
            "1km이내대형먀트수":2,
            "500m이내은행수":0,
            "500m이내병원수":26,
            "5km이내대형병원수":3,
            "500m이내공원수":4,
            "3km이내혐오시설수":0,
            "초등학교학업성취도":90.07,
            "중학교학업성취도":82.1,
            "용적률":217,
            "건폐율":17,
            "Y":37.761902,
            "X":128.874984,
            "rank":21.0,
            "area_info":"21평(69.98), 24평(81.74)",
            "last_sales":"2022-01-25,18000.0,21평(69.98)",
            "rank_history":[
                [
                    "202202",
                    21
                ],
                [
                    "202201",
                    21
                ]
            ],
            "rank_gap":0
        },
        {
            "index":408,
            "아파트명":"강릉회산한신더휴",
            "투자타입":"일반",
            "전용면적(m2)":"109.87",
            "전용면적(평)":"33평",
            "법정동주소":"강원도 강릉시 회산동 610",
            "도로명주소":"강원도 강릉시 회산로 313",
            "세대수":50,
            "입주년차":100,
            "용적률점수":"--",
            "건폐율점수":"--",
            "세대당주차수":30,
            "난방방식":30,
            "공급면적":"--",
            "전용률":"--",
            "욕실수":100,
            "현관타입":100,
            "주거총점":65.0,
            "지역구공급총점":0.0,
            "역세권":"NA",
            "30분내 이동가능 거점":"NA",
            "1시간내 이동가능 거점":"NA",
            "교통총점":"NA",
            "백화점":0,
            "아울렛몰":0,
            "대형마트":0,
            "은행":0,
            "병원":0,
            "종합병원":100,
            "공원":0,
            "혐오시설":0,
            "인프라총점":20.0,
            "초등학군":89.99,
            "중학군":49.5,
            "학군총점":57.598,
            "인구수":22.2,
            "인구증감":3.62,
            "인구총점":16.626,
            "일자리":14.06,
            "소득수준":53.81,
            "일자리총점":25.985,
            "가치 총점":45.1495,
            "매매실거래년":20211111.0,
            "매매실거래가":42500.0,
            "전세실거래년":20210313.0,
            "전세실거래가":19000.0,
            "전세가율":49.61,
            "장기전세가율평균":79.54,
            "전세가율거품지수":29.93,
            "검색코드":114558,
            "세대수":410.0,
            "준공년월":"2019-03-01",
            "준공년차":4.0,
            "가까운역이름":"NA",
            "가까운역거리":"NA",
            "역세권여부":"NA",
            "30분이내주요거점역":"NA",
            "30분거점역이름":"NA",
            "1시간이내주요거점역":"NA",
            "1시간거점역이름":"NA",
            "3km이내백화점수":0,
            "5km이내아울렛몰수":0,
            "1km이내대형먀트수":0,
            "500m이내은행수":0,
            "500m이내병원수":0,
            "5km이내대형병원수":2,
            "500m이내공원수":0,
            "3km이내혐오시설수":0,
            "초등학교학업성취도":89.99,
            "중학교학업성취도":82.1,
            "용적률":221,
            "건폐율":19,
            "Y":37.73807,
            "X":128.863218,
            "rank":22.0,
            "area_info":"33평(109.87), 33평(109.8), 33평(110.34)",
            "last_sales":"2021-11-11,42500.0,33평(110.34)",
            "rank_history":[
                [
                    "202202",
                    22
                ],
                [
                    "202201",
                    26
                ]
            ],
            "rank_gap":4
        },
        {
            "index":130,
            "아파트명":"강릉아이파크",
            "투자타입":"일반",
            "전용면적(m2)":"97.83",
            "전용면적(평)":"29평",
            "법정동주소":"강원도 강릉시 송정동 1064",
            "도로명주소":"강원도 강릉시 경강로 2511",
            "세대수":50,
            "입주년차":100,
            "용적률점수":"--",
            "건폐율점수":"--",
            "세대당주차수":30,
            "난방방식":30,
            "공급면적":"--",
            "전용률":"--",
            "욕실수":100,
            "현관타입":100,
            "주거총점":65.0,
            "지역구공급총점":0.0,
            "역세권":"NA",
            "30분내 이동가능 거점":"NA",
            "1시간내 이동가능 거점":"NA",
            "교통총점":"NA",
            "백화점":0,
            "아울렛몰":0,
            "대형마트":0,
            "은행":0,
            "병원":0,
            "종합병원":100,
            "공원":80,
            "혐오시설":0,
            "인프라총점":22.4,
            "초등학군":90.0,
            "중학군":44.16,
            "학군총점":53.328,
            "인구수":22.2,
            "인구증감":3.62,
            "인구총점":16.626,
            "일자리":14.06,
            "소득수준":53.81,
            "일자리총점":25.985,
            "가치 총점":45.042,
            "매매실거래년":20211005.0,
            "매매실거래가":76500.0,
            "전세실거래년":20211111.0,
            "전세실거래가":42000.0,
            "전세가율":97.67,
            "장기전세가율평균":79.54,
            "전세가율거품지수":-18.13,
            "검색코드":119330,
            "세대수":492.0,
            "준공년월":"2019-12-01",
            "준공년차":4.0,
            "가까운역이름":"NA",
            "가까운역거리":"NA",
            "역세권여부":"NA",
            "30분이내주요거점역":"NA",
            "30분거점역이름":"NA",
            "1시간이내주요거점역":"NA",
            "1시간거점역이름":"NA",
            "3km이내백화점수":0,
            "5km이내아울렛몰수":0,
            "1km이내대형먀트수":0,
            "500m이내은행수":0,
            "500m이내병원수":0,
            "5km이내대형병원수":3,
            "500m이내공원수":1,
            "3km이내혐오시설수":0,
            "초등학교학업성취도":90.0,
            "중학교학업성취도":73.4,
            "용적률":0,
            "건폐율":0,
            "Y":37.775018,
            "X":128.934688,
            "rank":23.0,
            "area_info":"29평(97.83), 31평(104.99), 32평(109.0), 33평(109.95), 39평(130.43), 40평(134.64), 45평(151.5)",
            "last_sales":"2021-10-05,76500.0,45평(151.5)",
            "rank_history":[
                [
                    "202202",
                    23
                ],
                [
                    "202201",
                    23
                ]
            ],
            "rank_gap":0
        },
        {
            "index":57,
            "아파트명":"삼익그린맨션",
            "투자타입":"재건축",
            "전용면적(m2)":"98.55",
            "전용면적(평)":"29평",
            "법정동주소":"강원도 강릉시 남문동 183-2",
            "도로명주소":"강원도 강릉시 홍제로 7-17",
            "세대수":0,
            "입주년차":"--",
            "용적률점수":60,
            "건폐율점수":80,
            "세대당주차수":"--",
            "난방방식":"--",
            "공급면적":70,
            "전용률":80,
            "욕실수":"--",
            "현관타입":"--",
            "주거총점":47.5,
            "지역구공급총점":0.0,
            "역세권":"NA",
            "30분내 이동가능 거점":"NA",
            "1시간내 이동가능 거점":"NA",
            "교통총점":"NA",
            "백화점":0,
            "아울렛몰":0,
            "대형마트":100,
            "은행":0,
            "병원":0,
            "종합병원":100,
            "공원":80,
            "혐오시설":0,
            "인프라총점":37.4,
            "초등학군":89.99,
            "중학군":43.16,
            "학군총점":52.526,
            "인구수":22.2,
            "인구증감":3.62,
            "인구총점":16.626,
            "일자리":14.06,
            "소득수준":53.81,
            "일자리총점":25.985,
            "가치 총점":44.7165,
            "매매실거래년":20211006.0,
            "매매실거래가":17000.0,
            "전세실거래년":20200522.0,
            "전세실거래가":12000.0,
            "전세가율":70.59,
            "장기전세가율평균":79.54,
            "전세가율거품지수":8.95,
            "검색코드":5870,
            "세대수":156.0,
            "준공년월":"1992-12-14",
            "준공년차":31.0,
            "가까운역이름":"NA",
            "가까운역거리":"NA",
            "역세권여부":"NA",
            "30분이내주요거점역":"NA",
            "30분거점역이름":"NA",
            "1시간이내주요거점역":"NA",
            "1시간거점역이름":"NA",
            "3km이내백화점수":0,
            "5km이내아울렛몰수":0,
            "1km이내대형먀트수":2,
            "500m이내은행수":0,
            "500m이내병원수":1,
            "5km이내대형병원수":3,
            "500m이내공원수":1,
            "3km이내혐오시설수":0,
            "초등학교학업성취도":89.99,
            "중학교학업성취도":71.0,
            "용적률":196,
            "건폐율":20,
            "Y":37.749324,
            "X":128.884989,
            "rank":24.0,
            "area_info":"29평(98.55), 45평(149.23), 58평(193.11)",
            "last_sales":"2021-10-06,17000.0,29평(98.55)",
            "rank_history":[
                [
                    "202202",
                    24
                ],
                [
                    "202201",
                    29
                ]
            ],
            "rank_gap":5
        },
        {
            "index":54,
            "아파트명":"현대하이빌",
            "투자타입":"일반",
            "전용면적(m2)":"120.01",
            "전용면적(평)":"36평",
            "법정동주소":"강원도 강릉시 교동 1759",
            "도로명주소":"강원도 강릉시 원대로128번길 14",
            "세대수":30,
            "입주년차":20,
            "용적률점수":"--",
            "건폐율점수":"--",
            "세대당주차수":60,
            "난방방식":30,
            "공급면적":"--",
            "전용률":"--",
            "욕실수":100,
            "현관타입":100,
            "주거총점":46.5,
            "지역구공급총점":0.0,
            "역세권":"NA",
            "30분내 이동가능 거점":"NA",
            "1시간내 이동가능 거점":"NA",
            "교통총점":"NA",
            "백화점":0,
            "아울렛몰":0,
            "대형마트":80,
            "은행":0,
            "병원":30,
            "종합병원":100,
            "공원":100,
            "혐오시설":0,
            "인프라총점":38.0,
            "초등학군":90.0,
            "중학군":43.38,
            "학군총점":52.704,
            "인구수":22.2,
            "인구증감":3.62,
            "인구총점":16.626,
            "일자리":14.06,
            "소득수준":53.81,
            "일자리총점":25.985,
            "가치 총점":44.651,
            "매매실거래년":20211205.0,
            "매매실거래가":55800.0,
            "전세실거래년":20210809.0,
            "전세실거래가":31000.0,
            "전세가율":85.87,
            "장기전세가율평균":79.54,
            "전세가율거품지수":-6.33,
            "검색코드":5856,
            "세대수":300.0,
            "준공년월":"1999-11-27",
            "준공년차":24.0,
            "가까운역이름":"NA",
            "가까운역거리":"NA",
            "역세권여부":"NA",
            "30분이내주요거점역":"NA",
            "30분거점역이름":"NA",
            "1시간이내주요거점역":"NA",
            "1시간거점역이름":"NA",
            "3km이내백화점수":0,
            "5km이내아울렛몰수":0,
            "1km이내대형먀트수":1,
            "500m이내은행수":0,
            "500m이내병원수":7,
            "5km이내대형병원수":3,
            "500m이내공원수":4,
            "3km이내혐오시설수":0,
            "초등학교학업성취도":90.0,
            "중학교학업성취도":72.3,
            "용적률":219,
            "건폐율":20,
            "Y":37.765464,
            "X":128.883456,
            "rank":25.0,
            "area_info":"36평(120.01), 43평(145.33), 56평(185.83)",
            "last_sales":"2021-12-05,55800.0,56평(185.83)",
            "rank_history":[
                [
                    "202202",
                    25
                ],
                [
                    "202201",
                    27
                ]
            ],
            "rank_gap":2
        },
        {
            "index":167,
            "아파트명":"강릉유천더테라스아리스타",
            "투자타입":"일반",
            "전용면적(m2)":"21.64",
            "전용면적(평)":"6평",
            "법정동주소":"강원도 강릉시 유천동 793",
            "도로명주소":"강원도 강릉시 위촌길 30",
            "세대수":0,
            "입주년차":100,
            "용적률점수":"--",
            "건폐율점수":"--",
            "세대당주차수":60,
            "난방방식":30,
            "공급면적":"--",
            "전용률":"--",
            "욕실수":50,
            "현관타입":100,
            "주거총점":47.0,
            "지역구공급총점":0.0,
            "역세권":"NA",
            "30분내 이동가능 거점":"NA",
            "1시간내 이동가능 거점":"NA",
            "교통총점":"NA",
            "백화점":0,
            "아울렛몰":0,
            "대형마트":80,
            "은행":0,
            "병원":0,
            "종합병원":100,
            "공원":80,
            "혐오시설":0,
            "인프라총점":34.4,
            "초등학군":90.07,
            "중학군":49.5,
            "학군총점":57.614,
            "인구수":22.2,
            "인구증감":3.62,
            "인구총점":16.626,
            "일자리":14.06,
            "소득수준":53.81,
            "일자리총점":25.985,
            "가치 총점":44.6135,
            "매매실거래년":20191225.0,
            "매매실거래가":59242.0,
            "전세실거래년":null,
            "전세실거래가":null,
            "전세가율":null,
            "장기전세가율평균":79.54,
            "전세가율거품지수":null,
            "검색코드":120002,
            "세대수":131.0,
            "준공년월":"2019-09-01",
            "준공년차":4.0,
            "가까운역이름":"NA",
            "가까운역거리":"NA",
            "역세권여부":"NA",
            "30분이내주요거점역":"NA",
            "30분거점역이름":"NA",
            "1시간이내주요거점역":"NA",
            "1시간거점역이름":"NA",
            "3km이내백화점수":0,
            "5km이내아울렛몰수":0,
            "1km이내대형먀트수":1,
            "500m이내은행수":0,
            "500m이내병원수":0,
            "5km이내대형병원수":3,
            "500m이내공원수":1,
            "3km이내혐오시설수":0,
            "초등학교학업성취도":90.07,
            "중학교학업성취도":82.1,
            "용적률":67,
            "건폐율":29,
            "Y":37.759203,
            "X":128.863441,
            "rank":26.0,
            "area_info":"6평(21.64), 18평(60.99), 21평(69.88), 27평(92.46), 28평(93.35), 28평(94.26), 30평(101.92), 42평(139.1), 43평(142.33), 48평(161.54)",
            "last_sales":"2019-12-25,59242.0,48평(161.54)",
            "rank_history":[
                [
                    "202202",
                    26
                ],
                [
                    "202201",
                    40
                ]
            ],
            "rank_gap":14
        },
        {
            "index":229,
            "아파트명":"입암현대",
            "투자타입":"일반",
            "전용면적(m2)":"78.66",
            "전용면적(평)":"23평",
            "법정동주소":"강원도 강릉시 입암동 440",
            "도로명주소":"강원도 강릉시 용지로 19",
            "세대수":90,
            "입주년차":0,
            "용적률점수":"--",
            "건폐율점수":"--",
            "세대당주차수":0,
            "난방방식":30,
            "공급면적":"--",
            "전용률":"--",
            "욕실수":100,
            "현관타입":100,
            "주거총점":54.5,
            "지역구공급총점":0.0,
            "역세권":"NA",
            "30분내 이동가능 거점":"NA",
            "1시간내 이동가능 거점":"NA",
            "교통총점":"NA",
            "백화점":0,
            "아울렛몰":0,
            "대형마트":80,
            "은행":0,
            "병원":0,
            "종합병원":100,
            "공원":80,
            "혐오시설":0,
            "인프라총점":34.4,
            "초등학군":89.98,
            "중학군":36.24,
            "학군총점":46.988,
            "인구수":22.2,
            "인구증감":3.62,
            "인구총점":16.626,
            "일자리":14.06,
            "소득수준":53.81,
            "일자리총점":25.985,
            "가치 총점":44.582,
            "매매실거래년":20220112.0,
            "매매실거래가":18200.0,
            "전세실거래년":20220115.0,
            "전세실거래가":10500.0,
            "전세가율":57.69,
            "장기전세가율평균":79.54,
            "전세가율거품지수":21.85,
            "검색코드":5985,
            "세대수":1107.0,
            "준공년월":"1998-11-26",
            "준공년차":25.0,
            "가까운역이름":"NA",
            "가까운역거리":"NA",
            "역세권여부":"NA",
            "30분이내주요거점역":"NA",
            "30분거점역이름":"NA",
            "1시간이내주요거점역":"NA",
            "1시간거점역이름":"NA",
            "3km이내백화점수":0,
            "5km이내아울렛몰수":0,
            "1km이내대형먀트수":1,
            "500m이내은행수":0,
            "500m이내병원수":1,
            "5km이내대형병원수":3,
            "500m이내공원수":1,
            "3km이내혐오시설수":0,
            "초등학교학업성취도":89.98,
            "중학교학업성취도":59.2,
            "용적률":195,
            "건폐율":21,
            "Y":37.75245,
            "X":128.911025,
            "rank":27.0,
            "area_info":"23평(78.66), 23평(78.67), 31평(105.59), 36평(120.9), 47평(157.6)",
            "last_sales":"2022-01-12,18200.0,23평(78.66)",
            "rank_history":[
                [
                    "202202",
                    27
                ],
                [
                    "202201",
                    22
                ]
            ],
            "rank_gap":-5
        },
        {
            "index":18,
            "아파트명":"강릉교동주공1차",
            "투자타입":"일반",
            "전용면적(m2)":"65.12",
            "전용면적(평)":"19평",
            "법정동주소":"강원도 강릉시 교동 1750",
            "도로명주소":"강원도 강릉시 가작로 78",
            "세대수":90,
            "입주년차":20,
            "용적률점수":"--",
            "건폐율점수":"--",
            "세대당주차수":30,
            "난방방식":30,
            "공급면적":"--",
            "전용률":"--",
            "욕실수":50,
            "현관타입":10,
            "주거총점":49.0,
            "지역구공급총점":0.0,
            "역세권":"NA",
            "30분내 이동가능 거점":"NA",
            "1시간내 이동가능 거점":"NA",
            "교통총점":"NA",
            "백화점":0,
            "아울렛몰":0,
            "대형마트":80,
            "은행":0,
            "병원":0,
            "종합병원":100,
            "공원":100,
            "혐오시설":0,
            "인프라총점":35.0,
            "초등학군":90.0,
            "중학군":44.36,
            "학군총점":53.488,
            "인구수":22.2,
            "인구증감":3.62,
            "인구총점":16.626,
            "일자리":14.06,
            "소득수준":53.81,
            "일자리총점":25.985,
            "가치 총점":44.522,
            "매매실거래년":20220108.0,
            "매매실거래가":34000.0,
            "전세실거래년":20211215.0,
            "전세실거래가":13600.0,
            "전세가율":74.93,
            "장기전세가율평균":79.54,
            "전세가율거품지수":4.61,
            "검색코드":23644,
            "세대수":1019.0,
            "준공년월":"1999-12-01",
            "준공년차":24.0,
            "가까운역이름":"NA",
            "가까운역거리":"NA",
            "역세권여부":"NA",
            "30분이내주요거점역":"NA",
            "30분거점역이름":"NA",
            "1시간이내주요거점역":"NA",
            "1시간거점역이름":"NA",
            "3km이내백화점수":0,
            "5km이내아울렛몰수":0,
            "1km이내대형먀트수":1,
            "500m이내은행수":0,
            "500m이내병원수":1,
            "5km이내대형병원수":3,
            "500m이내공원수":4,
            "3km이내혐오시설수":0,
            "초등학교학업성취도":90.0,
            "중학교학업성취도":73.4,
            "용적률":184,
            "건폐율":18,
            "Y":37.767808,
            "X":128.884438,
            "rank":28.0,
            "area_info":"19평(65.12), 23평(78.24), 33평(110.84), 33평(110.79)",
            "last_sales":"2022-01-08,34000.0,33평(110.84)",
            "rank_history":[
                [
                    "202202",
                    28
                ],
                [
                    "202201",
                    25
                ]
            ],
            "rank_gap":-3
        },
        {
            "index":227,
            "아파트명":"입암주공6단지",
            "투자타입":"일반",
            "전용면적(m2)":"68.26",
            "전용면적(평)":"20평",
            "법정동주소":"강원도 강릉시 입암동 710-1",
            "도로명주소":"강원도 강릉시 성덕포남로 39",
            "세대수":100,
            "입주년차":0,
            "용적률점수":"--",
            "건폐율점수":"--",
            "세대당주차수":0,
            "난방방식":30,
            "공급면적":"--",
            "전용률":"--",
            "욕실수":50,
            "현관타입":10,
            "주거총점":44.0,
            "지역구공급총점":0.0,
            "역세권":"NA",
            "30분내 이동가능 거점":"NA",
            "1시간내 이동가능 거점":"NA",
            "교통총점":"NA",
            "백화점":0,
            "아울렛몰":0,
            "대형마트":100,
            "은행":0,
            "병원":60,
            "종합병원":100,
            "공원":80,
            "혐오시설":0,
            "인프라총점":43.4,
            "초등학군":89.98,
            "중학군":36.24,
            "학군총점":46.988,
            "인구수":22.2,
            "인구증감":3.62,
            "인구총점":16.626,
            "일자리":14.06,
            "소득수준":53.81,
            "일자리총점":25.985,
            "가치 총점":44.507,
            "매매실거래년":20220123.0,
            "매매실거래가":16700.0,
            "전세실거래년":20220127.0,
            "전세실거래가":8715.0,
            "전세가율":63.15,
            "장기전세가율평균":79.54,
            "전세가율거품지수":16.39,
            "검색코드":14417,
            "세대수":1620.0,
            "준공년월":"1998-05-26",
            "준공년차":25.0,
            "가까운역이름":"NA",
            "가까운역거리":"NA",
            "역세권여부":"NA",
            "30분이내주요거점역":"NA",
            "30분거점역이름":"NA",
            "1시간이내주요거점역":"NA",
            "1시간거점역이름":"NA",
            "3km이내백화점수":0,
            "5km이내아울렛몰수":0,
            "1km이내대형먀트수":2,
            "500m이내은행수":0,
            "500m이내병원수":11,
            "5km이내대형병원수":3,
            "500m이내공원수":1,
            "3km이내혐오시설수":0,
            "초등학교학업성취도":89.98,
            "중학교학업성취도":59.2,
            "용적률":0,
            "건폐율":0,
            "Y":37.757839,
            "X":128.920181,
            "rank":29.0,
            "area_info":"20평(68.26), 23평(77.11)",
            "last_sales":"2022-01-23,16700.0,23평(77.11)",
            "rank_history":[
                [
                    "202202",
                    29
                ],
                [
                    "202201",
                    33
                ]
            ],
            "rank_gap":4
        },
        {
            "index":411,
            "아파트명":"힐스테이트강릉",
            "투자타입":"일반",
            "전용면적(m2)":"82.61",
            "전용면적(평)":"24평",
            "법정동주소":"강원도 강릉시 회산동 130",
            "도로명주소":"강원도 강릉시 회산로383번길 37",
            "세대수":50,
            "입주년차":80,
            "용적률점수":"--",
            "건폐율점수":"--",
            "세대당주차수":30,
            "난방방식":30,
            "공급면적":"--",
            "전용률":"--",
            "욕실수":100,
            "현관타입":100,
            "주거총점":61.0,
            "지역구공급총점":0.0,
            "역세권":"NA",
            "30분내 이동가능 거점":"NA",
            "1시간내 이동가능 거점":"NA",
            "교통총점":"NA",
            "백화점":0,
            "아울렛몰":0,
            "대형마트":0,
            "은행":0,
            "병원":0,
            "종합병원":100,
            "공원":0,
            "혐오시설":0,
            "인프라총점":20.0,
            "초등학군":89.99,
            "중학군":49.5,
            "학군총점":57.598,
            "인구수":22.2,
            "인구증감":3.62,
            "인구총점":16.626,
            "일자리":14.06,
            "소득수준":53.81,
            "일자리총점":25.985,
            "가치 총점":43.7495,
            "매매실거래년":20220111.0,
            "매매실거래가":43950.0,
            "전세실거래년":20211110.0,
            "전세실거래가":16500.0,
            "전세가율":50.77,
            "장기전세가율평균":79.54,
            "전세가율거품지수":28.77,
            "검색코드":114559,
            "세대수":555.0,
            "준공년월":"2018-10-26",
            "준공년차":5.0,
            "가까운역이름":"NA",
            "가까운역거리":"NA",
            "역세권여부":"NA",
            "30분이내주요거점역":"NA",
            "30분거점역이름":"NA",
            "1시간이내주요거점역":"NA",
            "1시간거점역이름":"NA",
            "3km이내백화점수":0,
            "5km이내아울렛몰수":0,
            "1km이내대형먀트수":0,
            "500m이내은행수":0,
            "500m이내병원수":0,
            "5km이내대형병원수":2,
            "500m이내공원수":0,
            "3km이내혐오시설수":0,
            "초등학교학업성취도":89.99,
            "중학교학업성취도":82.1,
            "용적률":246,
            "건폐율":26,
            "Y":37.741228,
            "X":128.864191,
            "rank":30.0,
            "area_info":"24평(82.61), 30평(99.52), 30평(101.35), 33평(111.19), 33평(111.19)",
            "last_sales":"2022-01-11,43950.0,33평(111.19)",
            "rank_history":[
                [
                    "202202",
                    30
                ],
                [
                    "202201",
                    28
                ]
            ],
            "rank_gap":-2
        },
        {
            "index":83,
            "아파트명":"한라",
            "투자타입":"일반",
            "전용면적(m2)":"81.1",
            "전용면적(평)":"24평",
            "법정동주소":"강원도 강릉시 내곡동 476",
            "도로명주소":"강원도 강릉시 강변로 114",
            "세대수":80,
            "입주년차":0,
            "용적률점수":"--",
            "건폐율점수":"--",
            "세대당주차수":0,
            "난방방식":30,
            "공급면적":"--",
            "전용률":"--",
            "욕실수":50,
            "현관타입":100,
            "주거총점":46.0,
            "지역구공급총점":0.0,
            "역세권":"NA",
            "30분내 이동가능 거점":"NA",
            "1시간내 이동가능 거점":"NA",
            "교통총점":"NA",
            "백화점":0,
            "아울렛몰":0,
            "대형마트":100,
            "은행":0,
            "병원":10,
            "종합병원":100,
            "공원":0,
            "혐오시설":0,
            "인프라총점":36.0,
            "초등학군":89.99,
            "중학군":43.16,
            "학군총점":52.526,
            "인구수":22.2,
            "인구증감":3.62,
            "인구총점":16.626,
            "일자리":14.06,
            "소득수준":53.81,
            "일자리총점":25.985,
            "가치 총점":43.6315,
            "매매실거래년":20220115.0,
            "매매실거래가":17000.0,
            "전세실거래년":20220103.0,
            "전세실거래가":15000.0,
            "전세가율":88.24,
            "장기전세가율평균":79.54,
            "전세가율거품지수":-8.7,
            "검색코드":5905,
            "세대수":724.0,
            "준공년월":"1997-11-10",
            "준공년차":26.0,
            "가까운역이름":"NA",
            "가까운역거리":"NA",
            "역세권여부":"NA",
            "30분이내주요거점역":"NA",
            "30분거점역이름":"NA",
            "1시간이내주요거점역":"NA",
            "1시간거점역이름":"NA",
            "3km이내백화점수":0,
            "5km이내아울렛몰수":0,
            "1km이내대형먀트수":2,
            "500m이내은행수":0,
            "500m이내병원수":2,
            "5km이내대형병원수":3,
            "500m이내공원수":0,
            "3km이내혐오시설수":0,
            "초등학교학업성취도":89.99,
            "중학교학업성취도":71.0,
            "용적률":232,
            "건폐율":22,
            "Y":37.744056,
            "X":128.881012,
            "rank":31.0,
            "area_info":"24평(81.1), 32평(108.86)",
            "last_sales":"2022-01-15,17000.0,24평(81.1)",
            "rank_history":[
                [
                    "202202",
                    31
                ],
                [
                    "202201",
                    32
                ]
            ],
            "rank_gap":1
        },
        {
            "index":373,
            "아파트명":"청송",
            "투자타입":"일반",
            "전용면적(m2)":"103.58",
            "전용면적(평)":"31평",
            "법정동주소":"강원도 강릉시 포남동 1293-2",
            "도로명주소":"강원도 강릉시 하평길 41",
            "세대수":50,
            "입주년차":0,
            "용적률점수":"--",
            "건폐율점수":"--",
            "세대당주차수":0,
            "난방방식":30,
            "공급면적":"--",
            "전용률":"--",
            "욕실수":100,
            "현관타입":10,
            "주거총점":31.5,
            "지역구공급총점":0.0,
            "역세권":"NA",
            "30분내 이동가능 거점":"NA",
            "1시간내 이동가능 거점":"NA",
            "교통총점":"NA",
            "백화점":0,
            "아울렛몰":0,
            "대형마트":100,
            "은행":0,
            "병원":60,
            "종합병원":100,
            "공원":100,
            "혐오시설":0,
            "인프라총점":44.0,
            "초등학군":90.02,
            "중학군":49.0,
            "학군총점":57.204,
            "인구수":22.2,
            "인구증감":3.62,
            "인구총점":16.626,
            "일자리":14.06,
            "소득수준":53.81,
            "일자리총점":25.985,
            "가치 총점":42.926,
            "매매실거래년":20220125.0,
            "매매실거래가":24500.0,
            "전세실거래년":20211119.0,
            "전세실거래가":17000.0,
            "전세가율":69.39,
            "장기전세가율평균":79.54,
            "전세가율거품지수":10.15,
            "검색코드":6072,
            "세대수":540.0,
            "준공년월":"1994-06-30",
            "준공년차":29.0,
            "가까운역이름":"NA",
            "가까운역거리":"NA",
            "역세권여부":"NA",
            "30분이내주요거점역":"NA",
            "30분거점역이름":"NA",
            "1시간이내주요거점역":"NA",
            "1시간거점역이름":"NA",
            "3km이내백화점수":0,
            "5km이내아울렛몰수":0,
            "1km이내대형먀트수":5,
            "500m이내은행수":1,
            "500m이내병원수":10,
            "5km이내대형병원수":3,
            "500m이내공원수":7,
            "3km이내혐오시설수":0,
            "초등학교학업성취도":90.02,
            "중학교학업성취도":81.0,
            "용적률":219,
            "건폐율":21,
            "Y":37.771432,
            "X":128.913652,
            "rank":32.0,
            "area_info":"31평(103.58)",
            "last_sales":"2022-01-25,24500.0,31평(103.58)",
            "rank_history":[
                [
                    "202202",
                    32
                ],
                [
                    "202201",
                    34
                ]
            ],
            "rank_gap":2
        },
        {
            "index":224,
            "아파트명":"입암주공4,5단지",
            "투자타입":"일반",
            "전용면적(m2)":"55.02",
            "전용면적(평)":"16평",
            "법정동주소":"강원도 강릉시 입암동 685",
            "도로명주소":"강원도 강릉시 성덕포남로 89",
            "세대수":80,
            "입주년차":0,
            "용적률점수":"--",
            "건폐율점수":"--",
            "세대당주차수":0,
            "난방방식":80,
            "공급면적":"--",
            "전용률":"--",
            "욕실수":50,
            "현관타입":10,
            "주거총점":42.0,
            "지역구공급총점":0.0,
            "역세권":"NA",
            "30분내 이동가능 거점":"NA",
            "1시간내 이동가능 거점":"NA",
            "교통총점":"NA",
            "백화점":0,
            "아울렛몰":0,
            "대형마트":100,
            "은행":0,
            "병원":60,
            "종합병원":100,
            "공원":0,
            "혐오시설":0,
            "인프라총점":41.0,
            "초등학군":89.98,
            "중학군":36.24,
            "학군총점":46.988,
            "인구수":22.2,
            "인구증감":3.62,
            "인구총점":16.626,
            "일자리":14.06,
            "소득수준":53.81,
            "일자리총점":25.985,
            "가치 총점":42.847,
            "매매실거래년":20220126.0,
            "매매실거래가":10500.0,
            "전세실거래년":20220113.0,
            "전세실거래가":7500.0,
            "전세가율":101.35,
            "장기전세가율평균":79.54,
            "전세가율거품지수":-21.81,
            "검색코드":5980,
            "세대수":880.0,
            "준공년월":"1996-12-10",
            "준공년차":27.0,
            "가까운역이름":"NA",
            "가까운역거리":"NA",
            "역세권여부":"NA",
            "30분이내주요거점역":"NA",
            "30분거점역이름":"NA",
            "1시간이내주요거점역":"NA",
            "1시간거점역이름":"NA",
            "3km이내백화점수":0,
            "5km이내아울렛몰수":0,
            "1km이내대형먀트수":2,
            "500m이내은행수":0,
            "500m이내병원수":10,
            "5km이내대형병원수":3,
            "500m이내공원수":0,
            "3km이내혐오시설수":0,
            "초등학교학업성취도":89.98,
            "중학교학업성취도":59.2,
            "용적률":187,
            "건폐율":18,
            "Y":37.761323,
            "X":128.915934,
            "rank":33.0,
            "area_info":"16평(55.02), 20평(67.5), 23평(77.74)",
            "last_sales":"2022-01-26,10500.0,23평(77.74)",
            "rank_history":[
                [
                    "202202",
                    33
                ],
                [
                    "202201",
                    38
                ]
            ],
            "rank_gap":5
        },
        {
            "index":357,
            "아파트명":"일송",
            "투자타입":"일반",
            "전용면적(m2)":"82.71",
            "전용면적(평)":"25평",
            "법정동주소":"강원도 강릉시 포남동 1293-1",
            "도로명주소":"강원도 강릉시 하평3길 37",
            "세대수":80,
            "입주년차":0,
            "용적률점수":"--",
            "건폐율점수":"--",
            "세대당주차수":0,
            "난방방식":30,
            "공급면적":"--",
            "전용률":"--",
            "욕실수":50,
            "현관타입":10,
            "주거총점":37.0,
            "지역구공급총점":0.0,
            "역세권":"NA",
            "30분내 이동가능 거점":"NA",
            "1시간내 이동가능 거점":"NA",
            "교통총점":"NA",
            "백화점":0,
            "아울렛몰":0,
            "대형마트":100,
            "은행":0,
            "병원":30,
            "종합병원":100,
            "공원":100,
            "혐오시설":0,
            "인프라총점":41.0,
            "초등학군":90.02,
            "중학군":44.16,
            "학군총점":53.332,
            "인구수":22.2,
            "인구증감":3.62,
            "인구총점":16.626,
            "일자리":14.06,
            "소득수준":53.81,
            "일자리총점":25.985,
            "가치 총점":42.683,
            "매매실거래년":20211228.0,
            "매매실거래가":16300.0,
            "전세실거래년":20220104.0,
            "전세실거래가":10500.0,
            "전세가율":64.42,
            "장기전세가율평균":79.54,
            "전세가율거품지수":15.12,
            "검색코드":6059,
            "세대수":795.0,
            "준공년월":"1995-02-28",
            "준공년차":28.0,
            "가까운역이름":"NA",
            "가까운역거리":"NA",
            "역세권여부":"NA",
            "30분이내주요거점역":"NA",
            "30분거점역이름":"NA",
            "1시간이내주요거점역":"NA",
            "1시간거점역이름":"NA",
            "3km이내백화점수":0,
            "5km이내아울렛몰수":0,
            "1km이내대형먀트수":5,
            "500m이내은행수":1,
            "500m이내병원수":9,
            "5km이내대형병원수":3,
            "500m이내공원수":7,
            "3km이내혐오시설수":0,
            "초등학교학업성취도":90.02,
            "중학교학업성취도":73.4,
            "용적률":259,
            "건폐율":23,
            "Y":37.771749,
            "X":128.914701,
            "rank":34.0,
            "area_info":"25평(82.71), 25평(83.08)",
            "last_sales":"2021-12-28,16300.0,25평(82.71)",
            "rank_history":[
                [
                    "202202",
                    34
                ],
                [
                    "202201",
                    31
                ]
            ],
            "rank_gap":-3
        },
        {
            "index":398,
            "아파트명":"홍제힐스테이트",
            "투자타입":"일반",
            "전용면적(m2)":"109.17",
            "전용면적(평)":"33평",
            "법정동주소":"강원도 강릉시 홍제동 1007",
            "도로명주소":"강원도 강릉시 토성로 39",
            "세대수":50,
            "입주년차":40,
            "용적률점수":"--",
            "건폐율점수":"--",
            "세대당주차수":60,
            "난방방식":30,
            "공급면적":"--",
            "전용률":"--",
            "욕실수":100,
            "현관타입":100,
            "주거총점":57.5,
            "지역구공급총점":0.0,
            "역세권":"NA",
            "30분내 이동가능 거점":"NA",
            "1시간내 이동가능 거점":"NA",
            "교통총점":"NA",
            "백화점":0,
            "아울렛몰":0,
            "대형마트":0,
            "은행":0,
            "병원":0,
            "종합병원":100,
            "공원":100,
            "혐오시설":0,
            "인프라총점":23.0,
            "초등학군":89.99,
            "중학군":43.16,
            "학군총점":52.526,
            "인구수":22.2,
            "인구증감":3.62,
            "인구총점":16.626,
            "일자리":14.06,
            "소득수준":53.81,
            "일자리총점":25.985,
            "가치 총점":42.4565,
            "매매실거래년":20220104.0,
            "매매실거래가":44700.0,
            "전세실거래년":20211104.0,
            "전세실거래가":31500.0,
            "전세가율":84.68,
            "장기전세가율평균":79.54,
            "전세가율거품지수":-5.14,
            "검색코드":23252,
            "세대수":493.0,
            "준공년월":"2007-06-29",
            "준공년차":16.0,
            "가까운역이름":"NA",
            "가까운역거리":"NA",
            "역세권여부":"NA",
            "30분이내주요거점역":"NA",
            "30분거점역이름":"NA",
            "1시간이내주요거점역":"NA",
            "1시간거점역이름":"NA",
            "3km이내백화점수":0,
            "5km이내아울렛몰수":0,
            "1km이내대형먀트수":0,
            "500m이내은행수":0,
            "500m이내병원수":1,
            "5km이내대형병원수":3,
            "500m이내공원수":2,
            "3km이내혐오시설수":0,
            "초등학교학업성취도":89.99,
            "중학교학업성취도":71.0,
            "용적률":0,
            "건폐율":0,
            "Y":37.750844,
            "X":128.881762,
            "rank":35.0,
            "area_info":"33평(109.17), 34평(113.83), 34평(115.17), 46평(153.52), 48평(159.06), 54평(179.62)",
            "last_sales":"2022-01-04,44700.0,46평(153.52)",
            "rank_history":[
                [
                    "202202",
                    35
                ],
                [
                    "202201",
                    30
                ]
            ],
            "rank_gap":-5
        },
        {
            "index":45,
            "아파트명":"부영5차(로하스)",
            "투자타입":"일반",
            "전용면적(m2)":"112.41",
            "전용면적(평)":"34평",
            "법정동주소":"강원도 강릉시 교동 1762",
            "도로명주소":"강원도 강릉시 교동광장로 163",
            "세대수":0,
            "입주년차":20,
            "용적률점수":"--",
            "건폐율점수":"--",
            "세대당주차수":30,
            "난방방식":30,
            "공급면적":"--",
            "전용률":"--",
            "욕실수":100,
            "현관타입":100,
            "주거총점":31.5,
            "지역구공급총점":0.0,
            "역세권":"NA",
            "30분내 이동가능 거점":"NA",
            "1시간내 이동가능 거점":"NA",
            "교통총점":"NA",
            "백화점":0,
            "아울렛몰":0,
            "대형마트":80,
            "은행":0,
            "병원":60,
            "종합병원":100,
            "공원":100,
            "혐오시설":0,
            "인프라총점":41.0,
            "초등학군":90.0,
            "중학군":49.5,
            "학군총점":57.6,
            "인구수":22.2,
            "인구증감":3.62,
            "인구총점":16.626,
            "일자리":14.06,
            "소득수준":53.81,
            "일자리총점":25.985,
            "가치 총점":41.825,
            "매매실거래년":20211030.0,
            "매매실거래가":34800.0,
            "전세실거래년":20210925.0,
            "전세실거래가":26000.0,
            "전세가율":74.71,
            "장기전세가율평균":79.54,
            "전세가율거품지수":4.83,
            "검색코드":101031,
            "세대수":240.0,
            "준공년월":"2001-11-23",
            "준공년차":22.0,
            "가까운역이름":"NA",
            "가까운역거리":"NA",
            "역세권여부":"NA",
            "30분이내주요거점역":"NA",
            "30분거점역이름":"NA",
            "1시간이내주요거점역":"NA",
            "1시간거점역이름":"NA",
            "3km이내백화점수":0,
            "5km이내아울렛몰수":0,
            "1km이내대형먀트수":1,
            "500m이내은행수":0,
            "500m이내병원수":18,
            "5km이내대형병원수":3,
            "500m이내공원수":4,
            "3km이내혐오시설수":0,
            "초등학교학업성취도":90.0,
            "중학교학업성취도":82.1,
            "용적률":214,
            "건폐율":16,
            "Y":37.76398,
            "X":128.882985,
            "rank":36.0,
            "area_info":"34평(112.41)",
            "last_sales":"2021-10-30,34800.0,34평(112.41)",
            "rank_history":[
                [
                    "202202",
                    36
                ],
                [
                    "202201",
                    36
                ]
            ],
            "rank_gap":0
        },
        {
            "index":24,
            "아파트명":"교동e-편한세상",
            "투자타입":"일반",
            "전용면적(m2)":"113.25",
            "전용면적(평)":"34평",
            "법정동주소":"강원도 강릉시 교동 357",
            "도로명주소":"강원도 강릉시 종합운동장길 92",
            "세대수":50,
            "입주년차":40,
            "용적률점수":"--",
            "건폐율점수":"--",
            "세대당주차수":30,
            "난방방식":30,
            "공급면적":"--",
            "전용률":"--",
            "욕실수":100,
            "현관타입":100,
            "주거총점":53.0,
            "지역구공급총점":0.0,
            "역세권":"NA",
            "30분내 이동가능 거점":"NA",
            "1시간내 이동가능 거점":"NA",
            "교통총점":"NA",
            "백화점":0,
            "아울렛몰":0,
            "대형마트":0,
            "은행":0,
            "병원":10,
            "종합병원":100,
            "공원":80,
            "혐오시설":0,
            "인프라총점":23.4,
            "초등학군":89.98,
            "중학군":44.36,
            "학군총점":53.484,
            "인구수":22.2,
            "인구증감":3.62,
            "인구총점":16.626,
            "일자리":14.06,
            "소득수준":53.81,
            "일자리총점":25.985,
            "가치 총점":41.281,
            "매매실거래년":20211210.0,
            "매매실거래가":40200.0,
            "전세실거래년":20211217.0,
            "전세실거래가":35000.0,
            "전세가율":87.06,
            "장기전세가율평균":79.54,
            "전세가율거품지수":-7.52,
            "검색코드":19478,
            "세대수":400.0,
            "준공년월":"2006-11-29",
            "준공년차":17.0,
            "가까운역이름":"NA",
            "가까운역거리":"NA",
            "역세권여부":"NA",
            "30분이내주요거점역":"NA",
            "30분거점역이름":"NA",
            "1시간이내주요거점역":"NA",
            "1시간거점역이름":"NA",
            "3km이내백화점수":0,
            "5km이내아울렛몰수":0,
            "1km이내대형먀트수":0,
            "500m이내은행수":0,
            "500m이내병원수":2,
            "5km이내대형병원수":3,
            "500m이내공원수":1,
            "3km이내혐오시설수":0,
            "초등학교학업성취도":89.98,
            "중학교학업성취도":73.4,
            "용적률":260,
            "건폐율":17,
            "Y":37.770429,
            "X":128.895275,
            "rank":37.0,
            "area_info":"34평(113.25), 47평(155.42), 56평(185.69)",
            "last_sales":"2021-12-10,40200.0,34평(113.25)",
            "rank_history":[
                [
                    "202202",
                    37
                ],
                [
                    "202201",
                    35
                ]
            ],
            "rank_gap":-2
        },
        {
            "index":392,
            "아파트명":"홍제한신휴플러스",
            "투자타입":"일반",
            "전용면적(m2)":"83.84",
            "전용면적(평)":"25평",
            "법정동주소":"강원도 강릉시 홍제동 1055",
            "도로명주소":"강원도 강릉시 토성로 56",
            "세대수":30,
            "입주년차":80,
            "용적률점수":"--",
            "건폐율점수":"--",
            "세대당주차수":30,
            "난방방식":30,
            "공급면적":"--",
            "전용률":"--",
            "욕실수":100,
            "현관타입":100,
            "주거총점":54.0,
            "지역구공급총점":0.0,
            "역세권":"NA",
            "30분내 이동가능 거점":"NA",
            "1시간내 이동가능 거점":"NA",
            "교통총점":"NA",
            "백화점":0,
            "아울렛몰":0,
            "대형마트":0,
            "은행":0,
            "병원":0,
            "종합병원":100,
            "공원":100,
            "혐오시설":0,
            "인프라총점":23.0,
            "초등학군":89.99,
            "중학군":43.16,
            "학군총점":52.526,
            "인구수":22.2,
            "인구증감":3.62,
            "인구총점":16.626,
            "일자리":14.06,
            "소득수준":53.81,
            "일자리총점":25.985,
            "가치 총점":41.2315,
            "매매실거래년":20220122.0,
            "매매실거래가":42000.0,
            "전세실거래년":20210520.0,
            "전세실거래가":22000.0,
            "전세가율":73.33,
            "장기전세가율평균":79.54,
            "전세가율거품지수":6.21,
            "검색코드":107011,
            "세대수":391.0,
            "준공년월":"2015-07-24",
            "준공년차":8.0,
            "가까운역이름":"NA",
            "가까운역거리":"NA",
            "역세권여부":"NA",
            "30분이내주요거점역":"NA",
            "30분거점역이름":"NA",
            "1시간이내주요거점역":"NA",
            "1시간거점역이름":"NA",
            "3km이내백화점수":0,
            "5km이내아울렛몰수":0,
            "1km이내대형먀트수":0,
            "500m이내은행수":0,
            "500m이내병원수":1,
            "5km이내대형병원수":3,
            "500m이내공원수":2,
            "3km이내혐오시설수":0,
            "초등학교학업성취도":89.99,
            "중학교학업성취도":71.0,
            "용적률":224,
            "건폐율":16,
            "Y":37.74995,
            "X":128.883247,
            "rank":38.0,
            "area_info":"25평(83.84), 25평(84.61), 25평(85.12), 33평(109.23), 33평(111.93), 34평(112.84)",
            "last_sales":"2022-01-22,42000.0,34평(112.84)",
            "rank_history":[
                [
                    "202202",
                    38
                ],
                [
                    "202201",
                    19
                ]
            ],
            "rank_gap":-19
        },
        {
            "index":22,
            "아파트명":"강릉교동풍림아이원",
            "투자타입":"일반",
            "전용면적(m2)":"92.68",
            "전용면적(평)":"28평",
            "법정동주소":"강원도 강릉시 교동 1984",
            "도로명주소":"강원도 강릉시 화부산로40번길 29",
            "세대수":0,
            "입주년차":80,
            "용적률점수":"--",
            "건폐율점수":"--",
            "세대당주차수":30,
            "난방방식":30,
            "공급면적":"--",
            "전용률":"--",
            "욕실수":100,
            "현관타입":100,
            "주거총점":43.5,
            "지역구공급총점":0.0,
            "역세권":"NA",
            "30분내 이동가능 거점":"NA",
            "1시간내 이동가능 거점":"NA",
            "교통총점":"NA",
            "백화점":0,
            "아울렛몰":0,
            "대형마트":80,
            "은행":0,
            "병원":0,
            "종합병원":100,
            "공원":0,
            "혐오시설":0,
            "인프라총점":32.0,
            "초등학군":90.02,
            "중학군":43.16,
            "학군총점":52.532,
            "인구수":22.2,
            "인구증감":3.62,
            "인구총점":16.626,
            "일자리":14.06,
            "소득수준":53.81,
            "일자리총점":25.985,
            "가치 총점":41.158,
            "매매실거래년":20220125.0,
            "매매실거래가":43500.0,
            "전세실거래년":20190412.0,
            "전세실거래가":19000.0,
            "전세가율":59.38,
            "장기전세가율평균":79.54,
            "전세가율거품지수":20.16,
            "검색코드":110912,
            "세대수":194.0,
            "준공년월":"2017-07-28",
            "준공년차":6.0,
            "가까운역이름":"NA",
            "가까운역거리":"NA",
            "역세권여부":"NA",
            "30분이내주요거점역":"NA",
            "30분거점역이름":"NA",
            "1시간이내주요거점역":"NA",
            "1시간거점역이름":"NA",
            "3km이내백화점수":0,
            "5km이내아울렛몰수":0,
            "1km이내대형먀트수":1,
            "500m이내은행수":0,
            "500m이내병원수":1,
            "5km이내대형병원수":3,
            "500m이내공원수":0,
            "3km이내혐오시설수":0,
            "초등학교학업성취도":90.02,
            "중학교학업성취도":71.0,
            "용적률":230,
            "건폐율":20,
            "Y":37.761124,
            "X":128.889997,
            "rank":39.0,
            "area_info":"28평(92.68), 34평(112.76)",
            "last_sales":"2022-01-25,43500.0,34평(112.76)",
            "rank_history":[
                [
                    "202202",
                    39
                ],
                [
                    "202201",
                    37
                ]
            ],
            "rank_gap":-2
        },
        {
            "index":97,
            "아파트명":"노암신화",
            "투자타입":"일반",
            "전용면적(m2)":"64.76",
            "전용면적(평)":"19평",
            "법정동주소":"강원도 강릉시 노암동 711",
            "도로명주소":"강원도 강릉시 강변로 270",
            "세대수":50,
            "입주년차":0,
            "용적률점수":"--",
            "건폐율점수":"--",
            "세대당주차수":0,
            "난방방식":30,
            "공급면적":"--",
            "전용률":"--",
            "욕실수":50,
            "현관타입":10,
            "주거총점":26.5,
            "지역구공급총점":0.0,
            "역세권":"NA",
            "30분내 이동가능 거점":"NA",
            "1시간내 이동가능 거점":"NA",
            "교통총점":"NA",
            "백화점":0,
            "아울렛몰":0,
            "대형마트":100,
            "은행":20,
            "병원":60,
            "종합병원":100,
            "공원":100,
            "혐오시설":0,
            "인프라총점":46.0,
            "초등학군":89.99,
            "중학군":42.44,
            "학군총점":51.95,
            "인구수":22.2,
            "인구증감":3.62,
            "인구총점":16.626,
            "일자리":14.06,
            "소득수준":53.81,
            "일자리총점":25.985,
            "가치 총점":40.6625,
            "매매실거래년":20211113.0,
            "매매실거래가":24000.0,
            "전세실거래년":20181224.0,
            "전세실거래가":5000.0,
            "전세가율":45.87,
            "장기전세가율평균":79.54,
            "전세가율거품지수":33.67,
            "검색코드":5926,
            "세대수":493.0,
            "준공년월":"1998-03-18",
            "준공년차":25.0,
            "가까운역이름":"NA",
            "가까운역거리":"NA",
            "역세권여부":"NA",
            "30분이내주요거점역":"NA",
            "30분거점역이름":"NA",
            "1시간이내주요거점역":"NA",
            "1시간거점역이름":"NA",
            "3km이내백화점수":0,
            "5km이내아울렛몰수":0,
            "1km이내대형먀트수":2,
            "500m이내은행수":2,
            "500m이내병원수":10,
            "5km이내대형병원수":3,
            "500m이내공원수":2,
            "3km이내혐오시설수":0,
            "초등학교학업성취도":89.99,
            "중학교학업성취도":69.2,
            "용적률":220,
            "건폐율":23,
            "Y":37.748894,
            "X":128.897739,
            "rank":40.0,
            "area_info":"19평(64.76), 23평(78.6), 32평(106.69)",
            "last_sales":"2021-11-13,24000.0,32평(106.69)",
            "rank_history":[
                [
                    "202202",
                    40
                ],
                [
                    "202201",
                    42
                ]
            ],
            "rank_gap":2
        },
        {
            "index":76,
            "아파트명":"내곡현대",
            "투자타입":"일반",
            "전용면적(m2)":"80.08",
            "전용면적(평)":"24평",
            "법정동주소":"강원도 강릉시 내곡동 469",
            "도로명주소":"강원도 강릉시 범일로 645",
            "세대수":50,
            "입주년차":0,
            "용적률점수":"--",
            "건폐율점수":"--",
            "세대당주차수":0,
            "난방방식":30,
            "공급면적":"--",
            "전용률":"--",
            "욕실수":50,
            "현관타입":100,
            "주거총점":35.5,
            "지역구공급총점":0.0,
            "역세권":"NA",
            "30분내 이동가능 거점":"NA",
            "1시간내 이동가능 거점":"NA",
            "교통총점":"NA",
            "백화점":0,
            "아울렛몰":0,
            "대형마트":100,
            "은행":0,
            "병원":10,
            "종합병원":100,
            "공원":0,
            "혐오시설":0,
            "인프라총점":36.0,
            "초등학군":89.99,
            "중학군":43.16,
            "학군총점":52.526,
            "인구수":22.2,
            "인구증감":3.62,
            "인구총점":16.626,
            "일자리":14.06,
            "소득수준":53.81,
            "일자리총점":25.985,
            "가치 총점":39.9565,
            "매매실거래년":20211110.0,
            "매매실거래가":18850.0,
            "전세실거래년":20211127.0,
            "전세실거래가":15000.0,
            "전세가율":79.58,
            "장기전세가율평균":79.54,
            "전세가율거품지수":-0.04,
            "검색코드":5910,
            "세대수":428.0,
            "준공년월":"1998-02-12",
            "준공년차":25.0,
            "가까운역이름":"NA",
            "가까운역거리":"NA",
            "역세권여부":"NA",
            "30분이내주요거점역":"NA",
            "30분거점역이름":"NA",
            "1시간이내주요거점역":"NA",
            "1시간거점역이름":"NA",
            "3km이내백화점수":0,
            "5km이내아울렛몰수":0,
            "1km이내대형먀트수":2,
            "500m이내은행수":0,
            "500m이내병원수":2,
            "5km이내대형병원수":3,
            "500m이내공원수":0,
            "3km이내혐오시설수":0,
            "초등학교학업성취도":89.99,
            "중학교학업성취도":71.0,
            "용적률":225,
            "건폐율":18,
            "Y":37.745227,
            "X":128.883431,
            "rank":41.0,
            "area_info":"24평(80.08), 32평(107.19), 32평(107.05)",
            "last_sales":"2021-11-10,18850.0,24평(80.08)",
            "rank_history":[
                [
                    "202202",
                    41
                ],
                [
                    "202201",
                    45
                ]
            ],
            "rank_gap":4
        },
        {
            "index":7,
            "아파트명":"송정해변신도브래뉴",
            "투자타입":"일반",
            "전용면적(m2)":"79.34",
            "전용면적(평)":"24평",
            "법정동주소":"강원도 강릉시 견소동 289",
            "도로명주소":"강원도 강릉시 경강로2539번길 22",
            "세대수":50,
            "입주년차":40,
            "용적률점수":"--",
            "건폐율점수":"--",
            "세대당주차수":30,
            "난방방식":30,
            "공급면적":"--",
            "전용률":"--",
            "욕실수":100,
            "현관타입":100,
            "주거총점":53.0,
            "지역구공급총점":0.0,
            "역세권":"NA",
            "30분내 이동가능 거점":"NA",
            "1시간내 이동가능 거점":"NA",
            "교통총점":"NA",
            "백화점":0,
            "아울렛몰":0,
            "대형마트":0,
            "은행":0,
            "병원":0,
            "종합병원":100,
            "공원":0,
            "혐오시설":0,
            "인프라총점":20.0,
            "초등학군":90.0,
            "중학군":44.16,
            "학군총점":53.328,
            "인구수":22.2,
            "인구증감":3.62,
            "인구총점":16.626,
            "일자리":14.06,
            "소득수준":53.81,
            "일자리총점":25.985,
            "가치 총점":39.882,
            "매매실거래년":"18000101",
            "매매실거래가":null,
            "전세실거래년":null,
            "전세실거래가":null,
            "전세가율":null,
            "장기전세가율평균":79.54,
            "전세가율거품지수":null,
            "검색코드":14060,
            "세대수":689.0,
            "준공년월":"2005-07-04",
            "준공년차":18.0,
            "가까운역이름":"NA",
            "가까운역거리":"NA",
            "역세권여부":"NA",
            "30분이내주요거점역":"NA",
            "30분거점역이름":"NA",
            "1시간이내주요거점역":"NA",
            "1시간거점역이름":"NA",
            "3km이내백화점수":0,
            "5km이내아울렛몰수":0,
            "1km이내대형먀트수":0,
            "500m이내은행수":0,
            "500m이내병원수":0,
            "5km이내대형병원수":2,
            "500m이내공원수":0,
            "3km이내혐오시설수":0,
            "초등학교학업성취도":90.0,
            "중학교학업성취도":73.4,
            "용적률":211,
            "건폐율":21,
            "Y":37.774986,
            "X":128.939532,
            "rank":42.0,
            "area_info":"24평(79.34), 32평(107.66)",
            "last_sales":"1800-01-01,nan,24평(79.34)",
            "rank_history":[
                [
                    "202202",
                    42
                ],
                [
                    "202201",
                    39
                ]
            ],
            "rank_gap":-3
        },
        {
            "index":348,
            "아파트명":"삼우골든맨션",
            "투자타입":"재건축",
            "전용면적(m2)":"93.62",
            "전용면적(평)":"28평",
            "법정동주소":"강원도 강릉시 포남동 898-17",
            "도로명주소":"강원도 강릉시 용지각길20번길 8",
            "세대수":0,
            "입주년차":"--",
            "용적률점수":20,
            "건폐율점수":100,
            "세대당주차수":"--",
            "난방방식":"--",
            "공급면적":70,
            "전용률":60,
            "욕실수":"--",
            "현관타입":"--",
            "주거총점":34.5,
            "지역구공급총점":0.0,
            "역세권":"NA",
            "30분내 이동가능 거점":"NA",
            "1시간내 이동가능 거점":"NA",
            "교통총점":"NA",
            "백화점":0,
            "아울렛몰":0,
            "대형마트":100,
            "은행":0,
            "병원":10,
            "종합병원":100,
            "공원":100,
            "혐오시설":0,
            "인프라총점":39.0,
            "초등학군":89.98,
            "중학군":36.24,
            "학군총점":46.988,
            "인구수":22.2,
            "인구증감":3.62,
            "인구총점":16.626,
            "일자리":14.06,
            "소득수준":53.81,
            "일자리총점":25.985,
            "가치 총점":39.422,
            "매매실거래년":20210426.0,
            "매매실거래가":29800.0,
            "전세실거래년":20180820.0,
            "전세실거래가":10000.0,
            "전세가율":75.76,
            "장기전세가율평균":79.54,
            "전세가율거품지수":3.78,
            "검색코드":6050,
            "세대수":173.0,
            "준공년월":"1991-04-12",
            "준공년차":32.0,
            "가까운역이름":"NA",
            "가까운역거리":"NA",
            "역세권여부":"NA",
            "30분이내주요거점역":"NA",
            "30분거점역이름":"NA",
            "1시간이내주요거점역":"NA",
            "1시간거점역이름":"NA",
            "3km이내백화점수":0,
            "5km이내아울렛몰수":0,
            "1km이내대형먀트수":2,
            "500m이내은행수":1,
            "500m이내병원수":2,
            "5km이내대형병원수":3,
            "500m이내공원수":3,
            "3km이내혐오시설수":0,
            "초등학교학업성취도":89.98,
            "중학교학업성취도":59.2,
            "용적률":203,
            "건폐율":15,
            "Y":37.760669,
            "X":128.906109,
            "rank":43.0,
            "area_info":"28평(93.62), 33평(110.13), 43평(143.55), 51평(171.63)",
            "last_sales":"2021-04-26,29800.0,51평(171.63)",
            "rank_history":[
                [
                    "202202",
                    43
                ],
                [
                    "202201",
                    44
                ]
            ],
            "rank_gap":1
        },
        {
            "index":9,
            "아파트명":"강릉교동롯데캐슬1단지",
            "투자타입":"일반",
            "전용면적(m2)":"102.74",
            "전용면적(평)":"31평",
            "법정동주소":"강원도 강릉시 교동 1982",
            "도로명주소":"강원도 강릉시 화부산로99번길 12",
            "세대수":0,
            "입주년차":60,
            "용적률점수":"--",
            "건폐율점수":"--",
            "세대당주차수":80,
            "난방방식":30,
            "공급면적":"--",
            "전용률":"--",
            "욕실수":100,
            "현관타입":100,
            "주거총점":47.0,
            "지역구공급총점":0.0,
            "역세권":"NA",
            "30분내 이동가능 거점":"NA",
            "1시간내 이동가능 거점":"NA",
            "교통총점":"NA",
            "백화점":0,
            "아울렛몰":0,
            "대형마트":0,
            "은행":0,
            "병원":10,
            "종합병원":100,
            "공원":100,
            "혐오시설":0,
            "인프라총점":24.0,
            "초등학군":89.98,
            "중학군":44.36,
            "학군총점":53.484,
            "인구수":22.2,
            "인구증감":3.62,
            "인구총점":16.626,
            "일자리":14.06,
            "소득수준":53.81,
            "일자리총점":25.985,
            "가치 총점":39.421,
            "매매실거래년":20210702.0,
            "매매실거래가":58000.0,
            "전세실거래년":20210429.0,
            "전세실거래가":27300.0,
            "전세가율":85.31,
            "장기전세가율평균":79.54,
            "전세가율거품지수":-5.77,
            "검색코드":101918,
            "세대수":286.0,
            "준공년월":"2009-12-21",
            "준공년차":14.0,
            "가까운역이름":"NA",
            "가까운역거리":"NA",
            "역세권여부":"NA",
            "30분이내주요거점역":"NA",
            "30분거점역이름":"NA",
            "1시간이내주요거점역":"NA",
            "1시간거점역이름":"NA",
            "3km이내백화점수":0,
            "5km이내아울렛몰수":0,
            "1km이내대형먀트수":0,
            "500m이내은행수":0,
            "500m이내병원수":3,
            "5km이내대형병원수":3,
            "500m이내공원수":3,
            "3km이내혐오시설수":0,
            "초등학교학업성취도":89.98,
            "중학교학업성취도":73.4,
            "용적률":221,
            "건폐율":19,
            "Y":37.765922,
            "X":128.888342,
            "rank":44.0,
            "area_info":"31평(102.74), 48평(160.67), 48평(161.59), 58평(194.61), 58평(194.46), 88평(292.76)",
            "last_sales":"2021-07-02,58000.0,58평(194.46)",
            "rank_history":[
                [
                    "202202",
                    44
                ],
                [
                    "202201",
                    41
                ]
            ],
            "rank_gap":-3
        },
        {
            "index":329,
            "아파트명":"초당청마루",
            "투자타입":"일반",
            "전용면적(m2)":"106.51",
            "전용면적(평)":"32평",
            "법정동주소":"강원도 강릉시 초당동 554",
            "도로명주소":"강원도 강릉시 연당길 61",
            "세대수":0,
            "입주년차":40,
            "용적률점수":"--",
            "건폐율점수":"--",
            "세대당주차수":30,
            "난방방식":30,
            "공급면적":"--",
            "전용률":"--",
            "욕실수":100,
            "현관타입":50,
            "주거총점":30.5,
            "지역구공급총점":0.0,
            "역세권":"NA",
            "30분내 이동가능 거점":"NA",
            "1시간내 이동가능 거점":"NA",
            "교통총점":"NA",
            "백화점":0,
            "아울렛몰":0,
            "대형마트":100,
            "은행":0,
            "병원":10,
            "종합병원":100,
            "공원":80,
            "혐오시설":0,
            "인프라총점":38.4,
            "초등학군":90.04,
            "중학군":44.16,
            "학군총점":53.336,
            "인구수":22.2,
            "인구증감":3.62,
            "인구총점":16.626,
            "일자리":14.06,
            "소득수준":53.81,
            "일자리총점":25.985,
            "가치 총점":39.369,
            "매매실거래년":20211020.0,
            "매매실거래가":27100.0,
            "전세실거래년":20211207.0,
            "전세실거래가":21000.0,
            "전세가율":77.49,
            "장기전세가율평균":79.54,
            "전세가율거품지수":2.05,
            "검색코드":25733,
            "세대수":142.0,
            "준공년월":"2007-03-20",
            "준공년차":16.0,
            "가까운역이름":"NA",
            "가까운역거리":"NA",
            "역세권여부":"NA",
            "30분이내주요거점역":"NA",
            "30분거점역이름":"NA",
            "1시간이내주요거점역":"NA",
            "1시간거점역이름":"NA",
            "3km이내백화점수":0,
            "5km이내아울렛몰수":0,
            "1km이내대형먀트수":2,
            "500m이내은행수":0,
            "500m이내병원수":2,
            "5km이내대형병원수":3,
            "500m이내공원수":1,
            "3km이내혐오시설수":0,
            "초등학교학업성취도":90.04,
            "중학교학업성취도":73.4,
            "용적률":193,
            "건폐율":34,
            "Y":37.7828,
            "X":128.915257,
            "rank":45.0,
            "area_info":"32평(106.51), 32평(106.62), 44평(146.36)",
            "last_sales":"2021-10-20,27100.0,32평(106.51)",
            "rank_history":[
                [
                    "202202",
                    45
                ],
                [
                    "202201",
                    48
                ]
            ],
            "rank_gap":3
        },
        {
            "index":103,
            "아파트명":"노암한라1차",
            "투자타입":"일반",
            "전용면적(m2)":"76.74",
            "전용면적(평)":"23평",
            "법정동주소":"강원도 강릉시 노암동 390",
            "도로명주소":"강원도 강릉시 노암길42번길 28",
            "세대수":50,
            "입주년차":0,
            "용적률점수":"--",
            "건폐율점수":"--",
            "세대당주차수":0,
            "난방방식":30,
            "공급면적":"--",
            "전용률":"--",
            "욕실수":50,
            "현관타입":100,
            "주거총점":35.5,
            "지역구공급총점":0.0,
            "역세권":"NA",
            "30분내 이동가능 거점":"NA",
            "1시간내 이동가능 거점":"NA",
            "교통총점":"NA",
            "백화점":0,
            "아울렛몰":0,
            "대형마트":80,
            "은행":0,
            "병원":0,
            "종합병원":100,
            "공원":80,
            "혐오시설":0,
            "인프라총점":34.4,
            "초등학군":90.05,
            "중학군":42.44,
            "학군총점":51.962,
            "인구수":22.2,
            "인구증감":3.62,
            "인구총점":16.626,
            "일자리":14.06,
            "소득수준":53.81,
            "일자리총점":25.985,
            "가치 총점":39.1755,
            "매매실거래년":20211203.0,
            "매매실거래가":14500.0,
            "전세실거래년":20211030.0,
            "전세실거래가":11550.0,
            "전세가율":79.66,
            "장기전세가율평균":79.54,
            "전세가율거품지수":-0.12,
            "검색코드":5931,
            "세대수":459.0,
            "준공년월":"1994-05-31",
            "준공년차":29.0,
            "가까운역이름":"NA",
            "가까운역거리":"NA",
            "역세권여부":"NA",
            "30분이내주요거점역":"NA",
            "30분거점역이름":"NA",
            "1시간이내주요거점역":"NA",
            "1시간거점역이름":"NA",
            "3km이내백화점수":0,
            "5km이내아울렛몰수":0,
            "1km이내대형먀트수":1,
            "500m이내은행수":0,
            "500m이내병원수":1,
            "5km이내대형병원수":3,
            "500m이내공원수":1,
            "3km이내혐오시설수":0,
            "초등학교학업성취도":90.05,
            "중학교학업성취도":69.2,
            "용적률":180,
            "건폐율":18,
            "Y":37.74515,
            "X":128.901892,
            "rank":46.0,
            "area_info":"23평(76.74), 31평(103.96), 38평(126.67), 40평(135.27), 46평(152.73), 48평(159.94)",
            "last_sales":"2021-12-03,14500.0,23평(76.74)",
            "rank_history":[
                [
                    "202202",
                    46
                ],
                [
                    "202201",
                    56
                ]
            ],
            "rank_gap":10
        },
        {
            "index":146,
            "아파트명":"삼익비치맨션",
            "투자타입":"재건축",
            "전용면적(m2)":"97.11",
            "전용면적(평)":"29평",
            "법정동주소":"강원도 강릉시 송정동 39-10",
            "도로명주소":"강원도 강릉시 해안로 107",
            "세대수":0,
            "입주년차":"--",
            "용적률점수":60,
            "건폐율점수":80,
            "세대당주차수":"--",
            "난방방식":"--",
            "공급면적":70,
            "전용률":80,
            "욕실수":"--",
            "현관타입":"--",
            "주거총점":47.5,
            "지역구공급총점":0.0,
            "역세권":"NA",
            "30분내 이동가능 거점":"NA",
            "1시간내 이동가능 거점":"NA",
            "교통총점":"NA",
            "백화점":0,
            "아울렛몰":0,
            "대형마트":0,
            "은행":0,
            "병원":0,
            "종합병원":100,
            "공원":80,
            "혐오시설":0,
            "인프라총점":22.4,
            "초등학군":90.0,
            "중학군":44.16,
            "학군총점":53.328,
            "인구수":22.2,
            "인구증감":3.62,
            "인구총점":16.626,
            "일자리":14.06,
            "소득수준":53.81,
            "일자리총점":25.985,
            "가치 총점":38.917,
            "매매실거래년":20211108.0,
            "매매실거래가":22500.0,
            "전세실거래년":20211018.0,
            "전세실거래가":17000.0,
            "전세가율":75.56,
            "장기전세가율평균":79.54,
            "전세가율거품지수":3.98,
            "검색코드":5952,
            "세대수":148.0,
            "준공년월":"1992-01-31",
            "준공년차":31.0,
            "가까운역이름":"NA",
            "가까운역거리":"NA",
            "역세권여부":"NA",
            "30분이내주요거점역":"NA",
            "30분거점역이름":"NA",
            "1시간이내주요거점역":"NA",
            "1시간거점역이름":"NA",
            "3km이내백화점수":0,
            "5km이내아울렛몰수":0,
            "1km이내대형먀트수":0,
            "500m이내은행수":0,
            "500m이내병원수":0,
            "5km이내대형병원수":2,
            "500m이내공원수":1,
            "3km이내혐오시설수":0,
            "초등학교학업성취도":90.0,
            "중학교학업성취도":73.4,
            "용적률":199,
            "건폐율":24,
            "Y":37.779072,
            "X":128.933329,
            "rank":47.0,
            "area_info":"29평(97.11)",
            "last_sales":"2021-11-08,22500.0,29평(97.11)",
            "rank_history":[
                [
                    "202202",
                    47
                ],
                [
                    "202201",
                    43
                ]
            ],
            "rank_gap":-4
        },
        {
            "index":324,
            "아파트명":"초당우성",
            "투자타입":"일반",
            "전용면적(m2)":"80.87",
            "전용면적(평)":"24평",
            "법정동주소":"강원도 강릉시 초당동 143",
            "도로명주소":"강원도 강릉시 연당길 67-15",
            "세대수":30,
            "입주년차":0,
            "용적률점수":"--",
            "건폐율점수":"--",
            "세대당주차수":0,
            "난방방식":30,
            "공급면적":"--",
            "전용률":"--",
            "욕실수":50,
            "현관타입":100,
            "주거총점":28.5,
            "지역구공급총점":0.0,
            "역세권":"NA",
            "30분내 이동가능 거점":"NA",
            "1시간내 이동가능 거점":"NA",
            "교통총점":"NA",
            "백화점":0,
            "아울렛몰":0,
            "대형마트":100,
            "은행":0,
            "병원":10,
            "종합병원":100,
            "공원":80,
            "혐오시설":0,
            "인프라총점":38.4,
            "초등학군":90.04,
            "중학군":44.16,
            "학군총점":53.336,
            "인구수":22.2,
            "인구증감":3.62,
            "인구총점":16.626,
            "일자리":14.06,
            "소득수준":53.81,
            "일자리총점":25.985,
            "가치 총점":38.669,
            "매매실거래년":20211224.0,
            "매매실거래가":26400.0,
            "전세실거래년":20211220.0,
            "전세실거래가":13650.0,
            "전세가율":91.0,
            "장기전세가율평균":79.54,
            "전세가율거품지수":-11.46,
            "검색코드":6009,
            "세대수":339.0,
            "준공년월":"1997-12-31",
            "준공년차":26.0,
            "가까운역이름":"NA",
            "가까운역거리":"NA",
            "역세권여부":"NA",
            "30분이내주요거점역":"NA",
            "30분거점역이름":"NA",
            "1시간이내주요거점역":"NA",
            "1시간거점역이름":"NA",
            "3km이내백화점수":0,
            "5km이내아울렛몰수":0,
            "1km이내대형먀트수":2,
            "500m이내은행수":0,
            "500m이내병원수":2,
            "5km이내대형병원수":3,
            "500m이내공원수":1,
            "3km이내혐오시설수":0,
            "초등학교학업성취도":90.04,
            "중학교학업성취도":73.4,
            "용적률":265,
            "건폐율":17,
            "Y":37.782963,
            "X":128.913942,
            "rank":48.0,
            "area_info":"24평(80.87), 32평(106.73)",
            "last_sales":"2021-12-24,26400.0,32평(106.73)",
            "rank_history":[
                [
                    "202202",
                    48
                ],
                [
                    "202201",
                    51
                ]
            ],
            "rank_gap":3
        },
        {
            "index":15,
            "아파트명":"강릉교동롯데캐슬2단지",
            "투자타입":"일반",
            "전용면적(m2)":"110.75",
            "전용면적(평)":"33평",
            "법정동주소":"강원도 강릉시 교동 1983",
            "도로명주소":"강원도 강릉시 화부산로111번길 24",
            "세대수":0,
            "입주년차":60,
            "용적률점수":"--",
            "건폐율점수":"--",
            "세대당주차수":60,
            "난방방식":30,
            "공급면적":"--",
            "전용률":"--",
            "욕실수":100,
            "현관타입":100,
            "주거총점":44.0,
            "지역구공급총점":0.0,
            "역세권":"NA",
            "30분내 이동가능 거점":"NA",
            "1시간내 이동가능 거점":"NA",
            "교통총점":"NA",
            "백화점":0,
            "아울렛몰":0,
            "대형마트":0,
            "은행":0,
            "병원":10,
            "종합병원":100,
            "공원":100,
            "혐오시설":0,
            "인프라총점":24.0,
            "초등학군":89.98,
            "중학군":44.36,
            "학군총점":53.484,
            "인구수":22.2,
            "인구증감":3.62,
            "인구총점":16.626,
            "일자리":14.06,
            "소득수준":53.81,
            "일자리총점":25.985,
            "가치 총점":38.371,
            "매매실거래년":20211211.0,
            "매매실거래가":61700.0,
            "전세실거래년":20210326.0,
            "전세실거래가":33000.0,
            "전세가율":80.49,
            "장기전세가율평균":79.54,
            "전세가율거품지수":-0.95,
            "검색코드":101921,
            "세대수":295.0,
            "준공년월":"2009-12-28",
            "준공년차":14.0,
            "가까운역이름":"NA",
            "가까운역거리":"NA",
            "역세권여부":"NA",
            "30분이내주요거점역":"NA",
            "30분거점역이름":"NA",
            "1시간이내주요거점역":"NA",
            "1시간거점역이름":"NA",
            "3km이내백화점수":0,
            "5km이내아울렛몰수":0,
            "1km이내대형먀트수":0,
            "500m이내은행수":0,
            "500m이내병원수":3,
            "5km이내대형병원수":3,
            "500m이내공원수":2,
            "3km이내혐오시설수":0,
            "초등학교학업성취도":89.98,
            "중학교학업성취도":73.4,
            "용적률":230,
            "건폐율":21,
            "Y":37.767243,
            "X":128.890027,
            "rank":49.0,
            "area_info":"33평(110.75), 44평(146.02), 48평(160.85)",
            "last_sales":"2021-12-11,61700.0,48평(160.85)",
            "rank_history":[
                [
                    "202202",
                    49
                ],
                [
                    "202201",
                    46
                ]
            ],
            "rank_gap":-3
        },
        {
            "index":359,
            "아파트명":"주공1차",
            "투자타입":"재건축",
            "전용면적(m2)":"41.98",
            "전용면적(평)":"12평",
            "법정동주소":"강원도 강릉시 포남동 1065",
            "도로명주소":"강원도 강릉시 보래미상길 65",
            "세대수":50,
            "입주년차":"--",
            "용적률점수":0,
            "건폐율점수":0,
            "세대당주차수":"--",
            "난방방식":"--",
            "공급면적":50,
            "전용률":100,
            "욕실수":"--",
            "현관타입":"--",
            "주거총점":22.5,
            "지역구공급총점":0.0,
            "역세권":"NA",
            "30분내 이동가능 거점":"NA",
            "1시간내 이동가능 거점":"NA",
            "교통총점":"NA",
            "백화점":0,
            "아울렛몰":0,
            "대형마트":100,
            "은행":0,
            "병원":0,
            "종합병원":100,
            "공원":100,
            "혐오시설":0,
            "인프라총점":38.0,
            "초등학군":89.99,
            "중학군":49.0,
            "학군총점":57.198,
            "인구수":22.2,
            "인구증감":3.62,
            "인구총점":16.626,
            "일자리":14.06,
            "소득수준":53.81,
            "일자리총점":25.985,
            "가치 총점":37.3745,
            "매매실거래년":20220103.0,
            "매매실거래가":17200.0,
            "전세실거래년":20211215.0,
            "전세실거래가":3500.0,
            "전세가율":20.0,
            "장기전세가율평균":79.54,
            "전세가율거품지수":59.54,
            "검색코드":6062,
            "세대수":640.0,
            "준공년월":"1981-10-30",
            "준공년차":42.0,
            "가까운역이름":"NA",
            "가까운역거리":"NA",
            "역세권여부":"NA",
            "30분이내주요거점역":"NA",
            "30분거점역이름":"NA",
            "1시간이내주요거점역":"NA",
            "1시간거점역이름":"NA",
            "3km이내백화점수":0,
            "5km이내아울렛몰수":0,
            "1km이내대형먀트수":4,
            "500m이내은행수":0,
            "500m이내병원수":1,
            "5km이내대형병원수":3,
            "500m이내공원수":2,
            "3km이내혐오시설수":0,
            "초등학교학업성취도":89.99,
            "중학교학업성취도":81.0,
            "용적률":0,
            "건폐율":0,
            "Y":37.775132,
            "X":128.909441,
            "rank":50.0,
            "area_info":"12평(41.98), 12평(41.99), 12평(42.54), 12평(42.55)",
            "last_sales":"2022-01-03,17200.0,12평(42.55)",
            "rank_history":[
                [
                    "202202",
                    50
                ],
                [
                    "202201",
                    49
                ]
            ],
            "rank_gap":-1
        },
        {
            "index":137,
            "아파트명":"경포대신도브래뉴로얄카운티",
            "투자타입":"일반",
            "전용면적(m2)":"154.77",
            "전용면적(평)":"46평",
            "법정동주소":"강원도 강릉시 송정동 1061",
            "도로명주소":"강원도 강릉시 해안로 93-8",
            "세대수":0,
            "입주년차":40,
            "용적률점수":"--",
            "건폐율점수":"--",
            "세대당주차수":80,
            "난방방식":30,
            "공급면적":"--",
            "전용률":"--",
            "욕실수":100,
            "현관타입":100,
            "주거총점":43.0,
            "지역구공급총점":0.0,
            "역세권":"NA",
            "30분내 이동가능 거점":"NA",
            "1시간내 이동가능 거점":"NA",
            "교통총점":"NA",
            "백화점":0,
            "아울렛몰":0,
            "대형마트":0,
            "은행":0,
            "병원":0,
            "종합병원":100,
            "공원":80,
            "혐오시설":0,
            "인프라총점":22.4,
            "초등학군":90.0,
            "중학군":44.16,
            "학군총점":53.328,
            "인구수":22.2,
            "인구증감":3.62,
            "인구총점":16.626,
            "일자리":14.06,
            "소득수준":53.81,
            "일자리총점":25.985,
            "가치 총점":37.342,
            "매매실거래년":20211016.0,
            "매매실거래가":63500.0,
            "전세실거래년":20210503.0,
            "전세실거래가":39000.0,
            "전세가율":86.67,
            "장기전세가율평균":79.54,
            "전세가율거품지수":-7.13,
            "검색코드":22960,
            "세대수":229.0,
            "준공년월":"2007-02-23",
            "준공년차":16.0,
            "가까운역이름":"NA",
            "가까운역거리":"NA",
            "역세권여부":"NA",
            "30분이내주요거점역":"NA",
            "30분거점역이름":"NA",
            "1시간이내주요거점역":"NA",
            "1시간거점역이름":"NA",
            "3km이내백화점수":0,
            "5km이내아울렛몰수":0,
            "1km이내대형먀트수":0,
            "500m이내은행수":0,
            "500m이내병원수":0,
            "5km이내대형병원수":2,
            "500m이내공원수":1,
            "3km이내혐오시설수":0,
            "초등학교학업성취도":90.0,
            "중학교학업성취도":73.4,
            "용적률":248,
            "건폐율":20,
            "Y":37.778596,
            "X":128.934219,
            "rank":51.0,
            "area_info":"46평(154.77), 48평(160.56), 57평(191.07), 58평(192.21)",
            "last_sales":"2021-10-16,63500.0,58평(192.21)",
            "rank_history":[
                [
                    "202202",
                    51
                ],
                [
                    "202201",
                    47
                ]
            ],
            "rank_gap":-4
        },
        {
            "index":298,
            "아파트명":"주문진삼부르네상스",
            "투자타입":"일반",
            "전용면적(m2)":"83.69",
            "전용면적(평)":"25평",
            "법정동주소":"강원도 강릉시 주문진읍 주문리 1586",
            "도로명주소":"강원도 강릉시 철둑길 45-11",
            "세대수":0,
            "입주년차":100,
            "용적률점수":"--",
            "건폐율점수":"--",
            "세대당주차수":60,
            "난방방식":30,
            "공급면적":"--",
            "전용률":"--",
            "욕실수":100,
            "현관타입":100,
            "주거총점":52.0,
            "지역구공급총점":0.0,
            "역세권":"NA",
            "30분내 이동가능 거점":"NA",
            "1시간내 이동가능 거점":"NA",
            "교통총점":"NA",
            "백화점":0,
            "아울렛몰":0,
            "대형마트":80,
            "은행":0,
            "병원":60,
            "종합병원":0,
            "공원":80,
            "혐오시설":0,
            "인프라총점":20.4,
            "초등학군":90.02,
            "중학군":31.0,
            "학군총점":42.804,
            "인구수":22.2,
            "인구증감":3.62,
            "인구총점":16.626,
            "일자리":14.06,
            "소득수준":53.81,
            "일자리총점":25.985,
            "가치 총점":37.061,
            "매매실거래년":20211025.0,
            "매매실거래가":25230.0,
            "전세실거래년":20210813.0,
            "전세실거래가":18000.0,
            "전세가율":null,
            "장기전세가율평균":79.54,
            "전세가율거품지수":null,
            "검색코드":126142,
            "세대수":214.0,
            "준공년월":"2021-08-31",
            "준공년차":2.0,
            "가까운역이름":"NA",
            "가까운역거리":"NA",
            "역세권여부":"NA",
            "30분이내주요거점역":"NA",
            "30분거점역이름":"NA",
            "1시간이내주요거점역":"NA",
            "1시간거점역이름":"NA",
            "3km이내백화점수":0,
            "5km이내아울렛몰수":0,
            "1km이내대형먀트수":1,
            "500m이내은행수":1,
            "500m이내병원수":20,
            "5km이내대형병원수":0,
            "500m이내공원수":1,
            "3km이내혐오시설수":0,
            "초등학교학업성취도":90.02,
            "중학교학업성취도":51.4,
            "용적률":248,
            "건폐율":24,
            "Y":37.891836,
            "X":128.823537,
            "rank":52.0,
            "area_info":"25평(83.69), 31평(103.6), 31평(103.6), 31평(103.95), 36평(120.58), 36평(120.81)",
            "last_sales":"2021-10-25,25230.0,31평(103.6)",
            "rank_history":[
                [
                    "202202",
                    52
                ],
                [
                    "202201",
                    69
                ]
            ],
            "rank_gap":17
        },
        {
            "index":234,
            "아파트명":"태평양",
            "투자타입":"일반",
            "전용면적(m2)":"32.2",
            "전용면적(평)":"9평",
            "법정동주소":"강원도 강릉시 입암동 506-5",
            "도로명주소":"강원도 강릉시 강변로410번길 31-5",
            "세대수":50,
            "입주년차":0,
            "용적률점수":"--",
            "건폐율점수":"--",
            "세대당주차수":0,
            "난방방식":30,
            "공급면적":"--",
            "전용률":"--",
            "욕실수":50,
            "현관타입":100,
            "주거총점":35.5,
            "지역구공급총점":0.0,
            "역세권":"NA",
            "30분내 이동가능 거점":"NA",
            "1시간내 이동가능 거점":"NA",
            "교통총점":"NA",
            "백화점":0,
            "아울렛몰":0,
            "대형마트":80,
            "은행":0,
            "병원":0,
            "종합병원":100,
            "공원":0,
            "혐오시설":0,
            "인프라총점":32.0,
            "초등학군":89.98,
            "중학군":36.24,
            "학군총점":46.988,
            "인구수":22.2,
            "인구증감":3.62,
            "인구총점":16.626,
            "일자리":14.06,
            "소득수준":53.81,
            "일자리총점":25.985,
            "가치 총점":36.972,
            "매매실거래년":20220113.0,
            "매매실거래가":8000.0,
            "전세실거래년":20170105.0,
            "전세실거래가":3800.0,
            "전세가율":84.44,
            "장기전세가율평균":79.54,
            "전세가율거품지수":-4.9,
            "검색코드":105759,
            "세대수":460.0,
            "준공년월":"1998-10-15",
            "준공년차":25.0,
            "가까운역이름":"NA",
            "가까운역거리":"NA",
            "역세권여부":"NA",
            "30분이내주요거점역":"NA",
            "30분거점역이름":"NA",
            "1시간이내주요거점역":"NA",
            "1시간거점역이름":"NA",
            "3km이내백화점수":0,
            "5km이내아울렛몰수":0,
            "1km이내대형먀트수":1,
            "500m이내은행수":0,
            "500m이내병원수":1,
            "5km이내대형병원수":3,
            "500m이내공원수":0,
            "3km이내혐오시설수":0,
            "초등학교학업성취도":89.98,
            "중학교학업성취도":59.2,
            "용적률":268,
            "건폐율":23,
            "Y":37.756293,
            "X":128.912808,
            "rank":53.0,
            "area_info":"9평(32.2), 14평(47.46), 16평(53.78)",
            "last_sales":"2022-01-13,8000.0,16평(53.78)",
            "rank_history":[
                [
                    "202202",
                    53
                ],
                [
                    "202201",
                    50
                ]
            ],
            "rank_gap":-3
        },
        {
            "index":317,
            "아파트명":"아트피아",
            "투자타입":"일반",
            "전용면적(m2)":"44.61",
            "전용면적(평)":"13평",
            "법정동주소":"강원도 강릉시 초당동 553",
            "도로명주소":"강원도 강릉시 연당길 89",
            "세대수":0,
            "입주년차":40,
            "용적률점수":"--",
            "건폐율점수":"--",
            "세대당주차수":0,
            "난방방식":30,
            "공급면적":"--",
            "전용률":"--",
            "욕실수":50,
            "현관타입":100,
            "주거총점":26.0,
            "지역구공급총점":0.0,
            "역세권":"NA",
            "30분내 이동가능 거점":"NA",
            "1시간내 이동가능 거점":"NA",
            "교통총점":"NA",
            "백화점":0,
            "아울렛몰":0,
            "대형마트":100,
            "은행":0,
            "병원":10,
            "종합병원":100,
            "공원":0,
            "혐오시설":0,
            "인프라총점":36.0,
            "초등학군":90.04,
            "중학군":44.16,
            "학군총점":53.336,
            "인구수":22.2,
            "인구증감":3.62,
            "인구총점":16.626,
            "일자리":14.06,
            "소득수준":53.81,
            "일자리총점":25.985,
            "가치 총점":36.834,
            "매매실거래년":"18000101",
            "매매실거래가":null,
            "전세실거래년":20190909.0,
            "전세실거래가":5500.0,
            "전세가율":null,
            "장기전세가율평균":79.54,
            "전세가율거품지수":null,
            "검색코드":128929,
            "세대수":267.0,
            "준공년월":"2005-09-02",
            "준공년차":18.0,
            "가까운역이름":"NA",
            "가까운역거리":"NA",
            "역세권여부":"NA",
            "30분이내주요거점역":"NA",
            "30분거점역이름":"NA",
            "1시간이내주요거점역":"NA",
            "1시간거점역이름":"NA",
            "3km이내백화점수":0,
            "5km이내아울렛몰수":0,
            "1km이내대형먀트수":2,
            "500m이내은행수":0,
            "500m이내병원수":2,
            "5km이내대형병원수":3,
            "500m이내공원수":0,
            "3km이내혐오시설수":0,
            "초등학교학업성취도":90.04,
            "중학교학업성취도":73.4,
            "용적률":0,
            "건폐율":0,
            "Y":37.78507,
            "X":128.913428,
            "rank":54.0,
            "area_info":"13평(44.61), 17평(56.98)",
            "last_sales":"1800-01-01,nan,13평(44.61)",
            "rank_history":[
                [
                    "202202",
                    54
                ],
                [
                    "202201",
                    53
                ]
            ],
            "rank_gap":-1
        },
        {
            "index":141,
            "아파트명":"대림맨션",
            "투자타입":"재건축",
            "전용면적(m2)":"101.43",
            "전용면적(평)":"30평",
            "법정동주소":"강원도 강릉시 송정동 940-23",
            "도로명주소":"강원도 강릉시 남강초교2길 44",
            "세대수":0,
            "입주년차":"--",
            "용적률점수":0,
            "건폐율점수":80,
            "세대당주차수":"--",
            "난방방식":"--",
            "공급면적":90,
            "전용률":60,
            "욕실수":"--",
            "현관타입":"--",
            "주거총점":23.5,
            "지역구공급총점":0.0,
            "역세권":"NA",
            "30분내 이동가능 거점":"NA",
            "1시간내 이동가능 거점":"NA",
            "교통총점":"NA",
            "백화점":0,
            "아울렛몰":0,
            "대형마트":100,
            "은행":0,
            "병원":0,
            "종합병원":100,
            "공원":100,
            "혐오시설":0,
            "인프라총점":38.0,
            "초등학군":90.01,
            "중학군":44.16,
            "학군총점":53.33,
            "인구수":22.2,
            "인구증감":3.62,
            "인구총점":16.626,
            "일자리":14.06,
            "소득수준":53.81,
            "일자리총점":25.985,
            "가치 총점":36.7575,
            "매매실거래년":20211228.0,
            "매매실거래가":22000.0,
            "전세실거래년":20211206.0,
            "전세실거래가":11000.0,
            "전세가율":84.62,
            "장기전세가율평균":79.54,
            "전세가율거품지수":-5.08,
            "검색코드":5944,
            "세대수":130.0,
            "준공년월":"1991-10-23",
            "준공년차":32.0,
            "가까운역이름":"NA",
            "가까운역거리":"NA",
            "역세권여부":"NA",
            "30분이내주요거점역":"NA",
            "30분거점역이름":"NA",
            "1시간이내주요거점역":"NA",
            "1시간거점역이름":"NA",
            "3km이내백화점수":0,
            "5km이내아울렛몰수":0,
            "1km이내대형먀트수":3,
            "500m이내은행수":0,
            "500m이내병원수":1,
            "5km이내대형병원수":3,
            "500m이내공원수":2,
            "3km이내혐오시설수":0,
            "초등학교학업성취도":90.01,
            "중학교학업성취도":73.4,
            "용적률":298,
            "건폐율":26,
            "Y":37.769476,
            "X":128.920688,
            "rank":55.0,
            "area_info":"30평(101.43), 33평(110.53), 53평(176.08)",
            "last_sales":"2021-12-28,22000.0,33평(110.53)",
            "rank_history":[
                [
                    "202202",
                    55
                ],
                [
                    "202201",
                    52
                ]
            ],
            "rank_gap":-3
        },
        {
            "index":292,
            "아파트명":"주문진벽산블루밍오션힐스",
            "투자타입":"일반",
            "전용면적(m2)":"79.64",
            "전용면적(평)":"24평",
            "법정동주소":"강원도 강릉시 주문진읍 교항리 1269",
            "도로명주소":"강원도 강릉시 장성로 25",
            "세대수":0,
            "입주년차":100,
            "용적률점수":"--",
            "건폐율점수":"--",
            "세대당주차수":60,
            "난방방식":30,
            "공급면적":"--",
            "전용률":"--",
            "욕실수":100,
            "현관타입":100,
            "주거총점":52.0,
            "지역구공급총점":0.0,
            "역세권":"NA",
            "30분내 이동가능 거점":"NA",
            "1시간내 이동가능 거점":"NA",
            "교통총점":"NA",
            "백화점":0,
            "아울렛몰":0,
            "대형마트":80,
            "은행":0,
            "병원":60,
            "종합병원":0,
            "공원":0,
            "혐오시설":0,
            "인프라총점":18.0,
            "초등학군":90.02,
            "중학군":31.0,
            "학군총점":42.804,
            "인구수":22.2,
            "인구증감":3.62,
            "인구총점":16.626,
            "일자리":14.06,
            "소득수준":53.81,
            "일자리총점":25.985,
            "가치 총점":36.101,
            "매매실거래년":20210712.0,
            "매매실거래가":57380.0,
            "전세실거래년":20210603.0,
            "전세실거래가":20000.0,
            "전세가율":null,
            "장기전세가율평균":79.54,
            "전세가율거품지수":null,
            "검색코드":127188,
            "세대수":113.0,
            "준공년월":"2021-04-01",
            "준공년차":2.0,
            "가까운역이름":"NA",
            "가까운역거리":"NA",
            "역세권여부":"NA",
            "30분이내주요거점역":"NA",
            "30분거점역이름":"NA",
            "1시간이내주요거점역":"NA",
            "1시간거점역이름":"NA",
            "3km이내백화점수":0,
            "5km이내아울렛몰수":0,
            "1km이내대형먀트수":1,
            "500m이내은행수":1,
            "500m이내병원수":14,
            "5km이내대형병원수":0,
            "500m이내공원수":0,
            "3km이내혐오시설수":0,
            "초등학교학업성취도":90.02,
            "중학교학업성취도":51.4,
            "용적률":188,
            "건폐율":21,
            "Y":37.88872,
            "X":128.822821,
            "rank":56.0,
            "area_info":"24평(79.64), 24평(79.64), 33평(110.63), 33평(111.22), 51평(171.0), 52평(173.54)",
            "last_sales":"2021-07-12,57380.0,52평(173.54)",
            "rank_history":[
                [
                    "202202",
                    56
                ],
                [
                    "202201",
                    75
                ]
            ],
            "rank_gap":19
        },
        {
            "index":193,
            "아파트명":"녹원",
            "투자타입":"재건축",
            "전용면적(m2)":"81.51",
            "전용면적(평)":"24평",
            "법정동주소":"강원도 강릉시 입암동 92-1",
            "도로명주소":"강원도 강릉시 월대산로 57",
            "세대수":0,
            "입주년차":"--",
            "용적률점수":0,
            "건폐율점수":80,
            "세대당주차수":"--",
            "난방방식":"--",
            "공급면적":70,
            "전용률":60,
            "욕실수":"--",
            "현관타입":"--",
            "주거총점":22.5,
            "지역구공급총점":0.0,
            "역세권":"NA",
            "30분내 이동가능 거점":"NA",
            "1시간내 이동가능 거점":"NA",
            "교통총점":"NA",
            "백화점":0,
            "아울렛몰":0,
            "대형마트":100,
            "은행":0,
            "병원":60,
            "종합병원":100,
            "공원":0,
            "혐오시설":0,
            "인프라총점":41.0,
            "초등학군":89.98,
            "중학군":36.24,
            "학군총점":46.988,
            "인구수":22.2,
            "인구증감":3.62,
            "인구총점":16.626,
            "일자리":14.06,
            "소득수준":53.81,
            "일자리총점":25.985,
            "가치 총점":36.022,
            "매매실거래년":20210803.0,
            "매매실거래가":15000.0,
            "전세실거래년":20120223.0,
            "전세실거래가":3300.0,
            "전세가율":29.2,
            "장기전세가율평균":79.54,
            "전세가율거품지수":50.34,
            "검색코드":25166,
            "세대수":121.0,
            "준공년월":"1992-12-10",
            "준공년차":31.0,
            "가까운역이름":"NA",
            "가까운역거리":"NA",
            "역세권여부":"NA",
            "30분이내주요거점역":"NA",
            "30분거점역이름":"NA",
            "1시간이내주요거점역":"NA",
            "1시간거점역이름":"NA",
            "3km이내백화점수":0,
            "5km이내아울렛몰수":0,
            "1km이내대형먀트수":2,
            "500m이내은행수":0,
            "500m이내병원수":10,
            "5km이내대형병원수":3,
            "500m이내공원수":0,
            "3km이내혐오시설수":0,
            "초등학교학업성취도":89.98,
            "중학교학업성취도":59.2,
            "용적률":280,
            "건폐율":25,
            "Y":37.760471,
            "X":128.916661,
            "rank":57.0,
            "area_info":"24평(81.51), 26평(87.7), 32평(107.9), 33평(111.8)",
            "last_sales":"2021-08-03,15000.0,33평(111.8)",
            "rank_history":[
                [
                    "202202",
                    57
                ],
                [
                    "202201",
                    60
                ]
            ],
            "rank_gap":3
        },
        {
            "index":380,
            "아파트명":"강릉홍제푸르지오",
            "투자타입":"일반",
            "전용면적(m2)":"107.38",
            "전용면적(평)":"32평",
            "법정동주소":"강원도 강릉시 홍제동 158",
            "도로명주소":"강원도 강릉시 홍제로71번길 1",
            "세대수":0,
            "입주년차":40,
            "용적률점수":"--",
            "건폐율점수":"--",
            "세대당주차수":30,
            "난방방식":30,
            "공급면적":"--",
            "전용률":"--",
            "욕실수":100,
            "현관타입":100,
            "주거총점":35.5,
            "지역구공급총점":0.0,
            "역세권":"NA",
            "30분내 이동가능 거점":"NA",
            "1시간내 이동가능 거점":"NA",
            "교통총점":"NA",
            "백화점":0,
            "아울렛몰":0,
            "대형마트":0,
            "은행":0,
            "병원":10,
            "종합병원":100,
            "공원":100,
            "혐오시설":0,
            "인프라총점":24.0,
            "초등학군":89.99,
            "중학군":43.16,
            "학군총점":52.526,
            "인구수":22.2,
            "인구증감":3.62,
            "인구총점":16.626,
            "일자리":14.06,
            "소득수준":53.81,
            "일자리총점":25.985,
            "가치 총점":35.1565,
            "매매실거래년":20220106.0,
            "매매실거래가":40100.0,
            "전세실거래년":20210831.0,
            "전세실거래가":25000.0,
            "전세가율":86.21,
            "장기전세가율평균":79.54,
            "전세가율거품지수":-6.67,
            "검색코드":17570,
            "세대수":273.0,
            "준공년월":"2005-09-30",
            "준공년차":18.0,
            "가까운역이름":"NA",
            "가까운역거리":"NA",
            "역세권여부":"NA",
            "30분이내주요거점역":"NA",
            "30분거점역이름":"NA",
            "1시간이내주요거점역":"NA",
            "1시간거점역이름":"NA",
            "3km이내백화점수":0,
            "5km이내아울렛몰수":0,
            "1km이내대형먀트수":0,
            "500m이내은행수":0,
            "500m이내병원수":2,
            "5km이내대형병원수":3,
            "500m이내공원수":6,
            "3km이내혐오시설수":0,
            "초등학교학업성취도":89.99,
            "중학교학업성취도":71.0,
            "용적률":175,
            "건폐율":20,
            "Y":37.753476,
            "X":128.883961,
            "rank":58.0,
            "area_info":"32평(107.38), 40평(132.87)",
            "last_sales":"2022-01-06,40100.0,40평(132.87)",
            "rank_history":[
                [
                    "202202",
                    58
                ],
                [
                    "202201",
                    54
                ]
            ],
            "rank_gap":-4
        },
        {
            "index":79,
            "아파트명":"삼익타워맨션",
            "투자타입":"일반",
            "전용면적(m2)":"103.63",
            "전용면적(평)":"31평",
            "법정동주소":"강원도 강릉시 내곡동 136",
            "도로명주소":"강원도 강릉시 남산초교길 65",
            "세대수":0,
            "입주년차":0,
            "용적률점수":"--",
            "건폐율점수":"--",
            "세대당주차수":0,
            "난방방식":30,
            "공급면적":"--",
            "전용률":"--",
            "욕실수":100,
            "현관타입":100,
            "주거총점":23.0,
            "지역구공급총점":0.0,
            "역세권":"NA",
            "30분내 이동가능 거점":"NA",
            "1시간내 이동가능 거점":"NA",
            "교통총점":"NA",
            "백화점":0,
            "아울렛몰":0,
            "대형마트":100,
            "은행":0,
            "병원":0,
            "종합병원":100,
            "공원":0,
            "혐오시설":0,
            "인프라총점":35.0,
            "초등학군":89.99,
            "중학군":42.44,
            "학군총점":51.95,
            "인구수":22.2,
            "인구증감":3.62,
            "인구총점":16.626,
            "일자리":14.06,
            "소득수준":53.81,
            "일자리총점":25.985,
            "가치 총점":35.0375,
            "매매실거래년":20220125.0,
            "매매실거래가":24500.0,
            "전세실거래년":20210719.0,
            "전세실거래가":11000.0,
            "전세가율":78.57,
            "장기전세가율평균":79.54,
            "전세가율거품지수":0.97,
            "검색코드":5890,
            "세대수":212.0,
            "준공년월":"1993-06-30",
            "준공년차":30.0,
            "가까운역이름":"NA",
            "가까운역거리":"NA",
            "역세권여부":"NA",
            "30분이내주요거점역":"NA",
            "30분거점역이름":"NA",
            "1시간이내주요거점역":"NA",
            "1시간거점역이름":"NA",
            "3km이내백화점수":0,
            "5km이내아울렛몰수":0,
            "1km이내대형먀트수":2,
            "500m이내은행수":0,
            "500m이내병원수":1,
            "5km이내대형병원수":3,
            "500m이내공원수":0,
            "3km이내혐오시설수":0,
            "초등학교학업성취도":89.99,
            "중학교학업성취도":69.2,
            "용적률":185,
            "건폐율":19,
            "Y":37.741754,
            "X":128.891083,
            "rank":59.0,
            "area_info":"31평(103.63), 41평(136.24), 41평(137.36), 46평(152.2)",
            "last_sales":"2022-01-25,24500.0,46평(152.2)",
            "rank_history":[
                [
                    "202202",
                    59
                ],
                [
                    "202201",
                    59
                ]
            ],
            "rank_gap":0
        },
        {
            "index":337,
            "아파트명":"강릉7차",
            "투자타입":"재건축",
            "전용면적(m2)":"101.95",
            "전용면적(평)":"30평",
            "법정동주소":"강원도 강릉시 포남동 1183-4",
            "도로명주소":"강원도 강릉시 경강로2301번길 22",
            "세대수":0,
            "입주년차":"--",
            "용적률점수":0,
            "건폐율점수":0,
            "세대당주차수":"--",
            "난방방식":"--",
            "공급면적":90,
            "전용률":80,
            "욕실수":"--",
            "현관타입":"--",
            "주거총점":8.5,
            "지역구공급총점":0.0,
            "역세권":"NA",
            "30분내 이동가능 거점":"NA",
            "1시간내 이동가능 거점":"NA",
            "교통총점":"NA",
            "백화점":0,
            "아울렛몰":0,
            "대형마트":100,
            "은행":0,
            "병원":60,
            "종합병원":100,
            "공원":100,
            "혐오시설":0,
            "인프라총점":44.0,
            "초등학군":90.01,
            "중학군":49.0,
            "학군총점":57.202,
            "인구수":22.2,
            "인구증감":3.62,
            "인구총점":16.626,
            "일자리":14.06,
            "소득수준":53.81,
            "일자리총점":25.985,
            "가치 총점":34.8755,
            "매매실거래년":20211112.0,
            "매매실거래가":19800.0,
            "전세실거래년":20211118.0,
            "전세실거래가":21000.0,
            "전세가율":106.06,
            "장기전세가율평균":79.54,
            "전세가율거품지수":-26.52,
            "검색코드":27238,
            "세대수":100.0,
            "준공년월":"1990-12-20",
            "준공년차":33.0,
            "가까운역이름":"NA",
            "가까운역거리":"NA",
            "역세권여부":"NA",
            "30분이내주요거점역":"NA",
            "30분거점역이름":"NA",
            "1시간이내주요거점역":"NA",
            "1시간거점역이름":"NA",
            "3km이내백화점수":0,
            "5km이내아울렛몰수":0,
            "1km이내대형먀트수":3,
            "500m이내은행수":1,
            "500m이내병원수":13,
            "5km이내대형병원수":3,
            "500m이내공원수":6,
            "3km이내혐오시설수":0,
            "초등학교학업성취도":90.01,
            "중학교학업성취도":81.0,
            "용적률":0,
            "건폐율":0,
            "Y":37.769256,
            "X":128.911912,
            "rank":60.0,
            "area_info":"30평(101.95), 37평(124.7), 41평(136.56)",
            "last_sales":"2021-11-12,19800.0,30평(101.95)",
            "rank_history":[
                [
                    "202202",
                    60
                ],
                [
                    "202201",
                    61
                ]
            ],
            "rank_gap":1
        },
        {
            "index":341,
            "아파트명":"대인4차",
            "투자타입":"일반",
            "전용면적(m2)":"24.86",
            "전용면적(평)":"7평",
            "법정동주소":"강원도 강릉시 포남동 422-3",
            "도로명주소":"강원도 강릉시 강릉대로469번길 14",
            "세대수":0,
            "입주년차":0,
            "용적률점수":"--",
            "건폐율점수":"--",
            "세대당주차수":0,
            "난방방식":30,
            "공급면적":"--",
            "전용률":"--",
            "욕실수":50,
            "현관타입":100,
            "주거총점":18.0,
            "지역구공급총점":0.0,
            "역세권":"NA",
            "30분내 이동가능 거점":"NA",
            "1시간내 이동가능 거점":"NA",
            "교통총점":"NA",
            "백화점":0,
            "아울렛몰":0,
            "대형마트":100,
            "은행":0,
            "병원":0,
            "종합병원":100,
            "공원":100,
            "혐오시설":0,
            "인프라총점":38.0,
            "초등학군":90.02,
            "중학군":44.16,
            "학군총점":53.332,
            "인구수":22.2,
            "인구증감":3.62,
            "인구총점":16.626,
            "일자리":14.06,
            "소득수준":53.81,
            "일자리총점":25.985,
            "가치 총점":34.833,
            "매매실거래년":20220113.0,
            "매매실거래가":3800.0,
            "전세실거래년":20210803.0,
            "전세실거래가":4500.0,
            "전세가율":118.42,
            "장기전세가율평균":79.54,
            "전세가율거품지수":-38.88,
            "검색코드":6035,
            "세대수":174.0,
            "준공년월":"1995-06-30",
            "준공년차":28.0,
            "가까운역이름":"NA",
            "가까운역거리":"NA",
            "역세권여부":"NA",
            "30분이내주요거점역":"NA",
            "30분거점역이름":"NA",
            "1시간이내주요거점역":"NA",
            "1시간거점역이름":"NA",
            "3km이내백화점수":0,
            "5km이내아울렛몰수":0,
            "1km이내대형먀트수":4,
            "500m이내은행수":0,
            "500m이내병원수":0,
            "5km이내대형병원수":3,
            "500m이내공원수":3,
            "3km이내혐오시설수":0,
            "초등학교학업성취도":90.02,
            "중학교학업성취도":73.4,
            "용적률":258,
            "건폐율":25,
            "Y":37.776291,
            "X":128.913406,
            "rank":61.0,
            "area_info":"7평(24.86), 15평(50.29), 30평(102.34), 31평(104.91), 48평(159.5), 48평(159.42)",
            "last_sales":"2022-01-13,3800.0,7평(24.86)",
            "rank_history":[
                [
                    "202202",
                    61
                ],
                [
                    "202201",
                    55
                ]
            ],
            "rank_gap":-6
        },
        {
            "index":322,
            "아파트명":"초당동부",
            "투자타입":"일반",
            "전용면적(m2)":"78.88",
            "전용면적(평)":"23평",
            "법정동주소":"강원도 강릉시 초당동 149-1",
            "도로명주소":"강원도 강릉시 연당길 75",
            "세대수":0,
            "입주년차":0,
            "용적률점수":"--",
            "건폐율점수":"--",
            "세대당주차수":0,
            "난방방식":30,
            "공급면적":"--",
            "전용률":"--",
            "욕실수":50,
            "현관타입":100,
            "주거총점":18.0,
            "지역구공급총점":0.0,
            "역세권":"NA",
            "30분내 이동가능 거점":"NA",
            "1시간내 이동가능 거점":"NA",
            "교통총점":"NA",
            "백화점":0,
            "아울렛몰":0,
            "대형마트":100,
            "은행":0,
            "병원":10,
            "종합병원":100,
            "공원":0,
            "혐오시설":0,
            "인프라총점":36.0,
            "초등학군":90.04,
            "중학군":44.16,
            "학군총점":53.336,
            "인구수":22.2,
            "인구증감":3.62,
            "인구총점":16.626,
            "일자리":14.06,
            "소득수준":53.81,
            "일자리총점":25.985,
            "가치 총점":34.034,
            "매매실거래년":20211216.0,
            "매매실거래가":17800.0,
            "전세실거래년":20210320.0,
            "전세실거래가":14800.0,
            "전세가율":83.15,
            "장기전세가율평균":79.54,
            "전세가율거품지수":-3.61,
            "검색코드":6001,
            "세대수":235.0,
            "준공년월":"1997-12-17",
            "준공년차":26.0,
            "가까운역이름":"NA",
            "가까운역거리":"NA",
            "역세권여부":"NA",
            "30분이내주요거점역":"NA",
            "30분거점역이름":"NA",
            "1시간이내주요거점역":"NA",
            "1시간거점역이름":"NA",
            "3km이내백화점수":0,
            "5km이내아울렛몰수":0,
            "1km이내대형먀트수":2,
            "500m이내은행수":0,
            "500m이내병원수":2,
            "5km이내대형병원수":3,
            "500m이내공원수":0,
            "3km이내혐오시설수":0,
            "초등학교학업성취도":90.04,
            "중학교학업성취도":73.4,
            "용적률":219,
            "건폐율":17,
            "Y":37.784071,
            "X":128.914012,
            "rank":62.0,
            "area_info":"23평(78.88), 31평(105.34)",
            "last_sales":"2021-12-16,17800.0,23평(78.88)",
            "rank_history":[
                [
                    "202202",
                    62
                ],
                [
                    "202201",
                    65
                ]
            ],
            "rank_gap":3
        },
        {
            "index":332,
            "아파트명":"초당현대",
            "투자타입":"일반",
            "전용면적(m2)":"79.9",
            "전용면적(평)":"24평",
            "법정동주소":"강원도 강릉시 초당동 128",
            "도로명주소":"강원도 강릉시 초당원길 26-2",
            "세대수":0,
            "입주년차":0,
            "용적률점수":"--",
            "건폐율점수":"--",
            "세대당주차수":0,
            "난방방식":30,
            "공급면적":"--",
            "전용률":"--",
            "욕실수":50,
            "현관타입":100,
            "주거총점":18.0,
            "지역구공급총점":0.0,
            "역세권":"NA",
            "30분내 이동가능 거점":"NA",
            "1시간내 이동가능 거점":"NA",
            "교통총점":"NA",
            "백화점":0,
            "아울렛몰":0,
            "대형마트":100,
            "은행":0,
            "병원":10,
            "종합병원":100,
            "공원":0,
            "혐오시설":0,
            "인프라총점":36.0,
            "초등학군":90.04,
            "중학군":44.16,
            "학군총점":53.336,
            "인구수":22.2,
            "인구증감":3.62,
            "인구총점":16.626,
            "일자리":14.06,
            "소득수준":53.81,
            "일자리총점":25.985,
            "가치 총점":34.034,
            "매매실거래년":20211223.0,
            "매매실거래가":16450.0,
            "전세실거래년":20210827.0,
            "전세실거래가":14000.0,
            "전세가율":85.11,
            "장기전세가율평균":79.54,
            "전세가율거품지수":-5.57,
            "검색코드":6024,
            "세대수":253.0,
            "준공년월":"1995-03-28",
            "준공년차":28.0,
            "가까운역이름":"NA",
            "가까운역거리":"NA",
            "역세권여부":"NA",
            "30분이내주요거점역":"NA",
            "30분거점역이름":"NA",
            "1시간이내주요거점역":"NA",
            "1시간거점역이름":"NA",
            "3km이내백화점수":0,
            "5km이내아울렛몰수":0,
            "1km이내대형먀트수":2,
            "500m이내은행수":0,
            "500m이내병원수":2,
            "5km이내대형병원수":3,
            "500m이내공원수":0,
            "3km이내혐오시설수":0,
            "초등학교학업성취도":90.04,
            "중학교학업성취도":73.4,
            "용적률":196,
            "건폐율":26,
            "Y":37.784201,
            "X":128.91809,
            "rank":62.0,
            "area_info":"24평(79.9), 28평(94.8), 31평(103.61), 31평(105.41), 44평(147.98)",
            "last_sales":"2021-12-23,16450.0,24평(79.9)",
            "rank_history":[
                [
                    "202202",
                    62
                ],
                [
                    "202201",
                    65
                ]
            ],
            "rank_gap":3
        },
        {
            "index":326,
            "아파트명":"초당유화2차",
            "투자타입":"일반",
            "전용면적(m2)":"57.45",
            "전용면적(평)":"17평",
            "법정동주소":"강원도 강릉시 초당동 181",
            "도로명주소":"강원도 강릉시 연당길 94-6",
            "세대수":0,
            "입주년차":0,
            "용적률점수":"--",
            "건폐율점수":"--",
            "세대당주차수":0,
            "난방방식":30,
            "공급면적":"--",
            "전용률":"--",
            "욕실수":50,
            "현관타입":100,
            "주거총점":18.0,
            "지역구공급총점":0.0,
            "역세권":"NA",
            "30분내 이동가능 거점":"NA",
            "1시간내 이동가능 거점":"NA",
            "교통총점":"NA",
            "백화점":0,
            "아울렛몰":0,
            "대형마트":100,
            "은행":0,
            "병원":10,
            "종합병원":100,
            "공원":0,
            "혐오시설":0,
            "인프라총점":36.0,
            "초등학군":90.04,
            "중학군":44.16,
            "학군총점":53.336,
            "인구수":22.2,
            "인구증감":3.62,
            "인구총점":16.626,
            "일자리":14.06,
            "소득수준":53.81,
            "일자리총점":25.985,
            "가치 총점":34.034,
            "매매실거래년":20211230.0,
            "매매실거래가":10300.0,
            "전세실거래년":20211111.0,
            "전세실거래가":8400.0,
            "전세가율":81.55,
            "장기전세가율평균":79.54,
            "전세가율거품지수":-2.01,
            "검색코드":6014,
            "세대수":136.0,
            "준공년월":"1994-11-22",
            "준공년차":29.0,
            "가까운역이름":"NA",
            "가까운역거리":"NA",
            "역세권여부":"NA",
            "30분이내주요거점역":"NA",
            "30분거점역이름":"NA",
            "1시간이내주요거점역":"NA",
            "1시간거점역이름":"NA",
            "3km이내백화점수":0,
            "5km이내아울렛몰수":0,
            "1km이내대형먀트수":2,
            "500m이내은행수":0,
            "500m이내병원수":2,
            "5km이내대형병원수":3,
            "500m이내공원수":0,
            "3km이내혐오시설수":0,
            "초등학교학업성취도":90.04,
            "중학교학업성취도":73.4,
            "용적률":370,
            "건폐율":34,
            "Y":37.785411,
            "X":128.914233,
            "rank":62.0,
            "area_info":"17평(57.45), 30평(99.55)",
            "last_sales":"2021-12-30,10300.0,17평(57.45)",
            "rank_history":[
                [
                    "202202",
                    62
                ],
                [
                    "202201",
                    65
                ]
            ],
            "rank_gap":3
        },
        {
            "index":328,
            "아파트명":"초당유화3차",
            "투자타입":"일반",
            "전용면적(m2)":"59.48",
            "전용면적(평)":"17평",
            "법정동주소":"강원도 강릉시 초당동 155",
            "도로명주소":"강원도 강릉시 연당길 82",
            "세대수":0,
            "입주년차":0,
            "용적률점수":"--",
            "건폐율점수":"--",
            "세대당주차수":0,
            "난방방식":30,
            "공급면적":"--",
            "전용률":"--",
            "욕실수":50,
            "현관타입":100,
            "주거총점":18.0,
            "지역구공급총점":0.0,
            "역세권":"NA",
            "30분내 이동가능 거점":"NA",
            "1시간내 이동가능 거점":"NA",
            "교통총점":"NA",
            "백화점":0,
            "아울렛몰":0,
            "대형마트":100,
            "은행":0,
            "병원":10,
            "종합병원":100,
            "공원":0,
            "혐오시설":0,
            "인프라총점":36.0,
            "초등학군":90.04,
            "중학군":44.16,
            "학군총점":53.336,
            "인구수":22.2,
            "인구증감":3.62,
            "인구총점":16.626,
            "일자리":14.06,
            "소득수준":53.81,
            "일자리총점":25.985,
            "가치 총점":34.034,
            "매매실거래년":20211213.0,
            "매매실거래가":11770.0,
            "전세실거래년":20220117.0,
            "전세실거래가":11000.0,
            "전세가율":93.46,
            "장기전세가율평균":79.54,
            "전세가율거품지수":-13.92,
            "검색코드":14420,
            "세대수":198.0,
            "준공년월":"1996-06-15",
            "준공년차":27.0,
            "가까운역이름":"NA",
            "가까운역거리":"NA",
            "역세권여부":"NA",
            "30분이내주요거점역":"NA",
            "30분거점역이름":"NA",
            "1시간이내주요거점역":"NA",
            "1시간거점역이름":"NA",
            "3km이내백화점수":0,
            "5km이내아울렛몰수":0,
            "1km이내대형먀트수":2,
            "500m이내은행수":0,
            "500m이내병원수":2,
            "5km이내대형병원수":3,
            "500m이내공원수":0,
            "3km이내혐오시설수":0,
            "초등학교학업성취도":90.04,
            "중학교학업성취도":73.4,
            "용적률":361,
            "건폐율":42,
            "Y":37.784975,
            "X":128.91475,
            "rank":62.0,
            "area_info":"17평(59.48)",
            "last_sales":"2021-12-13,11770.0,17평(59.48)",
            "rank_history":[
                [
                    "202202",
                    62
                ],
                [
                    "202201",
                    65
                ]
            ],
            "rank_gap":3
        },
        {
            "index":216,
            "아파트명":"입암주공1단지",
            "투자타입":"재건축",
            "전용면적(m2)":"44.54",
            "전용면적(평)":"13평",
            "법정동주소":"강원도 강릉시 입암동 641",
            "도로명주소":"강원도 강릉시 강변로 364",
            "세대수":50,
            "입주년차":"--",
            "용적률점수":0,
            "건폐율점수":0,
            "세대당주차수":"--",
            "난방방식":"--",
            "공급면적":50,
            "전용률":100,
            "욕실수":"--",
            "현관타입":"--",
            "주거총점":22.5,
            "지역구공급총점":0.0,
            "역세권":"NA",
            "30분내 이동가능 거점":"NA",
            "1시간내 이동가능 거점":"NA",
            "교통총점":"NA",
            "백화점":0,
            "아울렛몰":0,
            "대형마트":100,
            "은행":0,
            "병원":10,
            "종합병원":100,
            "공원":0,
            "혐오시설":0,
            "인프라총점":36.0,
            "초등학군":90.06,
            "중학군":36.24,
            "학군총점":47.004,
            "인구수":22.2,
            "인구증감":3.62,
            "인구총점":16.626,
            "일자리":14.06,
            "소득수준":53.81,
            "일자리총점":25.985,
            "가치 총점":34.026,
            "매매실거래년":20200701.0,
            "매매실거래가":7000.0,
            "전세실거래년":null,
            "전세실거래가":null,
            "전세가율":null,
            "장기전세가율평균":79.54,
            "전세가율거품지수":null,
            "검색코드":5970,
            "세대수":480.0,
            "준공년월":"1986-10-31",
            "준공년차":37.0,
            "가까운역이름":"NA",
            "가까운역거리":"NA",
            "역세권여부":"NA",
            "30분이내주요거점역":"NA",
            "30분거점역이름":"NA",
            "1시간이내주요거점역":"NA",
            "1시간거점역이름":"NA",
            "3km이내백화점수":0,
            "5km이내아울렛몰수":0,
            "1km이내대형먀트수":3,
            "500m이내은행수":0,
            "500m이내병원수":3,
            "5km이내대형병원수":3,
            "500m이내공원수":0,
            "3km이내혐오시설수":0,
            "초등학교학업성취도":90.06,
            "중학교학업성취도":59.2,
            "용적률":0,
            "건폐율":0,
            "Y":37.754403,
            "X":128.906668,
            "rank":63.0,
            "area_info":"13평(44.54), 13평(45.12), 15평(52.14), 15평(52.5), 15평(52.49)",
            "last_sales":"2020-07-01,7000.0,15평(52.49)",
            "rank_history":[
                [
                    "202202",
                    63
                ],
                [
                    "202201",
                    57
                ]
            ],
            "rank_gap":-6
        },
        {
            "index":239,
            "아파트명":"강릉주문진풍림아이원하버뷰",
            "투자타입":"일반",
            "전용면적(m2)":"81.87",
            "전용면적(평)":"24평",
            "법정동주소":"강원도 강릉시 주문진읍 주문리 329-19",
            "도로명주소":"강원도 강릉시 항구로 40",
            "세대수":0,
            "입주년차":100,
            "용적률점수":"--",
            "건폐율점수":"--",
            "세대당주차수":0,
            "난방방식":30,
            "공급면적":"--",
            "전용률":"--",
            "욕실수":100,
            "현관타입":100,
            "주거총점":43.0,
            "지역구공급총점":0.0,
            "역세권":"NA",
            "30분내 이동가능 거점":"NA",
            "1시간내 이동가능 거점":"NA",
            "교통총점":"NA",
            "백화점":0,
            "아울렛몰":0,
            "대형마트":80,
            "은행":0,
            "병원":60,
            "종합병원":0,
            "공원":80,
            "혐오시설":0,
            "인프라총점":20.4,
            "초등학군":90.12,
            "중학군":31.0,
            "학군총점":42.824,
            "인구수":22.2,
            "인구증감":3.62,
            "인구총점":16.626,
            "일자리":14.06,
            "소득수준":53.81,
            "일자리총점":25.985,
            "가치 총점":33.916,
            "매매실거래년":20211230.0,
            "매매실거래가":21000.0,
            "전세실거래년":20200206.0,
            "전세실거래가":13000.0,
            "전세가율":54.17,
            "장기전세가율평균":79.54,
            "전세가율거품지수":25.37,
            "검색코드":115299,
            "세대수":177.0,
            "준공년월":"2019-02-08",
            "준공년차":4.0,
            "가까운역이름":"NA",
            "가까운역거리":"NA",
            "역세권여부":"NA",
            "30분이내주요거점역":"NA",
            "30분거점역이름":"NA",
            "1시간이내주요거점역":"NA",
            "1시간거점역이름":"NA",
            "3km이내백화점수":0,
            "5km이내아울렛몰수":0,
            "1km이내대형먀트수":1,
            "500m이내은행수":1,
            "500m이내병원수":20,
            "5km이내대형병원수":0,
            "500m이내공원수":1,
            "3km이내혐오시설수":0,
            "초등학교학업성취도":90.12,
            "중학교학업성취도":51.4,
            "용적률":369,
            "건폐율":55,
            "Y":37.892897,
            "X":128.825766,
            "rank":64.0,
            "area_info":"24평(81.87), 24평(82.62), 24평(82.61), 25평(84.94), 27평(90.11), 30평(102.02)",
            "last_sales":"2021-12-30,21000.0,30평(102.02)",
            "rank_history":[
                [
                    "202202",
                    64
                ],
                [
                    "202201",
                    81
                ]
            ],
            "rank_gap":17
        },
        {
            "index":304,
            "아파트명":"주문진서희스타힐스",
            "투자타입":"일반",
            "전용면적(m2)":"80.82",
            "전용면적(평)":"24평",
            "법정동주소":"강원도 강릉시 주문진읍 교항리 21",
            "도로명주소":"강원도 강릉시 연주로 281-21",
            "세대수":50,
            "입주년차":100,
            "용적률점수":"--",
            "건폐율점수":"--",
            "세대당주차수":30,
            "난방방식":30,
            "공급면적":"--",
            "전용률":"--",
            "욕실수":100,
            "현관타입":100,
            "주거총점":65.0,
            "지역구공급총점":0.0,
            "역세권":"NA",
            "30분내 이동가능 거점":"NA",
            "1시간내 이동가능 거점":"NA",
            "교통총점":"NA",
            "백화점":0,
            "아울렛몰":0,
            "대형마트":0,
            "은행":0,
            "병원":10,
            "종합병원":0,
            "공원":0,
            "혐오시설":0,
            "인프라총점":1.0,
            "초등학군":90.02,
            "중학군":31.0,
            "학군총점":42.804,
            "인구수":22.2,
            "인구증감":3.62,
            "인구총점":16.626,
            "일자리":14.06,
            "소득수준":53.81,
            "일자리총점":25.985,
            "가치 총점":33.851,
            "매매실거래년":20210203.0,
            "매매실거래가":18000.0,
            "전세실거래년":null,
            "전세실거래가":null,
            "전세가율":null,
            "장기전세가율평균":79.54,
            "전세가율거품지수":null,
            "검색코드":126282,
            "세대수":416.0,
            "준공년월":"2020-12-11",
            "준공년차":3.0,
            "가까운역이름":"NA",
            "가까운역거리":"NA",
            "역세권여부":"NA",
            "30분이내주요거점역":"NA",
            "30분거점역이름":"NA",
            "1시간이내주요거점역":"NA",
            "1시간거점역이름":"NA",
            "3km이내백화점수":0,
            "5km이내아울렛몰수":0,
            "1km이내대형먀트수":0,
            "500m이내은행수":0,
            "500m이내병원수":2,
            "5km이내대형병원수":0,
            "500m이내공원수":0,
            "3km이내혐오시설수":0,
            "초등학교학업성취도":90.02,
            "중학교학업성취도":51.4,
            "용적률":157,
            "건폐율":14,
            "Y":37.876328,
            "X":128.825343,
            "rank":65.0,
            "area_info":"24평(80.82), 24평(80.82), 24평(81.16), 30평(100.36), 30평(100.36), 30평(100.36), 31평(103.31)",
            "last_sales":"2021-02-03,18000.0,24평(80.82)",
            "rank_history":[
                [
                    "202202",
                    65
                ],
                [
                    "202201",
                    62
                ]
            ],
            "rank_gap":-3
        },
        {
            "index":237,
            "아파트명":"경포현대",
            "투자타입":"일반",
            "전용면적(m2)":"79.31",
            "전용면적(평)":"23평",
            "법정동주소":"강원도 강릉시 저동 4-4",
            "도로명주소":"강원도 강릉시 경포로463번안길 14",
            "세대수":50,
            "입주년차":0,
            "용적률점수":"--",
            "건폐율점수":"--",
            "세대당주차수":0,
            "난방방식":30,
            "공급면적":"--",
            "전용률":"--",
            "욕실수":50,
            "현관타입":100,
            "주거총점":35.5,
            "지역구공급총점":0.0,
            "역세권":"NA",
            "30분내 이동가능 거점":"NA",
            "1시간내 이동가능 거점":"NA",
            "교통총점":"NA",
            "백화점":0,
            "아울렛몰":0,
            "대형마트":0,
            "은행":0,
            "병원":0,
            "종합병원":100,
            "공원":0,
            "혐오시설":0,
            "인프라총점":20.0,
            "초등학군":89.96,
            "중학군":44.16,
            "학군총점":53.32,
            "인구수":22.2,
            "인구증감":3.62,
            "인구총점":16.626,
            "일자리":14.06,
            "소득수준":53.81,
            "일자리총점":25.985,
            "가치 총점":33.755,
            "매매실거래년":20220109.0,
            "매매실거래가":25500.0,
            "전세실거래년":20211128.0,
            "전세실거래가":11540.0,
            "전세가율":45.25,
            "장기전세가율평균":79.54,
            "전세가율거품지수":34.29,
            "검색코드":5995,
            "세대수":400.0,
            "준공년월":"1996-09-20",
            "준공년차":27.0,
            "가까운역이름":"NA",
            "가까운역거리":"NA",
            "역세권여부":"NA",
            "30분이내주요거점역":"NA",
            "30분거점역이름":"NA",
            "1시간이내주요거점역":"NA",
            "1시간거점역이름":"NA",
            "3km이내백화점수":0,
            "5km이내아울렛몰수":0,
            "1km이내대형먀트수":0,
            "500m이내은행수":0,
            "500m이내병원수":0,
            "5km이내대형병원수":3,
            "500m이내공원수":0,
            "3km이내혐오시설수":0,
            "초등학교학업성취도":89.96,
            "중학교학업성취도":73.4,
            "용적률":121,
            "건폐율":24,
            "Y":37.802593,
            "X":128.900319,
            "rank":66.0,
            "area_info":"23평(79.31), 33평(110.64)",
            "last_sales":"2022-01-09,25500.0,23평(79.31)",
            "rank_history":[
                [
                    "202202",
                    66
                ],
                [
                    "202201",
                    58
                ]
            ],
            "rank_gap":-8
        },
        {
            "index":204,
            "아파트명":"에버그린",
            "투자타입":"일반",
            "전용면적(m2)":"77.92",
            "전용면적(평)":"23평",
            "법정동주소":"강원도 강릉시 입암동 543-3",
            "도로명주소":"강원도 강릉시 강변로440번길 30",
            "세대수":0,
            "입주년차":20,
            "용적률점수":"--",
            "건폐율점수":"--",
            "세대당주차수":0,
            "난방방식":30,
            "공급면적":"--",
            "전용률":"--",
            "욕실수":50,
            "현관타입":100,
            "주거총점":22.0,
            "지역구공급총점":0.0,
            "역세권":"NA",
            "30분내 이동가능 거점":"NA",
            "1시간내 이동가능 거점":"NA",
            "교통총점":"NA",
            "백화점":0,
            "아울렛몰":0,
            "대형마트":80,
            "은행":0,
            "병원":30,
            "종합병원":100,
            "공원":0,
            "혐오시설":0,
            "인프라총점":35.0,
            "초등학군":89.98,
            "중학군":36.24,
            "학군총점":46.988,
            "인구수":22.2,
            "인구증감":3.62,
            "인구총점":16.626,
            "일자리":14.06,
            "소득수준":53.81,
            "일자리총점":25.985,
            "가치 총점":33.447,
            "매매실거래년":20211122.0,
            "매매실거래가":16000.0,
            "전세실거래년":20220105.0,
            "전세실거래가":7000.0,
            "전세가율":43.75,
            "장기전세가율평균":79.54,
            "전세가율거품지수":35.79,
            "검색코드":25274,
            "세대수":218.0,
            "준공년월":"2000-11-29",
            "준공년차":23.0,
            "가까운역이름":"NA",
            "가까운역거리":"NA",
            "역세권여부":"NA",
            "30분이내주요거점역":"NA",
            "30분거점역이름":"NA",
            "1시간이내주요거점역":"NA",
            "1시간거점역이름":"NA",
            "3km이내백화점수":0,
            "5km이내아울렛몰수":0,
            "1km이내대형먀트수":1,
            "500m이내은행수":0,
            "500m이내병원수":7,
            "5km이내대형병원수":3,
            "500m이내공원수":0,
            "3km이내혐오시설수":0,
            "초등학교학업성취도":89.98,
            "중학교학업성취도":59.2,
            "용적률":227,
            "건폐율":26,
            "Y":37.761456,
            "X":128.91395,
            "rank":67.0,
            "area_info":"23평(77.92)",
            "last_sales":"2021-11-22,16000.0,23평(77.92)",
            "rank_history":[
                [
                    "202202",
                    67
                ],
                [
                    "202201",
                    63
                ]
            ],
            "rank_gap":-4
        },
        {
            "index":64,
            "아파트명":"기산그린타운",
            "투자타입":"일반",
            "전용면적(m2)":"47.13",
            "전용면적(평)":"14평",
            "법정동주소":"강원도 강릉시 내곡동 267",
            "도로명주소":"강원도 강릉시 범일로 528",
            "세대수":0,
            "입주년차":0,
            "용적률점수":"--",
            "건폐율점수":"--",
            "세대당주차수":0,
            "난방방식":30,
            "공급면적":"--",
            "전용률":"--",
            "욕실수":50,
            "현관타입":100,
            "주거총점":18.0,
            "지역구공급총점":0.0,
            "역세권":"NA",
            "30분내 이동가능 거점":"NA",
            "1시간내 이동가능 거점":"NA",
            "교통총점":"NA",
            "백화점":0,
            "아울렛몰":0,
            "대형마트":100,
            "은행":0,
            "병원":0,
            "종합병원":100,
            "공원":0,
            "혐오시설":0,
            "인프라총점":35.0,
            "초등학군":89.99,
            "중학군":42.44,
            "학군총점":51.95,
            "인구수":22.2,
            "인구증감":3.62,
            "인구총점":16.626,
            "일자리":14.06,
            "소득수준":53.81,
            "일자리총점":25.985,
            "가치 총점":33.2875,
            "매매실거래년":"18000101",
            "매매실거래가":null,
            "전세실거래년":null,
            "전세실거래가":null,
            "전세가율":null,
            "장기전세가율평균":79.54,
            "전세가율거품지수":null,
            "검색코드":106295,
            "세대수":292.0,
            "준공년월":"1997-04-22",
            "준공년차":26.0,
            "가까운역이름":"NA",
            "가까운역거리":"NA",
            "역세권여부":"NA",
            "30분이내주요거점역":"NA",
            "30분거점역이름":"NA",
            "1시간이내주요거점역":"NA",
            "1시간거점역이름":"NA",
            "3km이내백화점수":0,
            "5km이내아울렛몰수":0,
            "1km이내대형먀트수":2,
            "500m이내은행수":0,
            "500m이내병원수":0,
            "5km이내대형병원수":3,
            "500m이내공원수":0,
            "3km이내혐오시설수":0,
            "초등학교학업성취도":89.99,
            "중학교학업성취도":69.2,
            "용적률":69,
            "건폐율":20,
            "Y":37.734819,
            "X":128.881107,
            "rank":68.0,
            "area_info":"14평(47.13), 22평(75.47)",
            "last_sales":"1800-01-01,nan,14평(47.13)",
            "rank_history":[
                [
                    "202202",
                    68
                ],
                [
                    "202201",
                    66
                ]
            ],
            "rank_gap":-2
        },
        {
            "index":109,
            "아파트명":"노암한라3차",
            "투자타입":"일반",
            "전용면적(m2)":"57.4",
            "전용면적(평)":"17평",
            "법정동주소":"강원도 강릉시 노암동 605",
            "도로명주소":"강원도 강릉시 남부로125번길 7",
            "세대수":50,
            "입주년차":20,
            "용적률점수":"--",
            "건폐율점수":"--",
            "세대당주차수":0,
            "난방방식":30,
            "공급면적":"--",
            "전용률":"--",
            "욕실수":50,
            "현관타입":10,
            "주거총점":30.5,
            "지역구공급총점":0.0,
            "역세권":"NA",
            "30분내 이동가능 거점":"NA",
            "1시간내 이동가능 거점":"NA",
            "교통총점":"NA",
            "백화점":0,
            "아울렛몰":0,
            "대형마트":0,
            "은행":0,
            "병원":0,
            "종합병원":100,
            "공원":80,
            "혐오시설":0,
            "인프라총점":22.4,
            "초등학군":89.99,
            "중학군":42.44,
            "학군총점":51.95,
            "인구수":22.2,
            "인구증감":3.62,
            "인구총점":16.626,
            "일자리":14.06,
            "소득수준":53.81,
            "일자리총점":25.985,
            "가치 총점":32.6225,
            "매매실거래년":20220118.0,
            "매매실거래가":16800.0,
            "전세실거래년":20211105.0,
            "전세실거래가":9000.0,
            "전세가율":115.38,
            "장기전세가율평균":79.54,
            "전세가율거품지수":-35.84,
            "검색코드":10052,
            "세대수":496.0,
            "준공년월":"2000-04-14",
            "준공년차":23.0,
            "가까운역이름":"NA",
            "가까운역거리":"NA",
            "역세권여부":"NA",
            "30분이내주요거점역":"NA",
            "30분거점역이름":"NA",
            "1시간이내주요거점역":"NA",
            "1시간거점역이름":"NA",
            "3km이내백화점수":0,
            "5km이내아울렛몰수":0,
            "1km이내대형먀트수":0,
            "500m이내은행수":0,
            "500m이내병원수":1,
            "5km이내대형병원수":3,
            "500m이내공원수":1,
            "3km이내혐오시설수":0,
            "초등학교학업성취도":89.99,
            "중학교학업성취도":69.2,
            "용적률":206,
            "건폐율":21,
            "Y":37.74215,
            "X":128.89324,
            "rank":69.0,
            "area_info":"17평(57.4), 23평(78.46), 28평(94.52)",
            "last_sales":"2022-01-18,16800.0,23평(78.46)",
            "rank_history":[
                [
                    "202202",
                    69
                ],
                [
                    "202201",
                    64
                ]
            ],
            "rank_gap":-5
        },
        {
            "index":340,
            "아파트명":"강부1차",
            "투자타입":"재건축",
            "전용면적(m2)":"61.26",
            "전용면적(평)":"18평",
            "법정동주소":"강원도 강릉시 포남동 1005-249",
            "도로명주소":"강원도 강릉시 경강로2256번길 8",
            "세대수":0,
            "입주년차":"--",
            "용적률점수":0,
            "건폐율점수":0,
            "세대당주차수":"--",
            "난방방식":"--",
            "공급면적":50,
            "전용률":100,
            "욕실수":"--",
            "현관타입":"--",
            "주거총점":7.5,
            "지역구공급총점":0.0,
            "역세권":"NA",
            "30분내 이동가능 거점":"NA",
            "1시간내 이동가능 거점":"NA",
            "교통총점":"NA",
            "백화점":0,
            "아울렛몰":0,
            "대형마트":100,
            "은행":0,
            "병원":10,
            "종합병원":100,
            "공원":100,
            "혐오시설":0,
            "인프라총점":39.0,
            "초등학군":90.01,
            "중학군":49.0,
            "학군총점":57.202,
            "인구수":22.2,
            "인구증감":3.62,
            "인구총점":16.626,
            "일자리":14.06,
            "소득수준":53.81,
            "일자리총점":25.985,
            "가치 총점":32.5255,
            "매매실거래년":20211202.0,
            "매매실거래가":6100.0,
            "전세실거래년":20211215.0,
            "전세실거래가":7000.0,
            "전세가율":114.75,
            "장기전세가율평균":79.54,
            "전세가율거품지수":-35.21,
            "검색코드":6029,
            "세대수":100.0,
            "준공년월":"1987-02-24",
            "준공년차":36.0,
            "가까운역이름":"NA",
            "가까운역거리":"NA",
            "역세권여부":"NA",
            "30분이내주요거점역":"NA",
            "30분거점역이름":"NA",
            "1시간이내주요거점역":"NA",
            "1시간거점역이름":"NA",
            "3km이내백화점수":0,
            "5km이내아울렛몰수":0,
            "1km이내대형먀트수":2,
            "500m이내은행수":0,
            "500m이내병원수":3,
            "5km이내대형병원수":3,
            "500m이내공원수":3,
            "3km이내혐오시설수":0,
            "초등학교학업성취도":90.01,
            "중학교학업성취도":81.0,
            "용적률":0,
            "건폐율":0,
            "Y":37.76432,
            "X":128.909411,
            "rank":70.0,
            "area_info":"18평(61.26)",
            "last_sales":"2021-12-02,6100.0,18평(61.26)",
            "rank_history":[
                [
                    "202202",
                    70
                ],
                [
                    "202201",
                    71
                ]
            ],
            "rank_gap":1
        },
        {
            "index":347,
            "아파트명":"동남",
            "투자타입":"재건축",
            "전용면적(m2)":"60.58",
            "전용면적(평)":"18평",
            "법정동주소":"강원도 강릉시 포남동 1005-248",
            "도로명주소":"강원도 강릉시 경강로2256번길 12",
            "세대수":0,
            "입주년차":"--",
            "용적률점수":0,
            "건폐율점수":0,
            "세대당주차수":"--",
            "난방방식":"--",
            "공급면적":50,
            "전용률":100,
            "욕실수":"--",
            "현관타입":"--",
            "주거총점":7.5,
            "지역구공급총점":0.0,
            "역세권":"NA",
            "30분내 이동가능 거점":"NA",
            "1시간내 이동가능 거점":"NA",
            "교통총점":"NA",
            "백화점":0,
            "아울렛몰":0,
            "대형마트":100,
            "은행":0,
            "병원":10,
            "종합병원":100,
            "공원":100,
            "혐오시설":0,
            "인프라총점":39.0,
            "초등학군":90.01,
            "중학군":49.0,
            "학군총점":57.202,
            "인구수":22.2,
            "인구증감":3.62,
            "인구총점":16.626,
            "일자리":14.06,
            "소득수준":53.81,
            "일자리총점":25.985,
            "가치 총점":32.5255,
            "매매실거래년":20210912.0,
            "매매실거래가":8500.0,
            "전세실거래년":20211009.0,
            "전세실거래가":7000.0,
            "전세가율":82.35,
            "장기전세가율평균":79.54,
            "전세가율거품지수":-2.81,
            "검색코드":6044,
            "세대수":220.0,
            "준공년월":"1985-12-27",
            "준공년차":38.0,
            "가까운역이름":"NA",
            "가까운역거리":"NA",
            "역세권여부":"NA",
            "30분이내주요거점역":"NA",
            "30분거점역이름":"NA",
            "1시간이내주요거점역":"NA",
            "1시간거점역이름":"NA",
            "3km이내백화점수":0,
            "5km이내아울렛몰수":0,
            "1km이내대형먀트수":2,
            "500m이내은행수":0,
            "500m이내병원수":2,
            "5km이내대형병원수":3,
            "500m이내공원수":4,
            "3km이내혐오시설수":0,
            "초등학교학업성취도":90.01,
            "중학교학업성취도":81.0,
            "용적률":0,
            "건폐율":0,
            "Y":37.763376,
            "X":128.909172,
            "rank":70.0,
            "area_info":"18평(60.58)",
            "last_sales":"2021-09-12,8500.0,18평(60.58)",
            "rank_history":[
                [
                    "202202",
                    70
                ],
                [
                    "202201",
                    71
                ]
            ],
            "rank_gap":1
        },
        {
            "index":30,
            "아파트명":"교동민락",
            "투자타입":"재건축",
            "전용면적(m2)":"60.93",
            "전용면적(평)":"18평",
            "법정동주소":"강원도 강릉시 교동 1429-1",
            "도로명주소":"강원도 강릉시 하슬라로10번길 7",
            "세대수":0,
            "입주년차":"--",
            "용적률점수":0,
            "건폐율점수":0,
            "세대당주차수":"--",
            "난방방식":"--",
            "공급면적":50,
            "전용률":100,
            "욕실수":"--",
            "현관타입":"--",
            "주거총점":7.5,
            "지역구공급총점":0.0,
            "역세권":"NA",
            "30분내 이동가능 거점":"NA",
            "1시간내 이동가능 거점":"NA",
            "교통총점":"NA",
            "백화점":0,
            "아울렛몰":0,
            "대형마트":100,
            "은행":0,
            "병원":0,
            "종합병원":100,
            "공원":80,
            "혐오시설":0,
            "인프라총점":37.4,
            "초등학군":89.99,
            "중학군":49.5,
            "학군총점":57.598,
            "인구수":22.2,
            "인구증감":3.62,
            "인구총점":16.626,
            "일자리":14.06,
            "소득수준":53.81,
            "일자리총점":25.985,
            "가치 총점":31.9845,
            "매매실거래년":20211022.0,
            "매매실거래가":7800.0,
            "전세실거래년":20200630.0,
            "전세실거래가":8500.0,
            "전세가율":108.97,
            "장기전세가율평균":79.54,
            "전세가율거품지수":-29.43,
            "검색코드":107566,
            "세대수":106.0,
            "준공년월":"1985-12-27",
            "준공년차":38.0,
            "가까운역이름":"NA",
            "가까운역거리":"NA",
            "역세권여부":"NA",
            "30분이내주요거점역":"NA",
            "30분거점역이름":"NA",
            "1시간이내주요거점역":"NA",
            "1시간거점역이름":"NA",
            "3km이내백화점수":0,
            "5km이내아울렛몰수":0,
            "1km이내대형먀트수":2,
            "500m이내은행수":0,
            "500m이내병원수":0,
            "5km이내대형병원수":3,
            "500m이내공원수":1,
            "3km이내혐오시설수":0,
            "초등학교학업성취도":89.99,
            "중학교학업성취도":82.1,
            "용적률":0,
            "건폐율":0,
            "Y":37.755802,
            "X":128.880141,
            "rank":71.0,
            "area_info":"18평(60.93)",
            "last_sales":"2021-10-22,7800.0,18평(60.93)",
            "rank_history":[
                [
                    "202202",
                    71
                ],
                [
                    "202201",
                    67
                ]
            ],
            "rank_gap":-4
        },
        {
            "index":112,
            "아파트명":"노암현대(610)",
            "투자타입":"일반",
            "전용면적(m2)":"76.59",
            "전용면적(평)":"23평",
            "법정동주소":"강원도 강릉시 노암동 610",
            "도로명주소":"강원도 강릉시 남부로125번길 11",
            "세대수":30,
            "입주년차":0,
            "용적률점수":"--",
            "건폐율점수":"--",
            "세대당주차수":0,
            "난방방식":30,
            "공급면적":"--",
            "전용률":"--",
            "욕실수":50,
            "현관타입":100,
            "주거총점":28.5,
            "지역구공급총점":0.0,
            "역세권":"NA",
            "30분내 이동가능 거점":"NA",
            "1시간내 이동가능 거점":"NA",
            "교통총점":"NA",
            "백화점":0,
            "아울렛몰":0,
            "대형마트":0,
            "은행":0,
            "병원":0,
            "종합병원":100,
            "공원":80,
            "혐오시설":0,
            "인프라총점":22.4,
            "초등학군":89.99,
            "중학군":42.44,
            "학군총점":51.95,
            "인구수":22.2,
            "인구증감":3.62,
            "인구총점":16.626,
            "일자리":14.06,
            "소득수준":53.81,
            "일자리총점":25.985,
            "가치 총점":31.9225,
            "매매실거래년":20220117.0,
            "매매실거래가":12000.0,
            "전세실거래년":20210828.0,
            "전세실거래가":10000.0,
            "전세가율":83.33,
            "장기전세가율평균":79.54,
            "전세가율거품지수":-3.79,
            "검색코드":14415,
            "세대수":352.0,
            "준공년월":"1998-11-26",
            "준공년차":25.0,
            "가까운역이름":"NA",
            "가까운역거리":"NA",
            "역세권여부":"NA",
            "30분이내주요거점역":"NA",
            "30분거점역이름":"NA",
            "1시간이내주요거점역":"NA",
            "1시간거점역이름":"NA",
            "3km이내백화점수":0,
            "5km이내아울렛몰수":0,
            "1km이내대형먀트수":0,
            "500m이내은행수":0,
            "500m이내병원수":1,
            "5km이내대형병원수":3,
            "500m이내공원수":1,
            "3km이내혐오시설수":0,
            "초등학교학업성취도":89.99,
            "중학교학업성취도":69.2,
            "용적률":183,
            "건폐율":19,
            "Y":37.742805,
            "X":128.892775,
            "rank":72.0,
            "area_info":"23평(76.59), 31평(103.85)",
            "last_sales":"2022-01-17,12000.0,23평(76.59)",
            "rank_history":[
                [
                    "202202",
                    72
                ],
                [
                    "202201",
                    72
                ]
            ],
            "rank_gap":0
        },
        {
            "index":0,
            "아파트명":"견소한신",
            "투자타입":"일반",
            "전용면적(m2)":"57.06",
            "전용면적(평)":"17평",
            "법정동주소":"강원도 강릉시 견소동 202",
            "도로명주소":"강원도 강릉시 경강로2539번길 8",
            "세대수":50,
            "입주년차":0,
            "용적률점수":"--",
            "건폐율점수":"--",
            "세대당주차수":0,
            "난방방식":30,
            "공급면적":"--",
            "전용률":"--",
            "욕실수":50,
            "현관타입":10,
            "주거총점":26.5,
            "지역구공급총점":0.0,
            "역세권":"NA",
            "30분내 이동가능 거점":"NA",
            "1시간내 이동가능 거점":"NA",
            "교통총점":"NA",
            "백화점":0,
            "아울렛몰":0,
            "대형마트":0,
            "은행":0,
            "병원":0,
            "종합병원":100,
            "공원":80,
            "혐오시설":0,
            "인프라총점":22.4,
            "초등학군":90.0,
            "중학군":44.16,
            "학군총점":53.328,
            "인구수":22.2,
            "인구증감":3.62,
            "인구총점":16.626,
            "일자리":14.06,
            "소득수준":53.81,
            "일자리총점":25.985,
            "가치 총점":31.567,
            "매매실거래년":20220121.0,
            "매매실거래가":26700.0,
            "전세실거래년":20211211.0,
            "전세실거래가":10000.0,
            "전세가율":77.52,
            "장기전세가율평균":79.54,
            "전세가율거품지수":2.02,
            "검색코드":5819,
            "세대수":555.0,
            "준공년월":"1997-11-05",
            "준공년차":26.0,
            "가까운역이름":"NA",
            "가까운역거리":"NA",
            "역세권여부":"NA",
            "30분이내주요거점역":"NA",
            "30분거점역이름":"NA",
            "1시간이내주요거점역":"NA",
            "1시간거점역이름":"NA",
            "3km이내백화점수":0,
            "5km이내아울렛몰수":0,
            "1km이내대형먀트수":0,
            "500m이내은행수":0,
            "500m이내병원수":0,
            "5km이내대형병원수":2,
            "500m이내공원수":1,
            "3km이내혐오시설수":0,
            "초등학교학업성취도":90.0,
            "중학교학업성취도":73.4,
            "용적률":265,
            "건폐율":24,
            "Y":37.774335,
            "X":128.938383,
            "rank":73.0,
            "area_info":"17평(57.06), 19평(63.34), 23평(77.13), 31평(104.26), 31평(104.07), 31평(104.05), 41평(137.75)",
            "last_sales":"2022-01-21,26700.0,31평(104.26)",
            "rank_history":[
                [
                    "202202",
                    73
                ],
                [
                    "202201",
                    68
                ]
            ],
            "rank_gap":-5
        },
        {
            "index":355,
            "아파트명":"삼화",
            "투자타입":"재건축",
            "전용면적(m2)":"54.51",
            "전용면적(평)":"16평",
            "법정동주소":"강원도 강릉시 포남동 515",
            "도로명주소":"강원도 강릉시 강릉대로419번길 54",
            "세대수":0,
            "입주년차":"--",
            "용적률점수":0,
            "건폐율점수":0,
            "세대당주차수":"--",
            "난방방식":"--",
            "공급면적":50,
            "전용률":80,
            "욕실수":"--",
            "현관타입":"--",
            "주거총점":6.5,
            "지역구공급총점":0.0,
            "역세권":"NA",
            "30분내 이동가능 거점":"NA",
            "1시간내 이동가능 거점":"NA",
            "교통총점":"NA",
            "백화점":0,
            "아울렛몰":0,
            "대형마트":100,
            "은행":0,
            "병원":0,
            "종합병원":100,
            "공원":80,
            "혐오시설":0,
            "인프라총점":37.4,
            "초등학군":89.99,
            "중학군":49.0,
            "학군총점":57.198,
            "인구수":22.2,
            "인구증감":3.62,
            "인구총점":16.626,
            "일자리":14.06,
            "소득수준":53.81,
            "일자리총점":25.985,
            "가치 총점":31.5345,
            "매매실거래년":"18000101",
            "매매실거래가":null,
            "전세실거래년":null,
            "전세실거래가":null,
            "전세가율":null,
            "장기전세가율평균":79.54,
            "전세가율거품지수":null,
            "검색코드":113685,
            "세대수":138.0,
            "준공년월":"1988-09-07",
            "준공년차":35.0,
            "가까운역이름":"NA",
            "가까운역거리":"NA",
            "역세권여부":"NA",
            "30분이내주요거점역":"NA",
            "30분거점역이름":"NA",
            "1시간이내주요거점역":"NA",
            "1시간거점역이름":"NA",
            "3km이내백화점수":0,
            "5km이내아울렛몰수":0,
            "1km이내대형먀트수":2,
            "500m이내은행수":0,
            "500m이내병원수":0,
            "5km이내대형병원수":3,
            "500m이내공원수":1,
            "3km이내혐오시설수":0,
            "초등학교학업성취도":89.99,
            "중학교학업성취도":81.0,
            "용적률":0,
            "건폐율":0,
            "Y":37.775165,
            "X":128.906286,
            "rank":74.0,
            "area_info":"16평(54.51)",
            "last_sales":"1800-01-01,nan,16평(54.51)",
            "rank_history":[
                [
                    "202202",
                    74
                ],
                [
                    "202201",
                    73
                ]
            ],
            "rank_gap":-1
        },
        {
            "index":51,
            "아파트명":"현대",
            "투자타입":"재건축",
            "전용면적(m2)":"81.0",
            "전용면적(평)":"24평",
            "법정동주소":"강원도 강릉시 교동 828-19",
            "도로명주소":"강원도 강릉시 옛강일길 41",
            "세대수":0,
            "입주년차":"--",
            "용적률점수":0,
            "건폐율점수":80,
            "세대당주차수":"--",
            "난방방식":"--",
            "공급면적":70,
            "전용률":80,
            "욕실수":"--",
            "현관타입":"--",
            "주거총점":23.5,
            "지역구공급총점":0.0,
            "역세권":"NA",
            "30분내 이동가능 거점":"NA",
            "1시간내 이동가능 거점":"NA",
            "교통총점":"NA",
            "백화점":0,
            "아울렛몰":0,
            "대형마트":0,
            "은행":0,
            "병원":10,
            "종합병원":100,
            "공원":80,
            "혐오시설":0,
            "인프라총점":23.4,
            "초등학군":89.98,
            "중학군":44.36,
            "학군총점":53.484,
            "인구수":22.2,
            "인구증감":3.62,
            "인구총점":16.626,
            "일자리":14.06,
            "소득수준":53.81,
            "일자리총점":25.985,
            "가치 총점":30.956,
            "매매실거래년":20211208.0,
            "매매실거래가":19250.0,
            "전세실거래년":20210630.0,
            "전세실거래가":13650.0,
            "전세가율":86.94,
            "장기전세가율평균":79.54,
            "전세가율거품지수":-7.4,
            "검색코드":5842,
            "세대수":149.0,
            "준공년월":"1992-06-30",
            "준공년차":31.0,
            "가까운역이름":"NA",
            "가까운역거리":"NA",
            "역세권여부":"NA",
            "30분이내주요거점역":"NA",
            "30분거점역이름":"NA",
            "1시간이내주요거점역":"NA",
            "1시간거점역이름":"NA",
            "3km이내백화점수":0,
            "5km이내아울렛몰수":0,
            "1km이내대형먀트수":0,
            "500m이내은행수":0,
            "500m이내병원수":3,
            "5km이내대형병원수":3,
            "500m이내공원수":1,
            "3km이내혐오시설수":0,
            "초등학교학업성취도":89.98,
            "중학교학업성취도":73.4,
            "용적률":264,
            "건폐율":24,
            "Y":37.76443,
            "X":128.88957,
            "rank":75.0,
            "area_info":"24평(81.0), 29평(96.68), 29평(96.23)",
            "last_sales":"2021-12-08,19250.0,29평(96.68)",
            "rank_history":[
                [
                    "202202",
                    75
                ],
                [
                    "202201",
                    74
                ]
            ],
            "rank_gap":-1
        },
        {
            "index":85,
            "아파트명":"개나리",
            "투자타입":"재건축",
            "전용면적(m2)":"57.22",
            "전용면적(평)":"17평",
            "법정동주소":"강원도 강릉시 노암동 337",
            "도로명주소":"강원도 강릉시 노암길41번길 14",
            "세대수":0,
            "입주년차":"--",
            "용적률점수":0,
            "건폐율점수":0,
            "세대당주차수":"--",
            "난방방식":"--",
            "공급면적":50,
            "전용률":80,
            "욕실수":"--",
            "현관타입":"--",
            "주거총점":6.5,
            "지역구공급총점":0.0,
            "역세권":"NA",
            "30분내 이동가능 거점":"NA",
            "1시간내 이동가능 거점":"NA",
            "교통총점":"NA",
            "백화점":0,
            "아울렛몰":0,
            "대형마트":100,
            "은행":0,
            "병원":10,
            "종합병원":100,
            "공원":100,
            "혐오시설":0,
            "인프라총점":39.0,
            "초등학군":89.99,
            "중학군":42.44,
            "학군총점":51.95,
            "인구수":22.2,
            "인구증감":3.62,
            "인구총점":16.626,
            "일자리":14.06,
            "소득수준":53.81,
            "일자리총점":25.985,
            "가치 총점":30.8625,
            "매매실거래년":"18000101",
            "매매실거래가":null,
            "전세실거래년":null,
            "전세실거래가":null,
            "전세가율":null,
            "장기전세가율평균":79.54,
            "전세가율거품지수":null,
            "검색코드":130624,
            "세대수":102.0,
            "준공년월":"1983-02-02",
            "준공년차":40.0,
            "가까운역이름":"NA",
            "가까운역거리":"NA",
            "역세권여부":"NA",
            "30분이내주요거점역":"NA",
            "30분거점역이름":"NA",
            "1시간이내주요거점역":"NA",
            "1시간거점역이름":"NA",
            "3km이내백화점수":0,
            "5km이내아울렛몰수":0,
            "1km이내대형먀트수":2,
            "500m이내은행수":0,
            "500m이내병원수":2,
            "5km이내대형병원수":3,
            "500m이내공원수":2,
            "3km이내혐오시설수":0,
            "초등학교학업성취도":89.99,
            "중학교학업성취도":69.2,
            "용적률":0,
            "건폐율":0,
            "Y":37.748215,
            "X":128.899243,
            "rank":76.0,
            "area_info":"17평(57.22), 18평(60.95), 19평(63.72), 19평(63.98), 20평(67.71), 21평(70.48), 21평(72.3), 23평(79.06)",
            "last_sales":"1800-01-01,nan,17평(57.22)",
            "rank_history":[
                [
                    "202202",
                    76
                ],
                [
                    "202201",
                    76
                ]
            ],
            "rank_gap":0
        },
        {
            "index":201,
            "아파트명":"대인3차",
            "투자타입":"일반",
            "전용면적(m2)":"81.94",
            "전용면적(평)":"24평",
            "법정동주소":"강원도 강릉시 입암동 506-9",
            "도로명주소":"강원도 강릉시 강변로410번길 27",
            "세대수":0,
            "입주년차":0,
            "용적률점수":"--",
            "건폐율점수":"--",
            "세대당주차수":0,
            "난방방식":30,
            "공급면적":"--",
            "전용률":"--",
            "욕실수":50,
            "현관타입":100,
            "주거총점":18.0,
            "지역구공급총점":0.0,
            "역세권":"NA",
            "30분내 이동가능 거점":"NA",
            "1시간내 이동가능 거점":"NA",
            "교통총점":"NA",
            "백화점":0,
            "아울렛몰":0,
            "대형마트":80,
            "은행":0,
            "병원":0,
            "종합병원":100,
            "공원":0,
            "혐오시설":0,
            "인프라총점":32.0,
            "초등학군":89.98,
            "중학군":36.24,
            "학군총점":46.988,
            "인구수":22.2,
            "인구증감":3.62,
            "인구총점":16.626,
            "일자리":14.06,
            "소득수준":53.81,
            "일자리총점":25.985,
            "가치 총점":30.847,
            "매매실거래년":20220115.0,
            "매매실거래가":11000.0,
            "전세실거래년":20210930.0,
            "전세실거래가":9500.0,
            "전세가율":86.36,
            "장기전세가율평균":79.54,
            "전세가율거품지수":-6.82,
            "검색코드":5959,
            "세대수":210.0,
            "준공년월":"1993-07-27",
            "준공년차":30.0,
            "가까운역이름":"NA",
            "가까운역거리":"NA",
            "역세권여부":"NA",
            "30분이내주요거점역":"NA",
            "30분거점역이름":"NA",
            "1시간이내주요거점역":"NA",
            "1시간거점역이름":"NA",
            "3km이내백화점수":0,
            "5km이내아울렛몰수":0,
            "1km이내대형먀트수":1,
            "500m이내은행수":0,
            "500m이내병원수":1,
            "5km이내대형병원수":3,
            "500m이내공원수":0,
            "3km이내혐오시설수":0,
            "초등학교학업성취도":89.98,
            "중학교학업성취도":59.2,
            "용적률":255,
            "건폐율":23,
            "Y":37.756561,
            "X":128.911915,
            "rank":77.0,
            "area_info":"24평(81.94)",
            "last_sales":"2022-01-15,11000.0,24평(81.94)",
            "rank_history":[
                [
                    "202202",
                    77
                ],
                [
                    "202201",
                    70
                ]
            ],
            "rank_gap":-7
        },
        {
            "index":352,
            "아파트명":"삼호",
            "투자타입":"재건축",
            "전용면적(m2)":"39.05",
            "전용면적(평)":"11평",
            "법정동주소":"강원도 강릉시 포남동 1064",
            "도로명주소":"강원도 강릉시 강릉대로457번길 38",
            "세대수":0,
            "입주년차":"--",
            "용적률점수":0,
            "건폐율점수":0,
            "세대당주차수":"--",
            "난방방식":"--",
            "공급면적":50,
            "전용률":80,
            "욕실수":"--",
            "현관타입":"--",
            "주거총점":6.5,
            "지역구공급총점":0.0,
            "역세권":"NA",
            "30분내 이동가능 거점":"NA",
            "1시간내 이동가능 거점":"NA",
            "교통총점":"NA",
            "백화점":0,
            "아울렛몰":0,
            "대형마트":100,
            "은행":0,
            "병원":0,
            "종합병원":100,
            "공원":80,
            "혐오시설":0,
            "인프라총점":37.4,
            "초등학군":90.02,
            "중학군":44.16,
            "학군총점":53.332,
            "인구수":22.2,
            "인구증감":3.62,
            "인구총점":16.626,
            "일자리":14.06,
            "소득수준":53.81,
            "일자리총점":25.985,
            "가치 총점":30.568,
            "매매실거래년":20211115.0,
            "매매실거래가":12700.0,
            "전세실거래년":20210722.0,
            "전세실거래가":4500.0,
            "전세가율":56.25,
            "장기전세가율평균":79.54,
            "전세가율거품지수":23.29,
            "검색코드":6055,
            "세대수":200.0,
            "준공년월":"1988-05-14",
            "준공년차":35.0,
            "가까운역이름":"NA",
            "가까운역거리":"NA",
            "역세권여부":"NA",
            "30분이내주요거점역":"NA",
            "30분거점역이름":"NA",
            "1시간이내주요거점역":"NA",
            "1시간거점역이름":"NA",
            "3km이내백화점수":0,
            "5km이내아울렛몰수":0,
            "1km이내대형먀트수":4,
            "500m이내은행수":0,
            "500m이내병원수":0,
            "5km이내대형병원수":3,
            "500m이내공원수":1,
            "3km이내혐오시설수":0,
            "초등학교학업성취도":90.02,
            "중학교학업성취도":73.4,
            "용적률":0,
            "건폐율":0,
            "Y":37.77617,
            "X":128.910373,
            "rank":78.0,
            "area_info":"11평(39.05), 16평(53.97), 18평(60.88)",
            "last_sales":"2021-11-15,12700.0,16평(53.97)",
            "rank_history":[
                [
                    "202202",
                    78
                ],
                [
                    "202201",
                    77
                ]
            ],
            "rank_gap":-1
        },
        {
            "index":60,
            "아파트명":"강부2차",
            "투자타입":"재건축",
            "전용면적(m2)":"33.35",
            "전용면적(평)":"10평",
            "법정동주소":"강원도 강릉시 내곡동 616",
            "도로명주소":"강원도 강릉시 관대길 63",
            "세대수":0,
            "입주년차":"--",
            "용적률점수":0,
            "건폐율점수":0,
            "세대당주차수":"--",
            "난방방식":"--",
            "공급면적":50,
            "전용률":60,
            "욕실수":"--",
            "현관타입":"--",
            "주거총점":5.5,
            "지역구공급총점":0.0,
            "역세권":"NA",
            "30분내 이동가능 거점":"NA",
            "1시간내 이동가능 거점":"NA",
            "교통총점":"NA",
            "백화점":0,
            "아울렛몰":0,
            "대형마트":100,
            "은행":0,
            "병원":10,
            "종합병원":100,
            "공원":80,
            "혐오시설":0,
            "인프라총점":38.4,
            "초등학군":89.99,
            "중학군":43.16,
            "학군총점":52.526,
            "인구수":22.2,
            "인구증감":3.62,
            "인구총점":16.626,
            "일자리":14.06,
            "소득수준":53.81,
            "일자리총점":25.985,
            "가치 총점":30.4165,
            "매매실거래년":20220124.0,
            "매매실거래가":4700.0,
            "전세실거래년":20220104.0,
            "전세실거래가":5000.0,
            "전세가율":106.38,
            "장기전세가율평균":79.54,
            "전세가율거품지수":-26.84,
            "검색코드":106288,
            "세대수":230.0,
            "준공년월":"1988-04-28",
            "준공년차":35.0,
            "가까운역이름":"NA",
            "가까운역거리":"NA",
            "역세권여부":"NA",
            "30분이내주요거점역":"NA",
            "30분거점역이름":"NA",
            "1시간이내주요거점역":"NA",
            "1시간거점역이름":"NA",
            "3km이내백화점수":0,
            "5km이내아울렛몰수":0,
            "1km이내대형먀트수":2,
            "500m이내은행수":1,
            "500m이내병원수":2,
            "5km이내대형병원수":3,
            "500m이내공원수":1,
            "3km이내혐오시설수":0,
            "초등학교학업성취도":89.99,
            "중학교학업성취도":71.0,
            "용적률":0,
            "건폐율":0,
            "Y":37.741053,
            "X":128.877652,
            "rank":79.0,
            "area_info":"10평(33.35), 18평(60.02)",
            "last_sales":"2022-01-24,4700.0,10평(33.35)",
            "rank_history":[
                [
                    "202202",
                    79
                ],
                [
                    "202201",
                    82
                ]
            ],
            "rank_gap":3
        },
        {
            "index":62,
            "아파트명":"관동2차",
            "투자타입":"재건축",
            "전용면적(m2)":"60.25",
            "전용면적(평)":"18평",
            "법정동주소":"강원도 강릉시 내곡동 75-1",
            "도로명주소":"강원도 강릉시 남산초교길12번길 11",
            "세대수":0,
            "입주년차":"--",
            "용적률점수":0,
            "건폐율점수":0,
            "세대당주차수":"--",
            "난방방식":"--",
            "공급면적":50,
            "전용률":80,
            "욕실수":"--",
            "현관타입":"--",
            "주거총점":6.5,
            "지역구공급총점":0.0,
            "역세권":"NA",
            "30분내 이동가능 거점":"NA",
            "1시간내 이동가능 거점":"NA",
            "교통총점":"NA",
            "백화점":0,
            "아울렛몰":0,
            "대형마트":100,
            "은행":0,
            "병원":0,
            "종합병원":100,
            "공원":80,
            "혐오시설":0,
            "인프라총점":37.4,
            "초등학군":89.99,
            "중학군":43.16,
            "학군총점":52.526,
            "인구수":22.2,
            "인구증감":3.62,
            "인구총점":16.626,
            "일자리":14.06,
            "소득수준":53.81,
            "일자리총점":25.985,
            "가치 총점":30.3665,
            "매매실거래년":20211129.0,
            "매매실거래가":7600.0,
            "전세실거래년":20210830.0,
            "전세실거래가":6000.0,
            "전세가율":78.95,
            "장기전세가율평균":79.54,
            "전세가율거품지수":0.59,
            "검색코드":106287,
            "세대수":130.0,
            "준공년월":"1992-04-15",
            "준공년차":31.0,
            "가까운역이름":"NA",
            "가까운역거리":"NA",
            "역세권여부":"NA",
            "30분이내주요거점역":"NA",
            "30분거점역이름":"NA",
            "1시간이내주요거점역":"NA",
            "1시간거점역이름":"NA",
            "3km이내백화점수":0,
            "5km이내아울렛몰수":0,
            "1km이내대형먀트수":2,
            "500m이내은행수":0,
            "500m이내병원수":0,
            "5km이내대형병원수":3,
            "500m이내공원수":1,
            "3km이내혐오시설수":0,
            "초등학교학업성취도":89.99,
            "중학교학업성취도":71.0,
            "용적률":0,
            "건폐율":0,
            "Y":37.745334,
            "X":128.889503,
            "rank":80.0,
            "area_info":"18평(60.25), 18평(60.27)",
            "last_sales":"2021-11-29,7600.0,18평(60.25)",
            "rank_history":[
                [
                    "202202",
                    80
                ],
                [
                    "202201",
                    84
                ]
            ],
            "rank_gap":4
        },
        {
            "index":35,
            "아파트명":"교동한신",
            "투자타입":"일반",
            "전용면적(m2)":"77.78",
            "전용면적(평)":"23평",
            "법정동주소":"강원도 강릉시 교동 46-1",
            "도로명주소":"강원도 강릉시 명륜로 95-7",
            "세대수":0,
            "입주년차":0,
            "용적률점수":"--",
            "건폐율점수":"--",
            "세대당주차수":0,
            "난방방식":30,
            "공급면적":"--",
            "전용률":"--",
            "욕실수":50,
            "현관타입":100,
            "주거총점":18.0,
            "지역구공급총점":0.0,
            "역세권":"NA",
            "30분내 이동가능 거점":"NA",
            "1시간내 이동가능 거점":"NA",
            "교통총점":"NA",
            "백화점":0,
            "아울렛몰":0,
            "대형마트":0,
            "은행":0,
            "병원":10,
            "종합병원":100,
            "공원":100,
            "혐오시설":0,
            "인프라총점":24.0,
            "초등학군":89.98,
            "중학군":49.0,
            "학군총점":57.196,
            "인구수":22.2,
            "인구증감":3.62,
            "인구총점":16.626,
            "일자리":14.06,
            "소득수준":53.81,
            "일자리총점":25.985,
            "가치 총점":30.199,
            "매매실거래년":20220121.0,
            "매매실거래가":29100.0,
            "전세실거래년":20211230.0,
            "전세실거래가":15000.0,
            "전세가율":80.65,
            "장기전세가율평균":79.54,
            "전세가율거품지수":-1.11,
            "검색코드":5835,
            "세대수":271.0,
            "준공년월":"1997-04-03",
            "준공년차":26.0,
            "가까운역이름":"NA",
            "가까운역거리":"NA",
            "역세권여부":"NA",
            "30분이내주요거점역":"NA",
            "30분거점역이름":"NA",
            "1시간이내주요거점역":"NA",
            "1시간거점역이름":"NA",
            "3km이내백화점수":0,
            "5km이내아울렛몰수":0,
            "1km이내대형먀트수":0,
            "500m이내은행수":0,
            "500m이내병원수":2,
            "5km이내대형병원수":3,
            "500m이내공원수":3,
            "3km이내혐오시설수":0,
            "초등학교학업성취도":89.98,
            "중학교학업성취도":81.0,
            "용적률":220,
            "건폐율":22,
            "Y":37.768164,
            "X":128.89922,
            "rank":81.0,
            "area_info":"23평(77.78), 31평(104.8)",
            "last_sales":"2022-01-21,29100.0,31평(104.8)",
            "rank_history":[
                [
                    "202202",
                    81
                ],
                [
                    "202201",
                    78
                ]
            ],
            "rank_gap":-3
        },
        {
            "index":374,
            "아파트명":"파인빌리지(도시형)",
            "투자타입":"일반",
            "전용면적(m2)":"32.32",
            "전용면적(평)":"9평",
            "법정동주소":"강원도 강릉시 포남동 314-1",
            "도로명주소":"강원도 강릉시 난설헌로78번길 29-9",
            "세대수":0,
            "입주년차":80,
            "용적률점수":"--",
            "건폐율점수":"--",
            "세대당주차수":0,
            "난방방식":30,
            "공급면적":"--",
            "전용률":"--",
            "욕실수":50,
            "현관타입":10,
            "주거총점":25.0,
            "지역구공급총점":0.0,
            "역세권":"NA",
            "30분내 이동가능 거점":"NA",
            "1시간내 이동가능 거점":"NA",
            "교통총점":"NA",
            "백화점":0,
            "아울렛몰":0,
            "대형마트":0,
            "은행":0,
            "병원":0,
            "종합병원":100,
            "공원":0,
            "혐오시설":0,
            "인프라총점":20.0,
            "초등학군":90.04,
            "중학군":44.16,
            "학군총점":53.336,
            "인구수":22.2,
            "인구증감":3.62,
            "인구총점":16.626,
            "일자리":14.06,
            "소득수준":53.81,
            "일자리총점":25.985,
            "가치 총점":30.084,
            "매매실거래년":"18000101",
            "매매실거래가":null,
            "전세실거래년":null,
            "전세실거래가":null,
            "전세가율":null,
            "장기전세가율평균":79.54,
            "전세가율거품지수":null,
            "검색코드":123786,
            "세대수":136.0,
            "준공년월":"2018-01-15",
            "준공년차":5.0,
            "가까운역이름":"NA",
            "가까운역거리":"NA",
            "역세권여부":"NA",
            "30분이내주요거점역":"NA",
            "30분거점역이름":"NA",
            "1시간이내주요거점역":"NA",
            "1시간거점역이름":"NA",
            "3km이내백화점수":0,
            "5km이내아울렛몰수":0,
            "1km이내대형먀트수":0,
            "500m이내은행수":0,
            "500m이내병원수":0,
            "5km이내대형병원수":3,
            "500m이내공원수":0,
            "3km이내혐오시설수":0,
            "초등학교학업성취도":90.04,
            "중학교학업성취도":73.4,
            "용적률":63,
            "건폐율":19,
            "Y":37.781019,
            "X":128.903829,
            "rank":82.0,
            "area_info":"9평(32.32), 9평(32.42), 11평(37.97)",
            "last_sales":"1800-01-01,nan,9평(32.32)",
            "rank_history":[
                [
                    "202202",
                    82
                ],
                [
                    "202201",
                    79
                ]
            ],
            "rank_gap":-3
        },
        {
            "index":71,
            "아파트명":"내곡시영",
            "투자타입":"재건축",
            "전용면적(m2)":"49.95",
            "전용면적(평)":"15평",
            "법정동주소":"강원도 강릉시 내곡동 75-4",
            "도로명주소":"강원도 강릉시 남산초교길 22",
            "세대수":0,
            "입주년차":"--",
            "용적률점수":0,
            "건폐율점수":0,
            "세대당주차수":"--",
            "난방방식":"--",
            "공급면적":50,
            "전용률":60,
            "욕실수":"--",
            "현관타입":"--",
            "주거총점":5.5,
            "지역구공급총점":0.0,
            "역세권":"NA",
            "30분내 이동가능 거점":"NA",
            "1시간내 이동가능 거점":"NA",
            "교통총점":"NA",
            "백화점":0,
            "아울렛몰":0,
            "대형마트":100,
            "은행":0,
            "병원":0,
            "종합병원":100,
            "공원":80,
            "혐오시설":0,
            "인프라총점":37.4,
            "초등학군":89.99,
            "중학군":43.16,
            "학군총점":52.526,
            "인구수":22.2,
            "인구증감":3.62,
            "인구총점":16.626,
            "일자리":14.06,
            "소득수준":53.81,
            "일자리총점":25.985,
            "가치 총점":30.0165,
            "매매실거래년":20211221.0,
            "매매실거래가":5300.0,
            "전세실거래년":20200331.0,
            "전세실거래가":3000.0,
            "전세가율":52.63,
            "장기전세가율평균":79.54,
            "전세가율거품지수":26.91,
            "검색코드":106291,
            "세대수":100.0,
            "준공년월":"1990-12-24",
            "준공년차":33.0,
            "가까운역이름":"NA",
            "가까운역거리":"NA",
            "역세권여부":"NA",
            "30분이내주요거점역":"NA",
            "30분거점역이름":"NA",
            "1시간이내주요거점역":"NA",
            "1시간거점역이름":"NA",
            "3km이내백화점수":0,
            "5km이내아울렛몰수":0,
            "1km이내대형먀트수":2,
            "500m이내은행수":0,
            "500m이내병원수":0,
            "5km이내대형병원수":3,
            "500m이내공원수":1,
            "3km이내혐오시설수":0,
            "초등학교학업성취도":89.99,
            "중학교학업성취도":71.0,
            "용적률":0,
            "건폐율":0,
            "Y":37.745328,
            "X":128.890388,
            "rank":83.0,
            "area_info":"15평(49.95), 17평(57.77)",
            "last_sales":"2021-12-21,5300.0,17평(57.77)",
            "rank_history":[
                [
                    "202202",
                    83
                ],
                [
                    "202201",
                    86
                ]
            ],
            "rank_gap":3
        },
        {
            "index":27,
            "아파트명":"교동대림",
            "투자타입":"일반",
            "전용면적(m2)":"79.35",
            "전용면적(평)":"24평",
            "법정동주소":"강원도 강릉시 교동 18-16",
            "도로명주소":"강원도 강릉시 수리골길17번길 21",
            "세대수":0,
            "입주년차":0,
            "용적률점수":"--",
            "건폐율점수":"--",
            "세대당주차수":0,
            "난방방식":30,
            "공급면적":"--",
            "전용률":"--",
            "욕실수":50,
            "현관타입":100,
            "주거총점":18.0,
            "지역구공급총점":0.0,
            "역세권":"NA",
            "30분내 이동가능 거점":"NA",
            "1시간내 이동가능 거점":"NA",
            "교통총점":"NA",
            "백화점":0,
            "아울렛몰":0,
            "대형마트":0,
            "은행":0,
            "병원":10,
            "종합병원":100,
            "공원":80,
            "혐오시설":0,
            "인프라총점":23.4,
            "초등학군":89.99,
            "중학군":49.0,
            "학군총점":57.198,
            "인구수":22.2,
            "인구증감":3.62,
            "인구총점":16.626,
            "일자리":14.06,
            "소득수준":53.81,
            "일자리총점":25.985,
            "가치 총점":29.9595,
            "매매실거래년":20211214.0,
            "매매실거래가":16000.0,
            "전세실거래년":20211227.0,
            "전세실거래가":18000.0,
            "전세가율":112.5,
            "장기전세가율평균":79.54,
            "전세가율거품지수":-32.96,
            "검색코드":5849,
            "세대수":199.0,
            "준공년월":"1997-12-13",
            "준공년차":26.0,
            "가까운역이름":"NA",
            "가까운역거리":"NA",
            "역세권여부":"NA",
            "30분이내주요거점역":"NA",
            "30분거점역이름":"NA",
            "1시간이내주요거점역":"NA",
            "1시간거점역이름":"NA",
            "3km이내백화점수":0,
            "5km이내아울렛몰수":0,
            "1km이내대형먀트수":0,
            "500m이내은행수":0,
            "500m이내병원수":2,
            "5km이내대형병원수":3,
            "500m이내공원수":1,
            "3km이내혐오시설수":0,
            "초등학교학업성취도":89.99,
            "중학교학업성취도":81.0,
            "용적률":257,
            "건폐율":19,
            "Y":37.771937,
            "X":128.898369,
            "rank":84.0,
            "area_info":"24평(79.35), 32평(106.81), 43평(143.05)",
            "last_sales":"2021-12-14,16000.0,24평(79.35)",
            "rank_history":[
                [
                    "202202",
                    84
                ],
                [
                    "202201",
                    80
                ]
            ],
            "rank_gap":-4
        },
        {
            "index":319,
            "아파트명":"이화해변",
            "투자타입":"재건축",
            "전용면적(m2)":"38.97",
            "전용면적(평)":"11평",
            "법정동주소":"강원도 강릉시 초당동 135-18",
            "도로명주소":"강원도 강릉시 초당원길 21",
            "세대수":0,
            "입주년차":"--",
            "용적률점수":0,
            "건폐율점수":0,
            "세대당주차수":"--",
            "난방방식":"--",
            "공급면적":50,
            "전용률":60,
            "욕실수":"--",
            "현관타입":"--",
            "주거총점":5.5,
            "지역구공급총점":0.0,
            "역세권":"NA",
            "30분내 이동가능 거점":"NA",
            "1시간내 이동가능 거점":"NA",
            "교통총점":"NA",
            "백화점":0,
            "아울렛몰":0,
            "대형마트":100,
            "은행":0,
            "병원":10,
            "종합병원":100,
            "공원":0,
            "혐오시설":0,
            "인프라총점":36.0,
            "초등학군":90.04,
            "중학군":44.16,
            "학군총점":53.336,
            "인구수":22.2,
            "인구증감":3.62,
            "인구총점":16.626,
            "일자리":14.06,
            "소득수준":53.81,
            "일자리총점":25.985,
            "가치 총점":29.659,
            "매매실거래년":20211230.0,
            "매매실거래가":5800.0,
            "전세실거래년":20211218.0,
            "전세실거래가":4500.0,
            "전세가율":77.59,
            "장기전세가율평균":79.54,
            "전세가율거품지수":1.95,
            "검색코드":6019,
            "세대수":269.0,
            "준공년월":"1988-03-22",
            "준공년차":35.0,
            "가까운역이름":"NA",
            "가까운역거리":"NA",
            "역세권여부":"NA",
            "30분이내주요거점역":"NA",
            "30분거점역이름":"NA",
            "1시간이내주요거점역":"NA",
            "1시간거점역이름":"NA",
            "3km이내백화점수":0,
            "5km이내아울렛몰수":0,
            "1km이내대형먀트수":2,
            "500m이내은행수":0,
            "500m이내병원수":2,
            "5km이내대형병원수":3,
            "500m이내공원수":0,
            "3km이내혐오시설수":0,
            "초등학교학업성취도":90.04,
            "중학교학업성취도":73.4,
            "용적률":0,
            "건폐율":0,
            "Y":37.784142,
            "X":128.916454,
            "rank":85.0,
            "area_info":"11평(38.97), 12평(41.07), 13평(44.85)",
            "last_sales":"2021-12-30,5800.0,11평(38.97)",
            "rank_history":[
                [
                    "202202",
                    85
                ],
                [
                    "202201",
                    88
                ]
            ],
            "rank_gap":3
        },
        {
            "index":202,
            "아파트명":"삼우그린",
            "투자타입":"일반",
            "전용면적(m2)":"53.36",
            "전용면적(평)":"16평",
            "법정동주소":"강원도 강릉시 입암동 608-3",
            "도로명주소":"강원도 강릉시 강변로 458",
            "세대수":0,
            "입주년차":0,
            "용적률점수":"--",
            "건폐율점수":"--",
            "세대당주차수":0,
            "난방방식":30,
            "공급면적":"--",
            "전용률":"--",
            "욕실수":50,
            "현관타입":10,
            "주거총점":9.0,
            "지역구공급총점":0.0,
            "역세권":"NA",
            "30분내 이동가능 거점":"NA",
            "1시간내 이동가능 거점":"NA",
            "교통총점":"NA",
            "백화점":0,
            "아울렛몰":0,
            "대형마트":100,
            "은행":0,
            "병원":10,
            "종합병원":100,
            "공원":0,
            "혐오시설":0,
            "인프라총점":36.0,
            "초등학군":89.98,
            "중학군":36.24,
            "학군총점":46.988,
            "인구수":22.2,
            "인구증감":3.62,
            "인구총점":16.626,
            "일자리":14.06,
            "소득수준":53.81,
            "일자리총점":25.985,
            "가치 총점":29.297,
            "매매실거래년":20211215.0,
            "매매실거래가":11300.0,
            "전세실거래년":20200217.0,
            "전세실거래가":5000.0,
            "전세가율":90.91,
            "장기전세가율평균":79.54,
            "전세가율거품지수":-11.37,
            "검색코드":5963,
            "세대수":100.0,
            "준공년월":"1996-08-16",
            "준공년차":27.0,
            "가까운역이름":"NA",
            "가까운역거리":"NA",
            "역세권여부":"NA",
            "30분이내주요거점역":"NA",
            "30분거점역이름":"NA",
            "1시간이내주요거점역":"NA",
            "1시간거점역이름":"NA",
            "3km이내백화점수":0,
            "5km이내아울렛몰수":0,
            "1km이내대형먀트수":3,
            "500m이내은행수":0,
            "500m이내병원수":2,
            "5km이내대형병원수":3,
            "500m이내공원수":0,
            "3km이내혐오시설수":0,
            "초등학교학업성취도":89.98,
            "중학교학업성취도":59.2,
            "용적률":250,
            "건폐율":26,
            "Y":37.761795,
            "X":128.912047,
            "rank":86.0,
            "area_info":"16평(53.36), 24평(79.98)",
            "last_sales":"2021-12-15,11300.0,24평(79.98)",
            "rank_history":[
                [
                    "202202",
                    86
                ],
                [
                    "202201",
                    85
                ]
            ],
            "rank_gap":-1
        },
        {
            "index":368,
            "아파트명":"진달래",
            "투자타입":"재건축",
            "전용면적(m2)":"63.18",
            "전용면적(평)":"19평",
            "법정동주소":"강원도 강릉시 포남동 1005-105",
            "도로명주소":"강원도 강릉시 경강로2224번길 20",
            "세대수":0,
            "입주년차":"--",
            "용적률점수":0,
            "건폐율점수":0,
            "세대당주차수":"--",
            "난방방식":"--",
            "공급면적":50,
            "전용률":80,
            "욕실수":"--",
            "현관타입":"--",
            "주거총점":6.5,
            "지역구공급총점":0.0,
            "역세권":"NA",
            "30분내 이동가능 거점":"NA",
            "1시간내 이동가능 거점":"NA",
            "교통총점":"NA",
            "백화점":0,
            "아울렛몰":0,
            "대형마트":100,
            "은행":0,
            "병원":0,
            "종합병원":100,
            "공원":100,
            "혐오시설":0,
            "인프라총점":38.0,
            "초등학군":89.98,
            "중학군":36.24,
            "학군총점":46.988,
            "인구수":22.2,
            "인구증감":3.62,
            "인구총점":16.626,
            "일자리":14.06,
            "소득수준":53.81,
            "일자리총점":25.985,
            "가치 총점":29.222,
            "매매실거래년":20210604.0,
            "매매실거래가":11500.0,
            "전세실거래년":20191214.0,
            "전세실거래가":5000.0,
            "전세가율":96.15,
            "장기전세가율평균":79.54,
            "전세가율거품지수":-16.61,
            "검색코드":6068,
            "세대수":110.0,
            "준공년월":"1986-12-01",
            "준공년차":37.0,
            "가까운역이름":"NA",
            "가까운역거리":"NA",
            "역세권여부":"NA",
            "30분이내주요거점역":"NA",
            "30분거점역이름":"NA",
            "1시간이내주요거점역":"NA",
            "1시간거점역이름":"NA",
            "3km이내백화점수":0,
            "5km이내아울렛몰수":0,
            "1km이내대형먀트수":2,
            "500m이내은행수":1,
            "500m이내병원수":1,
            "5km이내대형병원수":3,
            "500m이내공원수":2,
            "3km이내혐오시설수":0,
            "초등학교학업성취도":89.98,
            "중학교학업성취도":59.2,
            "용적률":0,
            "건폐율":0,
            "Y":37.760972,
            "X":128.907747,
            "rank":87.0,
            "area_info":"19평(63.18), 21평(69.75), 21평(70.62), 22평(72.9), 27평(89.46)",
            "last_sales":"2021-06-04,11500.0,27평(89.46)",
            "rank_history":[
                [
                    "202202",
                    87
                ],
                [
                    "202201",
                    83
                ]
            ],
            "rank_gap":-4
        },
        {
            "index":356,
            "아파트명":"옥포",
            "투자타입":"재건축",
            "전용면적(m2)":"65.94",
            "전용면적(평)":"19평",
            "법정동주소":"강원도 강릉시 포남동 1005-134",
            "도로명주소":"강원도 강릉시 용지각길8번길 29",
            "세대수":0,
            "입주년차":"--",
            "용적률점수":0,
            "건폐율점수":0,
            "세대당주차수":"--",
            "난방방식":"--",
            "공급면적":50,
            "전용률":80,
            "욕실수":"--",
            "현관타입":"--",
            "주거총점":6.5,
            "지역구공급총점":0.0,
            "역세권":"NA",
            "30분내 이동가능 거점":"NA",
            "1시간내 이동가능 거점":"NA",
            "교통총점":"NA",
            "백화점":0,
            "아울렛몰":0,
            "대형마트":100,
            "은행":0,
            "병원":0,
            "종합병원":100,
            "공원":100,
            "혐오시설":0,
            "인프라총점":38.0,
            "초등학군":89.98,
            "중학군":36.24,
            "학군총점":46.988,
            "인구수":22.2,
            "인구증감":3.62,
            "인구총점":16.626,
            "일자리":14.06,
            "소득수준":53.81,
            "일자리총점":25.985,
            "가치 총점":29.222,
            "매매실거래년":"18000101",
            "매매실거래가":null,
            "전세실거래년":null,
            "전세실거래가":null,
            "전세가율":null,
            "장기전세가율평균":79.54,
            "전세가율거품지수":null,
            "검색코드":112609,
            "세대수":102.0,
            "준공년월":"1983-02-28",
            "준공년차":40.0,
            "가까운역이름":"NA",
            "가까운역거리":"NA",
            "역세권여부":"NA",
            "30분이내주요거점역":"NA",
            "30분거점역이름":"NA",
            "1시간이내주요거점역":"NA",
            "1시간거점역이름":"NA",
            "3km이내백화점수":0,
            "5km이내아울렛몰수":0,
            "1km이내대형먀트수":2,
            "500m이내은행수":1,
            "500m이내병원수":1,
            "5km이내대형병원수":3,
            "500m이내공원수":2,
            "3km이내혐오시설수":0,
            "초등학교학업성취도":89.98,
            "중학교학업성취도":59.2,
            "용적률":0,
            "건폐율":0,
            "Y":37.759767,
            "X":128.907517,
            "rank":87.0,
            "area_info":"19평(65.94)",
            "last_sales":"1800-01-01,nan,19평(65.94)",
            "rank_history":[
                [
                    "202202",
                    87
                ],
                [
                    "202201",
                    83
                ]
            ],
            "rank_gap":-4
        },
        {
            "index":93,
            "아파트명":"고합노암",
            "투자타입":"일반",
            "전용면적(m2)":"43.48",
            "전용면적(평)":"13평",
            "법정동주소":"강원도 강릉시 노암동 618-1",
            "도로명주소":"강원도 강릉시 남부로125번길 23",
            "세대수":0,
            "입주년차":0,
            "용적률점수":"--",
            "건폐율점수":"--",
            "세대당주차수":0,
            "난방방식":30,
            "공급면적":"--",
            "전용률":"--",
            "욕실수":50,
            "현관타입":100,
            "주거총점":18.0,
            "지역구공급총점":0.0,
            "역세권":"NA",
            "30분내 이동가능 거점":"NA",
            "1시간내 이동가능 거점":"NA",
            "교통총점":"NA",
            "백화점":0,
            "아울렛몰":0,
            "대형마트":0,
            "은행":0,
            "병원":0,
            "종합병원":100,
            "공원":80,
            "혐오시설":0,
            "인프라총점":22.4,
            "초등학군":89.99,
            "중학군":42.44,
            "학군총점":51.95,
            "인구수":22.2,
            "인구증감":3.62,
            "인구총점":16.626,
            "일자리":14.06,
            "소득수준":53.81,
            "일자리총점":25.985,
            "가치 총점":28.2475,
            "매매실거래년":20211222.0,
            "매매실거래가":6350.0,
            "전세실거래년":20210827.0,
            "전세실거래가":6500.0,
            "전세가율":102.36,
            "장기전세가율평균":79.54,
            "전세가율거품지수":-22.82,
            "검색코드":25436,
            "세대수":137.0,
            "준공년월":"1996-02-15",
            "준공년차":27.0,
            "가까운역이름":"NA",
            "가까운역거리":"NA",
            "역세권여부":"NA",
            "30분이내주요거점역":"NA",
            "30분거점역이름":"NA",
            "1시간이내주요거점역":"NA",
            "1시간거점역이름":"NA",
            "3km이내백화점수":0,
            "5km이내아울렛몰수":0,
            "1km이내대형먀트수":0,
            "500m이내은행수":0,
            "500m이내병원수":1,
            "5km이내대형병원수":3,
            "500m이내공원수":1,
            "3km이내혐오시설수":0,
            "초등학교학업성취도":89.99,
            "중학교학업성취도":69.2,
            "용적률":228,
            "건폐율":31,
            "Y":37.743634,
            "X":128.892717,
            "rank":88.0,
            "area_info":"13평(43.48), 13평(43.96), 17평(56.42), 17평(58.87)",
            "last_sales":"2021-12-22,6350.0,13평(43.48)",
            "rank_history":[
                [
                    "202202",
                    88
                ],
                [
                    "202201",
                    87
                ]
            ],
            "rank_gap":-1
        },
        {
            "index":314,
            "아파트명":"덕원",
            "투자타입":"일반",
            "전용면적(m2)":"45.0",
            "전용면적(평)":"13평",
            "법정동주소":"강원도 강릉시 지변동 334",
            "도로명주소":"강원도 강릉시 죽헌길85번길 25",
            "세대수":0,
            "입주년차":0,
            "용적률점수":"--",
            "건폐율점수":"--",
            "세대당주차수":0,
            "난방방식":30,
            "공급면적":"--",
            "전용률":"--",
            "욕실수":50,
            "현관타입":100,
            "주거총점":18.0,
            "지역구공급총점":0.0,
            "역세권":"NA",
            "30분내 이동가능 거점":"NA",
            "1시간내 이동가능 거점":"NA",
            "교통총점":"NA",
            "백화점":0,
            "아울렛몰":0,
            "대형마트":0,
            "은행":0,
            "병원":0,
            "종합병원":100,
            "공원":0,
            "혐오시설":0,
            "인프라총점":20.0,
            "초등학군":90.01,
            "중학군":43.38,
            "학군총점":52.706,
            "인구수":22.2,
            "인구증감":3.62,
            "인구총점":16.626,
            "일자리":14.06,
            "소득수준":53.81,
            "일자리총점":25.985,
            "가치 총점":27.4765,
            "매매실거래년":20211211.0,
            "매매실거래가":5300.0,
            "전세실거래년":20211201.0,
            "전세실거래가":3850.0,
            "전세가율":72.64,
            "장기전세가율평균":79.54,
            "전세가율거품지수":6.9,
            "검색코드":25016,
            "세대수":237.0,
            "준공년월":"1998-02-28",
            "준공년차":25.0,
            "가까운역이름":"NA",
            "가까운역거리":"NA",
            "역세권여부":"NA",
            "30분이내주요거점역":"NA",
            "30분거점역이름":"NA",
            "1시간이내주요거점역":"NA",
            "1시간거점역이름":"NA",
            "3km이내백화점수":0,
            "5km이내아울렛몰수":0,
            "1km이내대형먀트수":0,
            "500m이내은행수":0,
            "500m이내병원수":0,
            "5km이내대형병원수":4,
            "500m이내공원수":0,
            "3km이내혐오시설수":0,
            "초등학교학업성취도":90.01,
            "중학교학업성취도":72.3,
            "용적률":321,
            "건폐율":50,
            "Y":37.778182,
            "X":128.873085,
            "rank":89.0,
            "area_info":"13평(45.0), 21평(70.15), 24평(80.61)",
            "last_sales":"2021-12-11,5300.0,13평(45.0)",
            "rank_history":[
                [
                    "202202",
                    89
                ],
                [
                    "202201",
                    96
                ]
            ],
            "rank_gap":7
        },
        {
            "index":164,
            "아파트명":"부영사랑으로3단지",
            "투자타입":"일반",
            "전용면적(m2)":"116.87",
            "전용면적(평)":"35평",
            "법정동주소":"강원도 강릉시 연곡면 영진리 380",
            "도로명주소":"강원도 강릉시 영진3길 15",
            "세대수":30,
            "입주년차":40,
            "용적률점수":"--",
            "건폐율점수":"--",
            "세대당주차수":30,
            "난방방식":30,
            "공급면적":"--",
            "전용률":"--",
            "욕실수":100,
            "현관타입":100,
            "주거총점":46.0,
            "지역구공급총점":0.0,
            "역세권":"NA",
            "30분내 이동가능 거점":"NA",
            "1시간내 이동가능 거점":"NA",
            "교통총점":"NA",
            "백화점":0,
            "아울렛몰":0,
            "대형마트":0,
            "은행":0,
            "병원":0,
            "종합병원":0,
            "공원":0,
            "혐오시설":0,
            "인프라총점":0.0,
            "초등학군":89.95,
            "중학군":31.0,
            "학군총점":42.79,
            "인구수":22.2,
            "인구증감":3.62,
            "인구총점":16.626,
            "일자리":14.06,
            "소득수준":53.81,
            "일자리총점":25.985,
            "가치 총점":26.7975,
            "매매실거래년":20211013.0,
            "매매실거래가":19500.0,
            "전세실거래년":20210904.0,
            "전세실거래가":25000.0,
            "전세가율":128.21,
            "장기전세가율평균":79.54,
            "전세가율거품지수":-48.67,
            "검색코드":27550,
            "세대수":356.0,
            "준공년월":"2008-11-26",
            "준공년차":15.0,
            "가까운역이름":"NA",
            "가까운역거리":"NA",
            "역세권여부":"NA",
            "30분이내주요거점역":"NA",
            "30분거점역이름":"NA",
            "1시간이내주요거점역":"NA",
            "1시간거점역이름":"NA",
            "3km이내백화점수":0,
            "5km이내아울렛몰수":0,
            "1km이내대형먀트수":0,
            "500m이내은행수":0,
            "500m이내병원수":0,
            "5km이내대형병원수":0,
            "500m이내공원수":0,
            "3km이내혐오시설수":0,
            "초등학교학업성취도":89.95,
            "중학교학업성취도":51.4,
            "용적률":204,
            "건폐율":22,
            "Y":37.870658,
            "X":128.840179,
            "rank":90.0,
            "area_info":"35평(116.87)",
            "last_sales":"2021-10-13,19500.0,35평(116.87)",
            "rank_history":[
                [
                    "202202",
                    90
                ],
                [
                    "202201",
                    90
                ]
            ],
            "rank_gap":0
        },
        {
            "index":197,
            "아파트명":"대목",
            "투자타입":"재건축",
            "전용면적(m2)":"41.2",
            "전용면적(평)":"12평",
            "법정동주소":"강원도 강릉시 입암동 498-6",
            "도로명주소":"강원도 강릉시 용지로 43",
            "세대수":0,
            "입주년차":"--",
            "용적률점수":0,
            "건폐율점수":0,
            "세대당주차수":"--",
            "난방방식":"--",
            "공급면적":50,
            "전용률":60,
            "욕실수":"--",
            "현관타입":"--",
            "주거총점":5.5,
            "지역구공급총점":0.0,
            "역세권":"NA",
            "30분내 이동가능 거점":"NA",
            "1시간내 이동가능 거점":"NA",
            "교통총점":"NA",
            "백화점":0,
            "아울렛몰":0,
            "대형마트":80,
            "은행":0,
            "병원":0,
            "종합병원":100,
            "공원":0,
            "혐오시설":0,
            "인프라총점":32.0,
            "초등학군":89.98,
            "중학군":36.24,
            "학군총점":46.988,
            "인구수":22.2,
            "인구증감":3.62,
            "인구총점":16.626,
            "일자리":14.06,
            "소득수준":53.81,
            "일자리총점":25.985,
            "가치 총점":26.472,
            "매매실거래년":20210913.0,
            "매매실거래가":6950.0,
            "전세실거래년":null,
            "전세실거래가":null,
            "전세가율":null,
            "장기전세가율평균":79.54,
            "전세가율거품지수":null,
            "검색코드":126800,
            "세대수":126.0,
            "준공년월":"1987-07-01",
            "준공년차":36.0,
            "가까운역이름":"NA",
            "가까운역거리":"NA",
            "역세권여부":"NA",
            "30분이내주요거점역":"NA",
            "30분거점역이름":"NA",
            "1시간이내주요거점역":"NA",
            "1시간거점역이름":"NA",
            "3km이내백화점수":0,
            "5km이내아울렛몰수":0,
            "1km이내대형먀트수":1,
            "500m이내은행수":0,
            "500m이내병원수":1,
            "5km이내대형병원수":3,
            "500m이내공원수":0,
            "3km이내혐오시설수":0,
            "초등학교학업성취도":89.98,
            "중학교학업성취도":59.2,
            "용적률":0,
            "건폐율":0,
            "Y":37.754989,
            "X":128.910518,
            "rank":91.0,
            "area_info":"12평(41.2), 12평(41.82), 14평(49.01), 16평(55.62)",
            "last_sales":"2021-09-13,6950.0,14평(49.01)",
            "rank_history":[
                [
                    "202202",
                    91
                ],
                [
                    "202201",
                    89
                ]
            ],
            "rank_gap":-2
        },
        {
            "index":262,
            "아파트명":"우신그린피아",
            "투자타입":"일반",
            "전용면적(m2)":"62.04",
            "전용면적(평)":"18평",
            "법정동주소":"강원도 강릉시 주문진읍 교항리 1166-1",
            "도로명주소":"강원도 강릉시 보리골길 26",
            "세대수":50,
            "입주년차":20,
            "용적률점수":"--",
            "건폐율점수":"--",
            "세대당주차수":0,
            "난방방식":30,
            "공급면적":"--",
            "전용률":"--",
            "욕실수":50,
            "현관타입":100,
            "주거총점":39.5,
            "지역구공급총점":0.0,
            "역세권":"NA",
            "30분내 이동가능 거점":"NA",
            "1시간내 이동가능 거점":"NA",
            "교통총점":"NA",
            "백화점":0,
            "아울렛몰":0,
            "대형마트":0,
            "은행":0,
            "병원":0,
            "종합병원":0,
            "공원":100,
            "혐오시설":0,
            "인프라총점":3.0,
            "초등학군":90.02,
            "중학군":31.0,
            "학군총점":42.804,
            "인구수":22.2,
            "인구증감":3.62,
            "인구총점":16.626,
            "일자리":14.06,
            "소득수준":53.81,
            "일자리총점":25.985,
            "가치 총점":25.726,
            "매매실거래년":20220106.0,
            "매매실거래가":6400.0,
            "전세실거래년":20211007.0,
            "전세실거래가":4000.0,
            "전세가율":62.5,
            "장기전세가율평균":79.54,
            "전세가율거품지수":17.04,
            "검색코드":108670,
            "세대수":498.0,
            "준공년월":"1999-09-09",
            "준공년차":24.0,
            "가까운역이름":"NA",
            "가까운역거리":"NA",
            "역세권여부":"NA",
            "30분이내주요거점역":"NA",
            "30분거점역이름":"NA",
            "1시간이내주요거점역":"NA",
            "1시간거점역이름":"NA",
            "3km이내백화점수":0,
            "5km이내아울렛몰수":0,
            "1km이내대형먀트수":0,
            "500m이내은행수":0,
            "500m이내병원수":0,
            "5km이내대형병원수":0,
            "500m이내공원수":3,
            "3km이내혐오시설수":0,
            "초등학교학업성취도":90.02,
            "중학교학업성취도":51.4,
            "용적률":184,
            "건폐율":17,
            "Y":37.872047,
            "X":128.824577,
            "rank":92.0,
            "area_info":"18평(62.04), 21평(72.16)",
            "last_sales":"2022-01-06,6400.0,18평(62.04)",
            "rank_history":[
                [
                    "202202",
                    92
                ],
                [
                    "202201",
                    92
                ]
            ],
            "rank_gap":0
        },
        {
            "index":387,
            "아파트명":"홍제우산",
            "투자타입":"일반",
            "전용면적(m2)":"45.93",
            "전용면적(평)":"13평",
            "법정동주소":"강원도 강릉시 홍제동 122",
            "도로명주소":"강원도 강릉시 토성로 51",
            "세대수":0,
            "입주년차":0,
            "용적률점수":"--",
            "건폐율점수":"--",
            "세대당주차수":0,
            "난방방식":30,
            "공급면적":"--",
            "전용률":"--",
            "욕실수":50,
            "현관타입":10,
            "주거총점":9.0,
            "지역구공급총점":0.0,
            "역세권":"NA",
            "30분내 이동가능 거점":"NA",
            "1시간내 이동가능 거점":"NA",
            "교통총점":"NA",
            "백화점":0,
            "아울렛몰":0,
            "대형마트":0,
            "은행":0,
            "병원":0,
            "종합병원":100,
            "공원":100,
            "혐오시설":0,
            "인프라총점":23.0,
            "초등학군":89.99,
            "중학군":43.16,
            "학군총점":52.526,
            "인구수":22.2,
            "인구증감":3.62,
            "인구총점":16.626,
            "일자리":14.06,
            "소득수준":53.81,
            "일자리총점":25.985,
            "가치 총점":25.4815,
            "매매실거래년":20220122.0,
            "매매실거래가":7700.0,
            "전세실거래년":20220103.0,
            "전세실거래가":7000.0,
            "전세가율":90.91,
            "장기전세가율평균":79.54,
            "전세가율거품지수":-11.37,
            "검색코드":14424,
            "세대수":182.0,
            "준공년월":"1997-12-13",
            "준공년차":26.0,
            "가까운역이름":"NA",
            "가까운역거리":"NA",
            "역세권여부":"NA",
            "30분이내주요거점역":"NA",
            "30분거점역이름":"NA",
            "1시간이내주요거점역":"NA",
            "1시간거점역이름":"NA",
            "3km이내백화점수":0,
            "5km이내아울렛몰수":0,
            "1km이내대형먀트수":0,
            "500m이내은행수":0,
            "500m이내병원수":1,
            "5km이내대형병원수":3,
            "500m이내공원수":2,
            "3km이내혐오시설수":0,
            "초등학교학업성취도":89.99,
            "중학교학업성취도":71.0,
            "용적률":264,
            "건폐율":28,
            "Y":37.75115,
            "X":128.88351,
            "rank":93.0,
            "area_info":"13평(45.93), 21평(69.74), 24평(80.0), 25평(82.83), 34평(114.29)",
            "last_sales":"2022-01-22,7700.0,13평(45.93)",
            "rank_history":[
                [
                    "202202",
                    93
                ],
                [
                    "202201",
                    91
                ]
            ],
            "rank_gap":-2
        },
        {
            "index":41,
            "아파트명":"매화",
            "투자타입":"재건축",
            "전용면적(m2)":"54.36",
            "전용면적(평)":"16평",
            "법정동주소":"강원도 강릉시 교동 318-4",
            "도로명주소":"강원도 강릉시 율곡로2968번길 26",
            "세대수":0,
            "입주년차":"--",
            "용적률점수":0,
            "건폐율점수":0,
            "세대당주차수":"--",
            "난방방식":"--",
            "공급면적":50,
            "전용률":80,
            "욕실수":"--",
            "현관타입":"--",
            "주거총점":6.5,
            "지역구공급총점":0.0,
            "역세권":"NA",
            "30분내 이동가능 거점":"NA",
            "1시간내 이동가능 거점":"NA",
            "교통총점":"NA",
            "백화점":0,
            "아울렛몰":0,
            "대형마트":0,
            "은행":0,
            "병원":10,
            "종합병원":100,
            "공원":100,
            "혐오시설":0,
            "인프라총점":24.0,
            "초등학군":89.98,
            "중학군":44.36,
            "학군총점":53.484,
            "인구수":22.2,
            "인구증감":3.62,
            "인구총점":16.626,
            "일자리":14.06,
            "소득수준":53.81,
            "일자리총점":25.985,
            "가치 총점":25.246,
            "매매실거래년":20220117.0,
            "매매실거래가":10800.0,
            "전세실거래년":20210925.0,
            "전세실거래가":8000.0,
            "전세가율":74.07,
            "장기전세가율평균":79.54,
            "전세가율거품지수":5.47,
            "검색코드":116031,
            "세대수":100.0,
            "준공년월":"1987-08-04",
            "준공년차":36.0,
            "가까운역이름":"NA",
            "가까운역거리":"NA",
            "역세권여부":"NA",
            "30분이내주요거점역":"NA",
            "30분거점역이름":"NA",
            "1시간이내주요거점역":"NA",
            "1시간거점역이름":"NA",
            "3km이내백화점수":0,
            "5km이내아울렛몰수":0,
            "1km이내대형먀트수":0,
            "500m이내은행수":0,
            "500m이내병원수":3,
            "5km이내대형병원수":3,
            "500m이내공원수":2,
            "3km이내혐오시설수":0,
            "초등학교학업성취도":89.98,
            "중학교학업성취도":73.4,
            "용적률":0,
            "건폐율":0,
            "Y":37.768758,
            "X":128.894242,
            "rank":94.0,
            "area_info":"16평(54.36)",
            "last_sales":"2022-01-17,10800.0,16평(54.36)",
            "rank_history":[
                [
                    "202202",
                    94
                ],
                [
                    "202201",
                    93
                ]
            ],
            "rank_gap":-1
        },
        {
            "index":162,
            "아파트명":"부영사랑으로2단지",
            "투자타입":"일반",
            "전용면적(m2)":"80.77",
            "전용면적(평)":"24평",
            "법정동주소":"강원도 강릉시 연곡면 영진리 12",
            "도로명주소":"강원도 강릉시 영진3길 43",
            "세대수":30,
            "입주년차":40,
            "용적률점수":"--",
            "건폐율점수":"--",
            "세대당주차수":0,
            "난방방식":30,
            "공급면적":"--",
            "전용률":"--",
            "욕실수":100,
            "현관타입":100,
            "주거총점":41.5,
            "지역구공급총점":0.0,
            "역세권":"NA",
            "30분내 이동가능 거점":"NA",
            "1시간내 이동가능 거점":"NA",
            "교통총점":"NA",
            "백화점":0,
            "아울렛몰":0,
            "대형마트":0,
            "은행":0,
            "병원":0,
            "종합병원":0,
            "공원":0,
            "혐오시설":0,
            "인프라총점":0.0,
            "초등학군":89.95,
            "중학군":31.0,
            "학군총점":42.79,
            "인구수":22.2,
            "인구증감":3.62,
            "인구총점":16.626,
            "일자리":14.06,
            "소득수준":53.81,
            "일자리총점":25.985,
            "가치 총점":25.2225,
            "매매실거래년":20220123.0,
            "매매실거래가":16000.0,
            "전세실거래년":20211128.0,
            "전세실거래가":15000.0,
            "전세가율":93.75,
            "장기전세가율평균":79.54,
            "전세가율거품지수":-14.21,
            "검색코드":115511,
            "세대수":371.0,
            "준공년월":"2005-12-26",
            "준공년차":18.0,
            "가까운역이름":"NA",
            "가까운역거리":"NA",
            "역세권여부":"NA",
            "30분이내주요거점역":"NA",
            "30분거점역이름":"NA",
            "1시간이내주요거점역":"NA",
            "1시간거점역이름":"NA",
            "3km이내백화점수":0,
            "5km이내아울렛몰수":0,
            "1km이내대형먀트수":0,
            "500m이내은행수":0,
            "500m이내병원수":0,
            "5km이내대형병원수":0,
            "500m이내공원수":0,
            "3km이내혐오시설수":0,
            "초등학교학업성취도":89.95,
            "중학교학업성취도":51.4,
            "용적률":194,
            "건폐율":25,
            "Y":37.869661,
            "X":128.841358,
            "rank":95.0,
            "area_info":"24평(80.77), 35평(118.33)",
            "last_sales":"2022-01-23,16000.0,24평(80.77)",
            "rank_history":[
                [
                    "202202",
                    95
                ],
                [
                    "202201",
                    95
                ]
            ],
            "rank_gap":0
        },
        {
            "index":66,
            "아파트명":"남산삼익",
            "투자타입":"일반",
            "전용면적(m2)":"77.62",
            "전용면적(평)":"23평",
            "법정동주소":"강원도 강릉시 내곡동 127",
            "도로명주소":"강원도 강릉시 남부로125번길 37",
            "세대수":0,
            "입주년차":0,
            "용적률점수":"--",
            "건폐율점수":"--",
            "세대당주차수":0,
            "난방방식":30,
            "공급면적":"--",
            "전용률":"--",
            "욕실수":50,
            "현관타입":10,
            "주거총점":9.0,
            "지역구공급총점":0.0,
            "역세권":"NA",
            "30분내 이동가능 거점":"NA",
            "1시간내 이동가능 거점":"NA",
            "교통총점":"NA",
            "백화점":0,
            "아울렛몰":0,
            "대형마트":0,
            "은행":0,
            "병원":0,
            "종합병원":100,
            "공원":80,
            "혐오시설":0,
            "인프라총점":22.4,
            "초등학군":89.99,
            "중학군":42.44,
            "학군총점":51.95,
            "인구수":22.2,
            "인구증감":3.62,
            "인구총점":16.626,
            "일자리":14.06,
            "소득수준":53.81,
            "일자리총점":25.985,
            "가치 총점":25.0975,
            "매매실거래년":20220115.0,
            "매매실거래가":17200.0,
            "전세실거래년":20210906.0,
            "전세실거래가":9000.0,
            "전세가율":52.33,
            "장기전세가율평균":79.54,
            "전세가율거품지수":27.21,
            "검색코드":5879,
            "세대수":289.0,
            "준공년월":"1993-05-24",
            "준공년차":30.0,
            "가까운역이름":"NA",
            "가까운역거리":"NA",
            "역세권여부":"NA",
            "30분이내주요거점역":"NA",
            "30분거점역이름":"NA",
            "1시간이내주요거점역":"NA",
            "1시간거점역이름":"NA",
            "3km이내백화점수":0,
            "5km이내아울렛몰수":0,
            "1km이내대형먀트수":0,
            "500m이내은행수":0,
            "500m이내병원수":1,
            "5km이내대형병원수":3,
            "500m이내공원수":1,
            "3km이내혐오시설수":0,
            "초등학교학업성취도":89.99,
            "중학교학업성취도":69.2,
            "용적률":245,
            "건폐율":30,
            "Y":37.74398,
            "X":128.89158,
            "rank":96.0,
            "area_info":"23평(77.62), 23평(77.74), 26평(86.54), 28평(94.78), 30평(101.52)",
            "last_sales":"2022-01-15,17200.0,23평(77.62)",
            "rank_history":[
                [
                    "202202",
                    96
                ],
                [
                    "202201",
                    94
                ]
            ],
            "rank_gap":-2
        },
        {
            "index":48,
            "아파트명":"이화주택",
            "투자타입":"재건축",
            "전용면적(m2)":"79.74",
            "전용면적(평)":"24평",
            "법정동주소":"강원도 강릉시 교동 303-1",
            "도로명주소":"강원도 강릉시 율곡로2968번안길 2",
            "세대수":0,
            "입주년차":"--",
            "용적률점수":0,
            "건폐율점수":0,
            "세대당주차수":"--",
            "난방방식":"--",
            "공급면적":50,
            "전용률":60,
            "욕실수":"--",
            "현관타입":"--",
            "주거총점":5.5,
            "지역구공급총점":0.0,
            "역세권":"NA",
            "30분내 이동가능 거점":"NA",
            "1시간내 이동가능 거점":"NA",
            "교통총점":"NA",
            "백화점":0,
            "아울렛몰":0,
            "대형마트":0,
            "은행":0,
            "병원":10,
            "종합병원":100,
            "공원":80,
            "혐오시설":0,
            "인프라총점":23.4,
            "초등학군":89.98,
            "중학군":44.36,
            "학군총점":53.484,
            "인구수":22.2,
            "인구증감":3.62,
            "인구총점":16.626,
            "일자리":14.06,
            "소득수준":53.81,
            "일자리총점":25.985,
            "가치 총점":24.656,
            "매매실거래년":"18000101",
            "매매실거래가":null,
            "전세실거래년":null,
            "전세실거래가":null,
            "전세가율":null,
            "장기전세가율평균":79.54,
            "전세가율거품지수":null,
            "검색코드":135744,
            "세대수":120.0,
            "준공년월":"1984-12-27",
            "준공년차":39.0,
            "가까운역이름":"NA",
            "가까운역거리":"NA",
            "역세권여부":"NA",
            "30분이내주요거점역":"NA",
            "30분거점역이름":"NA",
            "1시간이내주요거점역":"NA",
            "1시간거점역이름":"NA",
            "3km이내백화점수":0,
            "5km이내아울렛몰수":0,
            "1km이내대형먀트수":0,
            "500m이내은행수":0,
            "500m이내병원수":3,
            "5km이내대형병원수":3,
            "500m이내공원수":1,
            "3km이내혐오시설수":0,
            "초등학교학업성취도":89.98,
            "중학교학업성취도":73.4,
            "용적률":0,
            "건폐율":0,
            "Y":37.767518,
            "X":128.89391,
            "rank":97.0,
            "area_info":"24평(79.74), 24평(79.74), 26평(86.37)",
            "last_sales":"1800-01-01,nan,24평(79.74)",
            "rank_history":[
                [
                    "202202",
                    97
                ],
                [
                    "202201",
                    97
                ]
            ],
            "rank_gap":0
        },
        {
            "index":100,
            "아파트명":"노암주공2단지",
            "투자타입":"재건축",
            "전용면적(m2)":"47.57",
            "전용면적(평)":"14평",
            "법정동주소":"강원도 강릉시 노암동 835",
            "도로명주소":"강원도 강릉시 노가니남길 25",
            "세대수":0,
            "입주년차":"--",
            "용적률점수":0,
            "건폐율점수":0,
            "세대당주차수":"--",
            "난방방식":"--",
            "공급면적":50,
            "전용률":100,
            "욕실수":"--",
            "현관타입":"--",
            "주거총점":7.5,
            "지역구공급총점":0.0,
            "역세권":"NA",
            "30분내 이동가능 거점":"NA",
            "1시간내 이동가능 거점":"NA",
            "교통총점":"NA",
            "백화점":0,
            "아울렛몰":0,
            "대형마트":0,
            "은행":0,
            "병원":0,
            "종합병원":100,
            "공원":80,
            "혐오시설":0,
            "인프라총점":22.4,
            "초등학군":90.05,
            "중학군":42.44,
            "학군총점":51.962,
            "인구수":22.2,
            "인구증감":3.62,
            "인구총점":16.626,
            "일자리":14.06,
            "소득수준":53.81,
            "일자리총점":25.985,
            "가치 총점":24.5755,
            "매매실거래년":20211202.0,
            "매매실거래가":12000.0,
            "전세실거래년":20130302.0,
            "전세실거래가":1900.0,
            "전세가율":27.54,
            "장기전세가율평균":79.54,
            "전세가율거품지수":52.0,
            "검색코드":5921,
            "세대수":240.0,
            "준공년월":"1984-12-30",
            "준공년차":39.0,
            "가까운역이름":"NA",
            "가까운역거리":"NA",
            "역세권여부":"NA",
            "30분이내주요거점역":"NA",
            "30분거점역이름":"NA",
            "1시간이내주요거점역":"NA",
            "1시간거점역이름":"NA",
            "3km이내백화점수":0,
            "5km이내아울렛몰수":0,
            "1km이내대형먀트수":0,
            "500m이내은행수":0,
            "500m이내병원수":1,
            "5km이내대형병원수":3,
            "500m이내공원수":1,
            "3km이내혐오시설수":0,
            "초등학교학업성취도":90.05,
            "중학교학업성취도":69.2,
            "용적률":0,
            "건폐율":0,
            "Y":37.745532,
            "X":128.90614,
            "rank":98.0,
            "area_info":"14평(47.57), 16평(54.77), 19평(65.99)",
            "last_sales":"2021-12-02,12000.0,19평(65.99)",
            "rank_history":[
                [
                    "202202",
                    98
                ],
                [
                    "202201",
                    98
                ]
            ],
            "rank_gap":0
        },
        {
            "index":114,
            "아파트명":"대림",
            "투자타입":"재건축",
            "전용면적(m2)":"58.88",
            "전용면적(평)":"17평",
            "법정동주소":"강원도 강릉시 노암동 627-2",
            "도로명주소":"강원도 강릉시 임영로25번길 13",
            "세대수":0,
            "입주년차":"--",
            "용적률점수":0,
            "건폐율점수":0,
            "세대당주차수":"--",
            "난방방식":"--",
            "공급면적":50,
            "전용률":80,
            "욕실수":"--",
            "현관타입":"--",
            "주거총점":6.5,
            "지역구공급총점":0.0,
            "역세권":"NA",
            "30분내 이동가능 거점":"NA",
            "1시간내 이동가능 거점":"NA",
            "교통총점":"NA",
            "백화점":0,
            "아울렛몰":0,
            "대형마트":0,
            "은행":0,
            "병원":0,
            "종합병원":100,
            "공원":100,
            "혐오시설":0,
            "인프라총점":23.0,
            "초등학군":89.99,
            "중학군":42.44,
            "학군총점":51.95,
            "인구수":22.2,
            "인구증감":3.62,
            "인구총점":16.626,
            "일자리":14.06,
            "소득수준":53.81,
            "일자리총점":25.985,
            "가치 총점":24.4625,
            "매매실거래년":20220117.0,
            "매매실거래가":5800.0,
            "전세실거래년":20181227.0,
            "전세실거래가":6500.0,
            "전세가율":112.07,
            "장기전세가율평균":79.54,
            "전세가율거품지수":-32.53,
            "검색코드":106297,
            "세대수":180.0,
            "준공년월":"1989-01-13",
            "준공년차":34.0,
            "가까운역이름":"NA",
            "가까운역거리":"NA",
            "역세권여부":"NA",
            "30분이내주요거점역":"NA",
            "30분거점역이름":"NA",
            "1시간이내주요거점역":"NA",
            "1시간거점역이름":"NA",
            "3km이내백화점수":0,
            "5km이내아울렛몰수":0,
            "1km이내대형먀트수":0,
            "500m이내은행수":0,
            "500m이내병원수":1,
            "5km이내대형병원수":3,
            "500m이내공원수":2,
            "3km이내혐오시설수":0,
            "초등학교학업성취도":89.99,
            "중학교학업성취도":69.2,
            "용적률":0,
            "건폐율":0,
            "Y":37.744442,
            "X":128.89436,
            "rank":99.0,
            "area_info":"17평(58.88)",
            "last_sales":"2022-01-17,5800.0,17평(58.88)",
            "rank_history":[
                [
                    "202202",
                    99
                ],
                [
                    "202201",
                    99
                ]
            ],
            "rank_gap":0
        },
        {
            "index":273,
            "아파트명":"주문진라일플로리스4차(도시형)",
            "투자타입":"일반",
            "전용면적(m2)":"32.9",
            "전용면적(평)":"9평",
            "법정동주소":"강원도 강릉시 주문진읍 주문리 61",
            "도로명주소":"강원도 강릉시 오리나루2길 25",
            "세대수":0,
            "입주년차":80,
            "용적률점수":"--",
            "건폐율점수":"--",
            "세대당주차수":0,
            "난방방식":30,
            "공급면적":"--",
            "전용률":"--",
            "욕실수":50,
            "현관타입":100,
            "주거총점":34.0,
            "지역구공급총점":0.0,
            "역세권":"NA",
            "30분내 이동가능 거점":"NA",
            "1시간내 이동가능 거점":"NA",
            "교통총점":"NA",
            "백화점":0,
            "아울렛몰":0,
            "대형마트":0,
            "은행":0,
            "병원":0,
            "종합병원":0,
            "공원":0,
            "혐오시설":0,
            "인프라총점":0.0,
            "초등학군":90.12,
            "중학군":31.0,
            "학군총점":42.824,
            "인구수":22.2,
            "인구증감":3.62,
            "인구총점":16.626,
            "일자리":14.06,
            "소득수준":53.81,
            "일자리총점":25.985,
            "가치 총점":22.606,
            "매매실거래년":20220115.0,
            "매매실거래가":16000.0,
            "전세실거래년":20210525.0,
            "전세실거래가":7500.0,
            "전세가율":70.75,
            "장기전세가율평균":79.54,
            "전세가율거품지수":8.79,
            "검색코드":118253,
            "세대수":266.0,
            "준공년월":"2017-08-01",
            "준공년차":6.0,
            "가까운역이름":"NA",
            "가까운역거리":"NA",
            "역세권여부":"NA",
            "30분이내주요거점역":"NA",
            "30분거점역이름":"NA",
            "1시간이내주요거점역":"NA",
            "1시간거점역이름":"NA",
            "3km이내백화점수":0,
            "5km이내아울렛몰수":0,
            "1km이내대형먀트수":0,
            "500m이내은행수":0,
            "500m이내병원수":0,
            "5km이내대형병원수":0,
            "500m이내공원수":0,
            "3km이내혐오시설수":0,
            "초등학교학업성취도":90.12,
            "중학교학업성취도":51.4,
            "용적률":229,
            "건폐율":27,
            "Y":37.900113,
            "X":128.831241,
            "rank":100.0,
            "area_info":"9평(32.9), 11평(36.54), 11평(36.54), 12평(40.86), 12평(40.47), 13평(43.02), 13평(43.08), 13평(43.17), 14평(48.42), 14평(49.31), 14평(49.34), 14평(49.51), 15평(52.62), 16평(55.39), 16평(55.55), 16평(55.55), 20평(68.43), 20평(69.24), 21평(70.57)",
            "last_sales":"2022-01-15,16000.0,21평(70.57)",
            "rank_history":[
                [
                    "202202",
                    100
                ],
                [
                    "202201",
                    100
                ]
            ],
            "rank_gap":0
        },
        {
            "index":270,
            "아파트명":"주문진교항주공2단지",
            "투자타입":"일반",
            "전용면적(m2)":"55.57",
            "전용면적(평)":"16평",
            "법정동주소":"강원도 강릉시 주문진읍 교항리 1256",
            "도로명주소":"강원도 강릉시 연주로 241-7",
            "세대수":50,
            "입주년차":20,
            "용적률점수":"--",
            "건폐율점수":"--",
            "세대당주차수":0,
            "난방방식":30,
            "공급면적":"--",
            "전용률":"--",
            "욕실수":50,
            "현관타입":10,
            "주거총점":30.5,
            "지역구공급총점":0.0,
            "역세권":"NA",
            "30분내 이동가능 거점":"NA",
            "1시간내 이동가능 거점":"NA",
            "교통총점":"NA",
            "백화점":0,
            "아울렛몰":0,
            "대형마트":0,
            "은행":0,
            "병원":0,
            "종합병원":0,
            "공원":80,
            "혐오시설":0,
            "인프라총점":2.4,
            "초등학군":90.02,
            "중학군":31.0,
            "학군총점":42.804,
            "인구수":22.2,
            "인구증감":3.62,
            "인구총점":16.626,
            "일자리":14.06,
            "소득수준":53.81,
            "일자리총점":25.985,
            "가치 총점":22.336,
            "매매실거래년":20211217.0,
            "매매실거래가":8500.0,
            "전세실거래년":20210906.0,
            "전세실거래가":7000.0,
            "전세가율":82.35,
            "장기전세가율평균":79.54,
            "전세가율거품지수":-2.81,
            "검색코드":23878,
            "세대수":475.0,
            "준공년월":"2000-07-31",
            "준공년차":23.0,
            "가까운역이름":"NA",
            "가까운역거리":"NA",
            "역세권여부":"NA",
            "30분이내주요거점역":"NA",
            "30분거점역이름":"NA",
            "1시간이내주요거점역":"NA",
            "1시간거점역이름":"NA",
            "3km이내백화점수":0,
            "5km이내아울렛몰수":0,
            "1km이내대형먀트수":0,
            "500m이내은행수":0,
            "500m이내병원수":1,
            "5km이내대형병원수":0,
            "500m이내공원수":1,
            "3km이내혐오시설수":0,
            "초등학교학업성취도":90.02,
            "중학교학업성취도":51.4,
            "용적률":171,
            "건폐율":16,
            "Y":37.874814,
            "X":128.828371,
            "rank":101.0,
            "area_info":"16평(55.57), 16평(55.74), 21평(70.12)",
            "last_sales":"2021-12-17,8500.0,16평(55.57)",
            "rank_history":[
                [
                    "202202",
                    101
                ],
                [
                    "202201",
                    101
                ]
            ],
            "rank_gap":0
        },
        {
            "index":160,
            "아파트명":"부영사랑으로1단지",
            "투자타입":"일반",
            "전용면적(m2)":"84.34",
            "전용면적(평)":"25평",
            "법정동주소":"강원도 강릉시 연곡면 영진리 11",
            "도로명주소":"강원도 강릉시 영진3길 38",
            "세대수":0,
            "입주년차":40,
            "용적률점수":"--",
            "건폐율점수":"--",
            "세대당주차수":0,
            "난방방식":30,
            "공급면적":"--",
            "전용률":"--",
            "욕실수":100,
            "현관타입":100,
            "주거총점":31.0,
            "지역구공급총점":0.0,
            "역세권":"NA",
            "30분내 이동가능 거점":"NA",
            "1시간내 이동가능 거점":"NA",
            "교통총점":"NA",
            "백화점":0,
            "아울렛몰":0,
            "대형마트":0,
            "은행":0,
            "병원":0,
            "종합병원":0,
            "공원":0,
            "혐오시설":0,
            "인프라총점":0.0,
            "초등학군":89.95,
            "중학군":31.0,
            "학군총점":42.79,
            "인구수":22.2,
            "인구증감":3.62,
            "인구총점":16.626,
            "일자리":14.06,
            "소득수준":53.81,
            "일자리총점":25.985,
            "가치 총점":21.5475,
            "매매실거래년":20211023.0,
            "매매실거래가":15700.0,
            "전세실거래년":20210916.0,
            "전세실거래가":14000.0,
            "전세가율":89.17,
            "장기전세가율평균":79.54,
            "전세가율거품지수":-9.63,
            "검색코드":117328,
            "세대수":173.0,
            "준공년월":"2005-12-26",
            "준공년차":18.0,
            "가까운역이름":"NA",
            "가까운역거리":"NA",
            "역세권여부":"NA",
            "30분이내주요거점역":"NA",
            "30분거점역이름":"NA",
            "1시간이내주요거점역":"NA",
            "1시간거점역이름":"NA",
            "3km이내백화점수":0,
            "5km이내아울렛몰수":0,
            "1km이내대형먀트수":0,
            "500m이내은행수":0,
            "500m이내병원수":0,
            "5km이내대형병원수":0,
            "500m이내공원수":0,
            "3km이내혐오시설수":0,
            "초등학교학업성취도":89.95,
            "중학교학업성취도":51.4,
            "용적률":167,
            "건폐율":15,
            "Y":37.868665,
            "X":128.841934,
            "rank":102.0,
            "area_info":"25평(84.34), 25평(84.35)",
            "last_sales":"2021-10-23,15700.0,25평(84.34)",
            "rank_history":[
                [
                    "202202",
                    102
                ],
                [
                    "202201",
                    102
                ]
            ],
            "rank_gap":0
        },
        {
            "index":147,
            "아파트명":"강릉영진코아루비치테라스(도시형)",
            "투자타입":"일반",
            "전용면적(m2)":"32.73",
            "전용면적(평)":"9평",
            "법정동주소":"강원도 강릉시 연곡면 영진리 381",
            "도로명주소":"강원도 강릉시 홍질목길 12",
            "세대수":0,
            "입주년차":100,
            "용적률점수":"--",
            "건폐율점수":"--",
            "세대당주차수":0,
            "난방방식":30,
            "공급면적":"--",
            "전용률":"--",
            "욕실수":50,
            "현관타입":10,
            "주거총점":29.0,
            "지역구공급총점":0.0,
            "역세권":"NA",
            "30분내 이동가능 거점":"NA",
            "1시간내 이동가능 거점":"NA",
            "교통총점":"NA",
            "백화점":0,
            "아울렛몰":0,
            "대형마트":0,
            "은행":0,
            "병원":0,
            "종합병원":0,
            "공원":0,
            "혐오시설":0,
            "인프라총점":0.0,
            "초등학군":89.95,
            "중학군":31.0,
            "학군총점":42.79,
            "인구수":22.2,
            "인구증감":3.62,
            "인구총점":16.626,
            "일자리":14.06,
            "소득수준":53.81,
            "일자리총점":25.985,
            "가치 총점":20.8475,
            "매매실거래년":20211204.0,
            "매매실거래가":9750.0,
            "전세실거래년":null,
            "전세실거래가":null,
            "전세가율":null,
            "장기전세가율평균":79.54,
            "전세가율거품지수":null,
            "검색코드":119920,
            "세대수":298.0,
            "준공년월":"2019-12-01",
            "준공년차":4.0,
            "가까운역이름":"NA",
            "가까운역거리":"NA",
            "역세권여부":"NA",
            "30분이내주요거점역":"NA",
            "30분거점역이름":"NA",
            "1시간이내주요거점역":"NA",
            "1시간거점역이름":"NA",
            "3km이내백화점수":0,
            "5km이내아울렛몰수":0,
            "1km이내대형먀트수":0,
            "500m이내은행수":0,
            "500m이내병원수":0,
            "5km이내대형병원수":0,
            "500m이내공원수":0,
            "3km이내혐오시설수":0,
            "초등학교학업성취도":89.95,
            "중학교학업성취도":51.4,
            "용적률":244,
            "건폐율":18,
            "Y":37.868502,
            "X":128.843882,
            "rank":103.0,
            "area_info":"9평(32.73), 12평(40.53), 13평(43.8), 13평(44.56), 13평(45.7), 14평(46.49), 17평(56.62), 17평(56.36), 20평(67.03), 22평(75.38), 22평(75.82), 23평(76.49), 23평(77.9)",
            "last_sales":"2021-12-04,9750.0,9평(32.73)",
            "rank_history":[
                [
                    "202202",
                    103
                ],
                [
                    "202201",
                    103
                ]
            ],
            "rank_gap":0
        },
        {
            "index":165,
            "아파트명":"삼우그린",
            "투자타입":"일반",
            "전용면적(m2)":"42.16",
            "전용면적(평)":"12평",
            "법정동주소":"강원도 강릉시 연곡면 영진리 305-2",
            "도로명주소":"강원도 강릉시 연주로 132",
            "세대수":30,
            "입주년차":20,
            "용적률점수":"--",
            "건폐율점수":"--",
            "세대당주차수":0,
            "난방방식":30,
            "공급면적":"--",
            "전용률":"--",
            "욕실수":50,
            "현관타입":50,
            "주거총점":27.5,
            "지역구공급총점":0.0,
            "역세권":"NA",
            "30분내 이동가능 거점":"NA",
            "1시간내 이동가능 거점":"NA",
            "교통총점":"NA",
            "백화점":0,
            "아울렛몰":0,
            "대형마트":0,
            "은행":0,
            "병원":0,
            "종합병원":0,
            "공원":0,
            "혐오시설":0,
            "인프라총점":0.0,
            "초등학군":89.95,
            "중학군":31.0,
            "학군총점":42.79,
            "인구수":22.2,
            "인구증감":3.62,
            "인구총점":16.626,
            "일자리":14.06,
            "소득수준":53.81,
            "일자리총점":25.985,
            "가치 총점":20.3225,
            "매매실거래년":20220127.0,
            "매매실거래가":7300.0,
            "전세실거래년":20210816.0,
            "전세실거래가":2000.0,
            "전세가율":37.04,
            "장기전세가율평균":79.54,
            "전세가율거품지수":42.5,
            "검색코드":107628,
            "세대수":346.0,
            "준공년월":"1999-12-11",
            "준공년차":24.0,
            "가까운역이름":"NA",
            "가까운역거리":"NA",
            "역세권여부":"NA",
            "30분이내주요거점역":"NA",
            "30분거점역이름":"NA",
            "1시간이내주요거점역":"NA",
            "1시간거점역이름":"NA",
            "3km이내백화점수":0,
            "5km이내아울렛몰수":0,
            "1km이내대형먀트수":0,
            "500m이내은행수":0,
            "500m이내병원수":0,
            "5km이내대형병원수":0,
            "500m이내공원수":0,
            "3km이내혐오시설수":0,
            "초등학교학업성취도":89.95,
            "중학교학업성취도":51.4,
            "용적률":0,
            "건폐율":0,
            "Y":37.867831,
            "X":128.838624,
            "rank":104.0,
            "area_info":"12평(42.16), 18평(60.23)",
            "last_sales":"2022-01-27,7300.0,18평(60.23)",
            "rank_history":[
                [
                    "202202",
                    104
                ],
                [
                    "202201",
                    104
                ]
            ],
            "rank_gap":0
        },
        {
            "index":268,
            "아파트명":"주공1단지",
            "투자타입":"재건축",
            "전용면적(m2)":"42.55",
            "전용면적(평)":"12평",
            "법정동주소":"강원도 강릉시 주문진읍 교항리 387-6",
            "도로명주소":"강원도 강릉시 신리천로 72",
            "세대수":0,
            "입주년차":"--",
            "용적률점수":0,
            "건폐율점수":0,
            "세대당주차수":"--",
            "난방방식":"--",
            "공급면적":50,
            "전용률":80,
            "욕실수":"--",
            "현관타입":"--",
            "주거총점":6.5,
            "지역구공급총점":0.0,
            "역세권":"NA",
            "30분내 이동가능 거점":"NA",
            "1시간내 이동가능 거점":"NA",
            "교통총점":"NA",
            "백화점":0,
            "아울렛몰":0,
            "대형마트":80,
            "은행":0,
            "병원":10,
            "종합병원":0,
            "공원":80,
            "혐오시설":0,
            "인프라총점":15.4,
            "초등학군":90.02,
            "중학군":31.0,
            "학군총점":42.804,
            "인구수":22.2,
            "인구증감":3.62,
            "인구총점":16.626,
            "일자리":14.06,
            "소득수준":53.81,
            "일자리총점":25.985,
            "가치 총점":19.136,
            "매매실거래년":20211224.0,
            "매매실거래가":6000.0,
            "전세실거래년":20210104.0,
            "전세실거래가":4000.0,
            "전세가율":66.67,
            "장기전세가율평균":79.54,
            "전세가율거품지수":12.87,
            "검색코드":23124,
            "세대수":190.0,
            "준공년월":"1982-10-19",
            "준공년차":41.0,
            "가까운역이름":"NA",
            "가까운역거리":"NA",
            "역세권여부":"NA",
            "30분이내주요거점역":"NA",
            "30분거점역이름":"NA",
            "1시간이내주요거점역":"NA",
            "1시간거점역이름":"NA",
            "3km이내백화점수":0,
            "5km이내아울렛몰수":0,
            "1km이내대형먀트수":1,
            "500m이내은행수":0,
            "500m이내병원수":2,
            "5km이내대형병원수":0,
            "500m이내공원수":1,
            "3km이내혐오시설수":0,
            "초등학교학업성취도":90.02,
            "중학교학업성취도":51.4,
            "용적률":0,
            "건폐율":0,
            "Y":37.88352,
            "X":128.82311,
            "rank":105.0,
            "area_info":"12평(42.55), 13평(44.78)",
            "last_sales":"2021-12-24,6000.0,12평(42.55)",
            "rank_history":[
                [
                    "202202",
                    105
                ],
                [
                    "202201",
                    108
                ]
            ],
            "rank_gap":3
        },
        {
            "index":245,
            "아파트명":"극동",
            "투자타입":"재건축",
            "전용면적(m2)":"78.55",
            "전용면적(평)":"23평",
            "법정동주소":"강원도 강릉시 주문진읍 교항리 240-11",
            "도로명주소":"강원도 강릉시 웃사다리4길 20",
            "세대수":0,
            "입주년차":"--",
            "용적률점수":0,
            "건폐율점수":0,
            "세대당주차수":"--",
            "난방방식":"--",
            "공급면적":50,
            "전용률":80,
            "욕실수":"--",
            "현관타입":"--",
            "주거총점":6.5,
            "지역구공급총점":0.0,
            "역세권":"NA",
            "30분내 이동가능 거점":"NA",
            "1시간내 이동가능 거점":"NA",
            "교통총점":"NA",
            "백화점":0,
            "아울렛몰":0,
            "대형마트":80,
            "은행":0,
            "병원":30,
            "종합병원":0,
            "공원":0,
            "혐오시설":0,
            "인프라총점":15.0,
            "초등학군":90.02,
            "중학군":31.0,
            "학군총점":42.804,
            "인구수":22.2,
            "인구증감":3.62,
            "인구총점":16.626,
            "일자리":14.06,
            "소득수준":53.81,
            "일자리총점":25.985,
            "가치 총점":18.976,
            "매매실거래년":20211224.0,
            "매매실거래가":15000.0,
            "전세실거래년":20211231.0,
            "전세실거래가":10000.0,
            "전세가율":83.33,
            "장기전세가율평균":79.54,
            "전세가율거품지수":-3.79,
            "검색코드":23125,
            "세대수":203.0,
            "준공년월":"1991-10-01",
            "준공년차":32.0,
            "가까운역이름":"NA",
            "가까운역거리":"NA",
            "역세권여부":"NA",
            "30분이내주요거점역":"NA",
            "30분거점역이름":"NA",
            "1시간이내주요거점역":"NA",
            "1시간거점역이름":"NA",
            "3km이내백화점수":0,
            "5km이내아울렛몰수":0,
            "1km이내대형먀트수":1,
            "500m이내은행수":0,
            "500m이내병원수":8,
            "5km이내대형병원수":0,
            "500m이내공원수":0,
            "3km이내혐오시설수":0,
            "초등학교학업성취도":90.02,
            "중학교학업성취도":51.4,
            "용적률":0,
            "건폐율":0,
            "Y":37.88785,
            "X":128.820911,
            "rank":106.0,
            "area_info":"23평(78.55), 26평(87.37), 30평(101.51)",
            "last_sales":"2021-12-24,15000.0,30평(101.51)",
            "rank_history":[
                [
                    "202202",
                    106
                ],
                [
                    "202201",
                    107
                ]
            ],
            "rank_gap":1
        },
        {
            "index":264,
            "아파트명":"유성",
            "투자타입":"재건축",
            "전용면적(m2)":"62.36",
            "전용면적(평)":"18평",
            "법정동주소":"강원도 강릉시 주문진읍 교항리 430-1",
            "도로명주소":"강원도 강릉시 매맥이윗길 12-4",
            "세대수":0,
            "입주년차":"--",
            "용적률점수":0,
            "건폐율점수":0,
            "세대당주차수":"--",
            "난방방식":"--",
            "공급면적":50,
            "전용률":60,
            "욕실수":"--",
            "현관타입":"--",
            "주거총점":5.5,
            "지역구공급총점":0.0,
            "역세권":"NA",
            "30분내 이동가능 거점":"NA",
            "1시간내 이동가능 거점":"NA",
            "교통총점":"NA",
            "백화점":0,
            "아울렛몰":0,
            "대형마트":80,
            "은행":0,
            "병원":0,
            "종합병원":0,
            "공원":80,
            "혐오시설":0,
            "인프라총점":14.4,
            "초등학군":90.02,
            "중학군":31.0,
            "학군총점":42.804,
            "인구수":22.2,
            "인구증감":3.62,
            "인구총점":16.626,
            "일자리":14.06,
            "소득수준":53.81,
            "일자리총점":25.985,
            "가치 총점":18.386,
            "매매실거래년":20220122.0,
            "매매실거래가":4700.0,
            "전세실거래년":20141018.0,
            "전세실거래가":3000.0,
            "전세가율":85.71,
            "장기전세가율평균":79.54,
            "전세가율거품지수":-6.17,
            "검색코드":106299,
            "세대수":160.0,
            "준공년월":"1991-08-02",
            "준공년차":32.0,
            "가까운역이름":"NA",
            "가까운역거리":"NA",
            "역세권여부":"NA",
            "30분이내주요거점역":"NA",
            "30분거점역이름":"NA",
            "1시간이내주요거점역":"NA",
            "1시간거점역이름":"NA",
            "3km이내백화점수":0,
            "5km이내아울렛몰수":0,
            "1km이내대형먀트수":1,
            "500m이내은행수":0,
            "500m이내병원수":1,
            "5km이내대형병원수":0,
            "500m이내공원수":1,
            "3km이내혐오시설수":0,
            "초등학교학업성취도":90.02,
            "중학교학업성취도":51.4,
            "용적률":0,
            "건폐율":0,
            "Y":37.880411,
            "X":128.824239,
            "rank":107.0,
            "area_info":"18평(62.36), 19평(63.63), 19평(65.33), 21평(70.36)",
            "last_sales":"2022-01-22,4700.0,21평(70.36)",
            "rank_history":[
                [
                    "202202",
                    107
                ],
                [
                    "202201",
                    109
                ]
            ],
            "rank_gap":2
        },
        {
            "index":311,
            "아파트명":"케이티레파트더블루힐",
            "투자타입":"일반",
            "전용면적(m2)":"61.6",
            "전용면적(평)":"18평",
            "법정동주소":"강원도 강릉시 주문진읍 주문리 1585",
            "도로명주소":"강원도 강릉시 주문북로 147-32",
            "세대수":0,
            "입주년차":40,
            "용적률점수":"--",
            "건폐율점수":"--",
            "세대당주차수":0,
            "난방방식":30,
            "공급면적":"--",
            "전용률":"--",
            "욕실수":50,
            "현관타입":50,
            "주거총점":21.0,
            "지역구공급총점":0.0,
            "역세권":"NA",
            "30분내 이동가능 거점":"NA",
            "1시간내 이동가능 거점":"NA",
            "교통총점":"NA",
            "백화점":0,
            "아울렛몰":0,
            "대형마트":0,
            "은행":0,
            "병원":0,
            "종합병원":0,
            "공원":0,
            "혐오시설":0,
            "인프라총점":0.0,
            "초등학군":90.03,
            "중학군":31.0,
            "학군총점":42.806,
            "인구수":22.2,
            "인구증감":3.62,
            "인구총점":16.626,
            "일자리":14.06,
            "소득수준":53.81,
            "일자리총점":25.985,
            "가치 총점":18.0515,
            "매매실거래년":20220117.0,
            "매매실거래가":6500.0,
            "전세실거래년":20210330.0,
            "전세실거래가":6000.0,
            "전세가율":92.31,
            "장기전세가율평균":79.54,
            "전세가율거품지수":-12.77,
            "검색코드":26711,
            "세대수":111.0,
            "준공년월":"2007-08-31",
            "준공년차":16.0,
            "가까운역이름":"NA",
            "가까운역거리":"NA",
            "역세권여부":"NA",
            "30분이내주요거점역":"NA",
            "30분거점역이름":"NA",
            "1시간이내주요거점역":"NA",
            "1시간거점역이름":"NA",
            "3km이내백화점수":0,
            "5km이내아울렛몰수":0,
            "1km이내대형먀트수":0,
            "500m이내은행수":0,
            "500m이내병원수":0,
            "5km이내대형병원수":0,
            "500m이내공원수":0,
            "3km이내혐오시설수":0,
            "초등학교학업성취도":90.03,
            "중학교학업성취도":51.4,
            "용적률":214,
            "건폐율":16,
            "Y":37.903661,
            "X":128.818414,
            "rank":108.0,
            "area_info":"18평(61.6), 23평(78.9), 33평(109.12)",
            "last_sales":"2022-01-17,6500.0,18평(61.6)",
            "rank_history":[
                [
                    "202202",
                    108
                ],
                [
                    "202201",
                    105
                ]
            ],
            "rank_gap":-3
        },
        {
            "index":254,
            "아파트명":"소훈1차",
            "투자타입":"재건축",
            "전용면적(m2)":"59.72",
            "전용면적(평)":"18평",
            "법정동주소":"강원도 강릉시 주문진읍 교항리 44-7",
            "도로명주소":"강원도 강릉시 매맥이길 14-3",
            "세대수":0,
            "입주년차":"--",
            "용적률점수":0,
            "건폐율점수":0,
            "세대당주차수":"--",
            "난방방식":"--",
            "공급면적":50,
            "전용률":80,
            "욕실수":"--",
            "현관타입":"--",
            "주거총점":6.5,
            "지역구공급총점":0.0,
            "역세권":"NA",
            "30분내 이동가능 거점":"NA",
            "1시간내 이동가능 거점":"NA",
            "교통총점":"NA",
            "백화점":0,
            "아울렛몰":0,
            "대형마트":80,
            "은행":0,
            "병원":0,
            "종합병원":0,
            "공원":0,
            "혐오시설":0,
            "인프라총점":12.0,
            "초등학군":90.02,
            "중학군":31.0,
            "학군총점":42.804,
            "인구수":22.2,
            "인구증감":3.62,
            "인구총점":16.626,
            "일자리":14.06,
            "소득수준":53.81,
            "일자리총점":25.985,
            "가치 총점":17.776,
            "매매실거래년":20210816.0,
            "매매실거래가":7000.0,
            "전세실거래년":null,
            "전세실거래가":null,
            "전세가율":null,
            "장기전세가율평균":79.54,
            "전세가율거품지수":null,
            "검색코드":23882,
            "세대수":111.0,
            "준공년월":"1991-10-29",
            "준공년차":32.0,
            "가까운역이름":"NA",
            "가까운역거리":"NA",
            "역세권여부":"NA",
            "30분이내주요거점역":"NA",
            "30분거점역이름":"NA",
            "1시간이내주요거점역":"NA",
            "1시간거점역이름":"NA",
            "3km이내백화점수":0,
            "5km이내아울렛몰수":0,
            "1km이내대형먀트수":1,
            "500m이내은행수":0,
            "500m이내병원수":1,
            "5km이내대형병원수":0,
            "500m이내공원수":0,
            "3km이내혐오시설수":0,
            "초등학교학업성취도":90.02,
            "중학교학업성취도":51.4,
            "용적률":0,
            "건폐율":0,
            "Y":37.879383,
            "X":128.825614,
            "rank":109.0,
            "area_info":"18평(59.72), 22평(75.04), 22평(75.96), 24평(79.55), 25평(85.32), 27평(91.88), 28평(93.12), 28평(93.06)",
            "last_sales":"2021-08-16,7000.0,28평(93.06)",
            "rank_history":[
                [
                    "202202",
                    109
                ],
                [
                    "202201",
                    110
                ]
            ],
            "rank_gap":1
        },
        {
            "index":248,
            "아파트명":"동방타워맨션",
            "투자타입":"일반",
            "전용면적(m2)":"61.85",
            "전용면적(평)":"18평",
            "법정동주소":"강원도 강릉시 주문진읍 교항리 18-6",
            "도로명주소":"강원도 강릉시 매맥이아랫길 24",
            "세대수":0,
            "입주년차":0,
            "용적률점수":"--",
            "건폐율점수":"--",
            "세대당주차수":0,
            "난방방식":30,
            "공급면적":"--",
            "전용률":"--",
            "욕실수":50,
            "현관타입":100,
            "주거총점":18.0,
            "지역구공급총점":0.0,
            "역세권":"NA",
            "30분내 이동가능 거점":"NA",
            "1시간내 이동가능 거점":"NA",
            "교통총점":"NA",
            "백화점":0,
            "아울렛몰":0,
            "대형마트":0,
            "은행":0,
            "병원":0,
            "종합병원":0,
            "공원":0,
            "혐오시설":0,
            "인프라총점":0.0,
            "초등학군":90.02,
            "중학군":31.0,
            "학군총점":42.804,
            "인구수":22.2,
            "인구증감":3.62,
            "인구총점":16.626,
            "일자리":14.06,
            "소득수준":53.81,
            "일자리총점":25.985,
            "가치 총점":17.001,
            "매매실거래년":20211228.0,
            "매매실거래가":5300.0,
            "전세실거래년":20201224.0,
            "전세실거래가":5500.0,
            "전세가율":103.77,
            "장기전세가율평균":79.54,
            "전세가율거품지수":-24.23,
            "검색코드":23191,
            "세대수":158.0,
            "준공년월":"1994-09-17",
            "준공년차":29.0,
            "가까운역이름":"NA",
            "가까운역거리":"NA",
            "역세권여부":"NA",
            "30분이내주요거점역":"NA",
            "30분거점역이름":"NA",
            "1시간이내주요거점역":"NA",
            "1시간거점역이름":"NA",
            "3km이내백화점수":0,
            "5km이내아울렛몰수":0,
            "1km이내대형먀트수":0,
            "500m이내은행수":0,
            "500m이내병원수":1,
            "5km이내대형병원수":0,
            "500m이내공원수":0,
            "3km이내혐오시설수":0,
            "초등학교학업성취도":90.02,
            "중학교학업성취도":51.4,
            "용적률":320,
            "건폐율":33,
            "Y":37.875979,
            "X":128.826736,
            "rank":110.0,
            "area_info":"18평(61.85), 18평(61.76), 24평(79.52), 28평(95.15), 34평(112.43), 48평(160.61)",
            "last_sales":"2021-12-28,5300.0,18평(61.85)",
            "rank_history":[
                [
                    "202202",
                    110
                ],
                [
                    "202201",
                    106
                ]
            ],
            "rank_gap":-4
        }
    ]
}