{
    "schema":{
        "fields":[
            {
                "name":"index",
                "type":"integer"
            },
            {
                "name":"아파트명",
                "type":"string"
            },
            {
                "name":"투자타입",
                "type":"string"
            },
            {
                "name":"전용면적(m2)",
                "type":"string"
            },
            {
                "name":"전용면적(평)",
                "type":"string"
            },
            {
                "name":"법정동주소",
                "type":"string"
            },
            {
                "name":"도로명주소",
                "type":"string"
            },
            {
                "name":"세대수",
                "type":"integer"
            },
            {
                "name":"입주년차",
                "type":"string"
            },
            {
                "name":"용적률점수",
                "type":"string"
            },
            {
                "name":"건폐율점수",
                "type":"string"
            },
            {
                "name":"세대당주차수",
                "type":"string"
            },
            {
                "name":"난방방식",
                "type":"string"
            },
            {
                "name":"공급면적",
                "type":"string"
            },
            {
                "name":"전용률",
                "type":"string"
            },
            {
                "name":"욕실수",
                "type":"string"
            },
            {
                "name":"현관타입",
                "type":"string"
            },
            {
                "name":"주거총점",
                "type":"number"
            },
            {
                "name":"지역구공급총점",
                "type":"number"
            },
            {
                "name":"역세권",
                "type":"string"
            },
            {
                "name":"30분내 이동가능 거점",
                "type":"string"
            },
            {
                "name":"1시간내 이동가능 거점",
                "type":"string"
            },
            {
                "name":"교통총점",
                "type":"string"
            },
            {
                "name":"백화점",
                "type":"integer"
            },
            {
                "name":"아울렛몰",
                "type":"integer"
            },
            {
                "name":"대형마트",
                "type":"integer"
            },
            {
                "name":"은행",
                "type":"integer"
            },
            {
                "name":"병원",
                "type":"integer"
            },
            {
                "name":"종합병원",
                "type":"integer"
            },
            {
                "name":"공원",
                "type":"integer"
            },
            {
                "name":"혐오시설",
                "type":"integer"
            },
            {
                "name":"인프라총점",
                "type":"number"
            },
            {
                "name":"초등학군",
                "type":"number"
            },
            {
                "name":"중학군",
                "type":"number"
            },
            {
                "name":"학군총점",
                "type":"number"
            },
            {
                "name":"인구수",
                "type":"number"
            },
            {
                "name":"인구증감",
                "type":"number"
            },
            {
                "name":"인구총점",
                "type":"number"
            },
            {
                "name":"일자리",
                "type":"number"
            },
            {
                "name":"소득수준",
                "type":"number"
            },
            {
                "name":"일자리총점",
                "type":"number"
            },
            {
                "name":"가치 총점",
                "type":"number"
            },
            {
                "name":"매매실거래년",
                "type":"string"
            },
            {
                "name":"매매실거래가",
                "type":"number"
            },
            {
                "name":"전세실거래년",
                "type":"number"
            },
            {
                "name":"전세실거래가",
                "type":"number"
            },
            {
                "name":"전세가율",
                "type":"number"
            },
            {
                "name":"장기전세가율평균",
                "type":"number"
            },
            {
                "name":"전세가율거품지수",
                "type":"number"
            },
            {
                "name":"검색코드",
                "type":"integer"
            },
            {
                "name":"세대수",
                "type":"number"
            },
            {
                "name":"준공년월",
                "type":"string"
            },
            {
                "name":"준공년차",
                "type":"number"
            },
            {
                "name":"가까운역이름",
                "type":"string"
            },
            {
                "name":"가까운역거리",
                "type":"string"
            },
            {
                "name":"역세권여부",
                "type":"string"
            },
            {
                "name":"30분이내주요거점역",
                "type":"string"
            },
            {
                "name":"30분거점역이름",
                "type":"string"
            },
            {
                "name":"1시간이내주요거점역",
                "type":"string"
            },
            {
                "name":"1시간거점역이름",
                "type":"string"
            },
            {
                "name":"3km이내백화점수",
                "type":"integer"
            },
            {
                "name":"5km이내아울렛몰수",
                "type":"integer"
            },
            {
                "name":"1km이내대형먀트수",
                "type":"integer"
            },
            {
                "name":"500m이내은행수",
                "type":"integer"
            },
            {
                "name":"500m이내병원수",
                "type":"integer"
            },
            {
                "name":"5km이내대형병원수",
                "type":"integer"
            },
            {
                "name":"500m이내공원수",
                "type":"integer"
            },
            {
                "name":"3km이내혐오시설수",
                "type":"integer"
            },
            {
                "name":"초등학교학업성취도",
                "type":"number"
            },
            {
                "name":"중학교학업성취도",
                "type":"number"
            },
            {
                "name":"용적률",
                "type":"integer"
            },
            {
                "name":"건폐율",
                "type":"integer"
            },
            {
                "name":"Y",
                "type":"number"
            },
            {
                "name":"X",
                "type":"number"
            },
            {
                "name":"rank",
                "type":"number"
            },
            {
                "name":"area_info",
                "type":"string"
            },
            {
                "name":"last_sales",
                "type":"string"
            },
            {
                "name":"rank_history",
                "type":"string"
            },
            {
                "name":"rank_gap",
                "type":"integer"
            }
        ],
        "primaryKey":[
            "index"
        ],
        "pandas_version":"1.4.0"
    },
    "data":[
        {
            "index":124,
            "아파트명":"익산배산사랑으로부영1차",
            "투자타입":"일반",
            "전용면적(m2)":"95.81",
            "전용면적(평)":"28평",
            "법정동주소":"전라북도 익산시 모현동1가 812",
            "도로명주소":"전라북도 익산시 선화로 41",
            "세대수":90,
            "입주년차":60,
            "용적률점수":"--",
            "건폐율점수":"--",
            "세대당주차수":30,
            "난방방식":100,
            "공급면적":"--",
            "전용률":"--",
            "욕실수":100,
            "현관타입":100,
            "주거총점":78.0,
            "지역구공급총점":0.0,
            "역세권":"NA",
            "30분내 이동가능 거점":"NA",
            "1시간내 이동가능 거점":"NA",
            "교통총점":"NA",
            "백화점":0,
            "아울렛몰":0,
            "대형마트":100,
            "은행":0,
            "병원":80,
            "종합병원":100,
            "공원":100,
            "혐오시설":0,
            "인프라총점":46.0,
            "초등학군":90.01,
            "중학군":47.5,
            "학군총점":56.002,
            "인구수":29.52,
            "인구증감":-6.36,
            "인구총점":18.756,
            "일자리":17.37,
            "소득수준":55.25,
            "일자리총점":28.734,
            "가치 총점":59.7005,
            "매매실거래년":20220127.0,
            "매매실거래가":27000.0,
            "전세실거래년":20220127.0,
            "전세실거래가":24800.0,
            "전세가율":91.85,
            "장기전세가율평균":77.82,
            "전세가율거품지수":-14.03,
            "검색코드":105370,
            "세대수":1044.0,
            "준공년월":"2012-11-23",
            "준공년차":11.0,
            "가까운역이름":"NA",
            "가까운역거리":"NA",
            "역세권여부":"NA",
            "30분이내주요거점역":"NA",
            "30분거점역이름":"NA",
            "1시간이내주요거점역":"NA",
            "1시간거점역이름":"NA",
            "3km이내백화점수":0,
            "5km이내아울렛몰수":0,
            "1km이내대형먀트수":3,
            "500m이내은행수":1,
            "500m이내병원수":30,
            "5km이내대형병원수":2,
            "500m이내공원수":9,
            "3km이내혐오시설수":0,
            "초등학교학업성취도":90.01,
            "중학교학업성취도":77.5,
            "용적률":209,
            "건폐율":15,
            "Y":35.951806,
            "X":126.936494,
            "rank":1.0,
            "area_info":"28평(95.81), 34평(114.55)",
            "last_sales":"2022-01-27,27000.0,28평(95.81)",
            "rank_history":[
                [
                    "202202",
                    1
                ],
                [
                    "202201",
                    1
                ]
            ],
            "rank_gap":0
        },
        {
            "index":165,
            "아파트명":"배산제일오투그란데",
            "투자타입":"일반",
            "전용면적(m2)":"112.46",
            "전용면적(평)":"34평",
            "법정동주소":"전라북도 익산시 모현동2가 675",
            "도로명주소":"전라북도 익산시 선화로 17",
            "세대수":80,
            "입주년차":80,
            "용적률점수":"--",
            "건폐율점수":"--",
            "세대당주차수":30,
            "난방방식":100,
            "공급면적":"--",
            "전용률":"--",
            "욕실수":100,
            "현관타입":100,
            "주거총점":78.5,
            "지역구공급총점":0.0,
            "역세권":"NA",
            "30분내 이동가능 거점":"NA",
            "1시간내 이동가능 거점":"NA",
            "교통총점":"NA",
            "백화점":0,
            "아울렛몰":0,
            "대형마트":80,
            "은행":0,
            "병원":60,
            "종합병원":100,
            "공원":100,
            "혐오시설":0,
            "인프라총점":41.0,
            "초등학군":90.01,
            "중학군":47.5,
            "학군총점":56.002,
            "인구수":29.52,
            "인구증감":-6.36,
            "인구총점":18.756,
            "일자리":17.37,
            "소득수준":55.25,
            "일자리총점":28.734,
            "가치 총점":57.8755,
            "매매실거래년":20220112.0,
            "매매실거래가":37500.0,
            "전세실거래년":20220125.0,
            "전세실거래가":12258.0,
            "전세가율":32.69,
            "장기전세가율평균":77.82,
            "전세가율거품지수":45.13,
            "검색코드":105295,
            "세대수":739.0,
            "준공년월":"2014-10-28",
            "준공년차":9.0,
            "가까운역이름":"NA",
            "가까운역거리":"NA",
            "역세권여부":"NA",
            "30분이내주요거점역":"NA",
            "30분거점역이름":"NA",
            "1시간이내주요거점역":"NA",
            "1시간거점역이름":"NA",
            "3km이내백화점수":0,
            "5km이내아울렛몰수":0,
            "1km이내대형먀트수":1,
            "500m이내은행수":1,
            "500m이내병원수":17,
            "5km이내대형병원수":2,
            "500m이내공원수":5,
            "3km이내혐오시설수":0,
            "초등학교학업성취도":90.01,
            "중학교학업성취도":77.5,
            "용적률":205,
            "건폐율":17,
            "Y":35.952767,
            "X":126.934042,
            "rank":2.0,
            "area_info":"34평(112.46), 40평(135.33)",
            "last_sales":"2022-01-12,37500.0,34평(112.46)",
            "rank_history":[
                [
                    "202202",
                    2
                ],
                [
                    "202201",
                    7
                ]
            ],
            "rank_gap":5
        },
        {
            "index":119,
            "아파트명":"익산e편한세상",
            "투자타입":"일반",
            "전용면적(m2)":"80.43",
            "전용면적(평)":"24평",
            "법정동주소":"전라북도 익산시 모현동1가 954",
            "도로명주소":"전라북도 익산시 선화로10길 17",
            "세대수":100,
            "입주년차":60,
            "용적률점수":"--",
            "건폐율점수":"--",
            "세대당주차수":30,
            "난방방식":30,
            "공급면적":"--",
            "전용률":"--",
            "욕실수":100,
            "현관타입":100,
            "주거총점":74.5,
            "지역구공급총점":0.0,
            "역세권":"NA",
            "30분내 이동가능 거점":"NA",
            "1시간내 이동가능 거점":"NA",
            "교통총점":"NA",
            "백화점":0,
            "아울렛몰":0,
            "대형마트":100,
            "은행":0,
            "병원":60,
            "종합병원":100,
            "공원":0,
            "혐오시설":0,
            "인프라총점":41.0,
            "초등학군":90.0,
            "중학군":47.5,
            "학군총점":56.0,
            "인구수":29.52,
            "인구증감":-6.36,
            "인구총점":18.756,
            "일자리":17.37,
            "소득수준":55.25,
            "일자리총점":28.734,
            "가치 총점":56.475,
            "매매실거래년":20220119.0,
            "매매실거래가":25000.0,
            "전세실거래년":20211210.0,
            "전세실거래가":22000.0,
            "전세가율":88.0,
            "장기전세가율평균":77.82,
            "전세가율거품지수":-10.18,
            "검색코드":102326,
            "세대수":1581.0,
            "준공년월":"2012-12-07",
            "준공년차":11.0,
            "가까운역이름":"NA",
            "가까운역거리":"NA",
            "역세권여부":"NA",
            "30분이내주요거점역":"NA",
            "30분거점역이름":"NA",
            "1시간이내주요거점역":"NA",
            "1시간거점역이름":"NA",
            "3km이내백화점수":0,
            "5km이내아울렛몰수":0,
            "1km이내대형먀트수":2,
            "500m이내은행수":1,
            "500m이내병원수":24,
            "5km이내대형병원수":2,
            "500m이내공원수":0,
            "3km이내혐오시설수":0,
            "초등학교학업성취도":90.0,
            "중학교학업성취도":77.5,
            "용적률":298,
            "건폐율":18,
            "Y":35.946627,
            "X":126.946073,
            "rank":3.0,
            "area_info":"24평(80.43), 32평(106.14), 33평(109.84), 41평(136.93), 53평(175.92)",
            "last_sales":"2022-01-19,25000.0,24평(80.43)",
            "rank_history":[
                [
                    "202202",
                    3
                ],
                [
                    "202201",
                    2
                ]
            ],
            "rank_gap":-1
        },
        {
            "index":380,
            "아파트명":"제일3차",
            "투자타입":"일반",
            "전용면적(m2)":"76.34",
            "전용면적(평)":"23평",
            "법정동주소":"전라북도 익산시 영등동 821",
            "도로명주소":"전라북도 익산시 고봉로34길 35",
            "세대수":90,
            "입주년차":0,
            "용적률점수":"--",
            "건폐율점수":"--",
            "세대당주차수":30,
            "난방방식":80,
            "공급면적":"--",
            "전용률":"--",
            "욕실수":50,
            "현관타입":100,
            "주거총점":59.0,
            "지역구공급총점":0.0,
            "역세권":"NA",
            "30분내 이동가능 거점":"NA",
            "1시간내 이동가능 거점":"NA",
            "교통총점":"NA",
            "백화점":0,
            "아울렛몰":0,
            "대형마트":100,
            "은행":70,
            "병원":80,
            "종합병원":100,
            "공원":100,
            "혐오시설":-50,
            "인프라총점":52.0,
            "초등학군":90.0,
            "중학군":45.94,
            "학군총점":54.752,
            "인구수":29.52,
            "인구증감":-6.36,
            "인구총점":18.756,
            "일자리":17.37,
            "소득수준":55.25,
            "일자리총점":28.734,
            "가치 총점":55.138,
            "매매실거래년":20220128.0,
            "매매실거래가":16100.0,
            "전세실거래년":20220104.0,
            "전세실거래가":14000.0,
            "전세가율":86.96,
            "장기전세가율평균":77.82,
            "전세가율거품지수":-9.14,
            "검색코드":8033,
            "세대수":1177.0,
            "준공년월":"1998-12-19",
            "준공년차":25.0,
            "가까운역이름":"NA",
            "가까운역거리":"NA",
            "역세권여부":"NA",
            "30분이내주요거점역":"NA",
            "30분거점역이름":"NA",
            "1시간이내주요거점역":"NA",
            "1시간거점역이름":"NA",
            "3km이내백화점수":0,
            "5km이내아울렛몰수":0,
            "1km이내대형먀트수":2,
            "500m이내은행수":3,
            "500m이내병원수":55,
            "5km이내대형병원수":2,
            "500m이내공원수":6,
            "3km이내혐오시설수":1,
            "초등학교학업성취도":90.0,
            "중학교학업성취도":75.5,
            "용적률":213,
            "건폐율":24,
            "Y":35.96084,
            "X":126.975151,
            "rank":4.0,
            "area_info":"23평(76.34), 31평(103.89), 32평(107.43)",
            "last_sales":"2022-01-28,16100.0,23평(76.34)",
            "rank_history":[
                [
                    "202202",
                    4
                ],
                [
                    "202201",
                    3
                ]
            ],
            "rank_gap":-1
        },
        {
            "index":126,
            "아파트명":"익산배산에코르",
            "투자타입":"일반",
            "전용면적(m2)":"108.95",
            "전용면적(평)":"32평",
            "법정동주소":"전라북도 익산시 모현동1가 883",
            "도로명주소":"전라북도 익산시 배산로 93",
            "세대수":50,
            "입주년차":60,
            "용적률점수":"--",
            "건폐율점수":"--",
            "세대당주차수":60,
            "난방방식":30,
            "공급면적":"--",
            "전용률":"--",
            "욕실수":100,
            "현관타입":100,
            "주거총점":61.5,
            "지역구공급총점":0.0,
            "역세권":"NA",
            "30분내 이동가능 거점":"NA",
            "1시간내 이동가능 거점":"NA",
            "교통총점":"NA",
            "백화점":0,
            "아울렛몰":0,
            "대형마트":100,
            "은행":0,
            "병원":80,
            "종합병원":100,
            "공원":100,
            "혐오시설":0,
            "인프라총점":46.0,
            "초등학군":90.01,
            "중학군":47.5,
            "학군총점":56.002,
            "인구수":29.52,
            "인구증감":-6.36,
            "인구총점":18.756,
            "일자리":17.37,
            "소득수준":55.25,
            "일자리총점":28.734,
            "가치 총점":53.9255,
            "매매실거래년":20211212.0,
            "매매실거래가":34000.0,
            "전세실거래년":20210804.0,
            "전세실거래가":29000.0,
            "전세가율":85.29,
            "장기전세가율평균":77.82,
            "전세가율거품지수":-7.47,
            "검색코드":136027,
            "세대수":676.0,
            "준공년월":"2012-06-04",
            "준공년차":11.0,
            "가까운역이름":"NA",
            "가까운역거리":"NA",
            "역세권여부":"NA",
            "30분이내주요거점역":"NA",
            "30분거점역이름":"NA",
            "1시간이내주요거점역":"NA",
            "1시간거점역이름":"NA",
            "3km이내백화점수":0,
            "5km이내아울렛몰수":0,
            "1km이내대형먀트수":3,
            "500m이내은행수":1,
            "500m이내병원수":40,
            "5km이내대형병원수":2,
            "500m이내공원수":4,
            "3km이내혐오시설수":0,
            "초등학교학업성취도":90.01,
            "중학교학업성취도":77.5,
            "용적률":194,
            "건폐율":15,
            "Y":35.947321,
            "X":126.938137,
            "rank":5.0,
            "area_info":"32평(108.95), 33평(109.43), 33평(109.24), 33평(111.2), 38평(125.62), 38평(126.3), 38평(126.92)",
            "last_sales":"2021-12-12,34000.0,33평(109.43)",
            "rank_history":[
                [
                    "202202",
                    5
                ],
                [
                    "202201",
                    9
                ]
            ],
            "rank_gap":4
        },
        {
            "index":262,
            "아파트명":"익산금호어울림",
            "투자타입":"일반",
            "전용면적(m2)":"61.83",
            "전용면적(평)":"18평",
            "법정동주소":"전라북도 익산시 신동 861",
            "도로명주소":"전라북도 익산시 인북로 334",
            "세대수":80,
            "입주년차":80,
            "용적률점수":"--",
            "건폐율점수":"--",
            "세대당주차수":60,
            "난방방식":30,
            "공급면적":"--",
            "전용률":"--",
            "욕실수":50,
            "현관타입":100,
            "주거총점":71.0,
            "지역구공급총점":0.0,
            "역세권":"NA",
            "30분내 이동가능 거점":"NA",
            "1시간내 이동가능 거점":"NA",
            "교통총점":"NA",
            "백화점":0,
            "아울렛몰":0,
            "대형마트":80,
            "은행":0,
            "병원":30,
            "종합병원":100,
            "공원":100,
            "혐오시설":0,
            "인프라총점":38.0,
            "초등학군":89.97,
            "중학군":46.2,
            "학군총점":54.954,
            "인구수":29.52,
            "인구증감":-6.36,
            "인구총점":18.756,
            "일자리":17.37,
            "소득수준":55.25,
            "일자리총점":28.734,
            "가치 총점":53.7885,
            "매매실거래년":20220122.0,
            "매매실거래가":41000.0,
            "전세실거래년":20200115.0,
            "전세실거래가":15000.0,
            "전세가율":83.33,
            "장기전세가율평균":77.82,
            "전세가율거품지수":-5.51,
            "검색코드":105093,
            "세대수":732.0,
            "준공년월":"2014-08-22",
            "준공년차":9.0,
            "가까운역이름":"NA",
            "가까운역거리":"NA",
            "역세권여부":"NA",
            "30분이내주요거점역":"NA",
            "30분거점역이름":"NA",
            "1시간이내주요거점역":"NA",
            "1시간거점역이름":"NA",
            "3km이내백화점수":0,
            "5km이내아울렛몰수":0,
            "1km이내대형먀트수":1,
            "500m이내은행수":0,
            "500m이내병원수":5,
            "5km이내대형병원수":2,
            "500m이내공원수":12,
            "3km이내혐오시설수":0,
            "초등학교학업성취도":89.97,
            "중학교학업성취도":76.4,
            "용적률":276,
            "건폐율":22,
            "Y":35.957688,
            "X":126.961856,
            "rank":6.0,
            "area_info":"18평(61.83), 26평(88.0), 33평(109.79), 33평(109.64), 33평(111.01), 46평(154.57), 46평(154.61)",
            "last_sales":"2022-01-22,41000.0,46평(154.57)",
            "rank_history":[
                [
                    "202202",
                    6
                ],
                [
                    "202201",
                    4
                ]
            ],
            "rank_gap":-2
        },
        {
            "index":368,
            "아파트명":"우남그랜드타운",
            "투자타입":"일반",
            "전용면적(m2)":"76.45",
            "전용면적(평)":"23평",
            "법정동주소":"전라북도 익산시 영등동 822",
            "도로명주소":"전라북도 익산시 하나로13길 26",
            "세대수":90,
            "입주년차":20,
            "용적률점수":"--",
            "건폐율점수":"--",
            "세대당주차수":0,
            "난방방식":30,
            "공급면적":"--",
            "전용률":"--",
            "욕실수":100,
            "현관타입":100,
            "주거총점":58.5,
            "지역구공급총점":0.0,
            "역세권":"NA",
            "30분내 이동가능 거점":"NA",
            "1시간내 이동가능 거점":"NA",
            "교통총점":"NA",
            "백화점":0,
            "아울렛몰":0,
            "대형마트":100,
            "은행":20,
            "병원":100,
            "종합병원":100,
            "공원":100,
            "혐오시설":-50,
            "인프라총점":49.0,
            "초등학군":89.98,
            "중학군":45.94,
            "학군총점":54.748,
            "인구수":29.52,
            "인구증감":-6.36,
            "인구총점":18.756,
            "일자리":17.37,
            "소득수준":55.25,
            "일자리총점":28.734,
            "가치 총점":53.762,
            "매매실거래년":20220117.0,
            "매매실거래가":17200.0,
            "전세실거래년":20220116.0,
            "전세실거래가":14500.0,
            "전세가율":84.3,
            "장기전세가율평균":77.82,
            "전세가율거품지수":-6.48,
            "검색코드":8035,
            "세대수":1110.0,
            "준공년월":"1999-01-05",
            "준공년차":24.0,
            "가까운역이름":"NA",
            "가까운역거리":"NA",
            "역세권여부":"NA",
            "30분이내주요거점역":"NA",
            "30분거점역이름":"NA",
            "1시간이내주요거점역":"NA",
            "1시간거점역이름":"NA",
            "3km이내백화점수":0,
            "5km이내아울렛몰수":0,
            "1km이내대형먀트수":2,
            "500m이내은행수":2,
            "500m이내병원수":66,
            "5km이내대형병원수":2,
            "500m이내공원수":7,
            "3km이내혐오시설수":1,
            "초등학교학업성취도":89.98,
            "중학교학업성취도":75.5,
            "용적률":215,
            "건폐율":23,
            "Y":35.960995,
            "X":126.97863,
            "rank":7.0,
            "area_info":"23평(76.45), 31평(103.17)",
            "last_sales":"2022-01-17,17200.0,23평(76.45)",
            "rank_history":[
                [
                    "202202",
                    7
                ],
                [
                    "202201",
                    8
                ]
            ],
            "rank_gap":1
        },
        {
            "index":36,
            "아파트명":"비사벌",
            "투자타입":"재건축",
            "전용면적(m2)":"56.72",
            "전용면적(평)":"17평",
            "법정동주소":"전라북도 익산시 동산동 1058",
            "도로명주소":"전라북도 익산시 동천로7길 53-1",
            "세대수":50,
            "입주년차":"--",
            "용적률점수":100,
            "건폐율점수":60,
            "세대당주차수":"--",
            "난방방식":"--",
            "공급면적":50,
            "전용률":80,
            "욕실수":"--",
            "현관타입":"--",
            "주거총점":73.5,
            "지역구공급총점":0.0,
            "역세권":"NA",
            "30분내 이동가능 거점":"NA",
            "1시간내 이동가능 거점":"NA",
            "교통총점":"NA",
            "백화점":0,
            "아울렛몰":0,
            "대형마트":80,
            "은행":0,
            "병원":60,
            "종합병원":100,
            "공원":100,
            "혐오시설":0,
            "인프라총점":41.0,
            "초등학군":89.99,
            "중학군":35.28,
            "학군총점":46.222,
            "인구수":29.52,
            "인구증감":-6.36,
            "인구총점":18.756,
            "일자리":17.37,
            "소득수준":55.25,
            "일자리총점":28.734,
            "가치 총점":53.6805,
            "매매실거래년":20220122.0,
            "매매실거래가":8500.0,
            "전세실거래년":20220119.0,
            "전세실거래가":4000.0,
            "전세가율":61.54,
            "장기전세가율평균":77.82,
            "전세가율거품지수":16.28,
            "검색코드":5123,
            "세대수":470.0,
            "준공년월":"1989-01-14",
            "준공년차":34.0,
            "가까운역이름":"NA",
            "가까운역거리":"NA",
            "역세권여부":"NA",
            "30분이내주요거점역":"NA",
            "30분거점역이름":"NA",
            "1시간이내주요거점역":"NA",
            "1시간거점역이름":"NA",
            "3km이내백화점수":0,
            "5km이내아울렛몰수":0,
            "1km이내대형먀트수":1,
            "500m이내은행수":1,
            "500m이내병원수":15,
            "5km이내대형병원수":2,
            "500m이내공원수":8,
            "3km이내혐오시설수":0,
            "초등학교학업성취도":89.99,
            "중학교학업성취도":58.8,
            "용적률":134,
            "건폐율":32,
            "Y":35.933081,
            "X":126.966799,
            "rank":8.0,
            "area_info":"17평(56.72), 20평(67.37), 20평(67.35)",
            "last_sales":"2022-01-22,8500.0,20평(67.37)",
            "rank_history":[
                [
                    "202202",
                    8
                ],
                [
                    "202201",
                    5
                ]
            ],
            "rank_gap":-3
        },
        {
            "index":95,
            "아파트명":"모현오투그란데프리미어",
            "투자타입":"일반",
            "전용면적(m2)":"111.68",
            "전용면적(평)":"33평",
            "법정동주소":"전라북도 익산시 모현동1가 957",
            "도로명주소":"전라북도 익산시 군익로13길 26",
            "세대수":30,
            "입주년차":100,
            "용적률점수":"--",
            "건폐율점수":"--",
            "세대당주차수":60,
            "난방방식":30,
            "공급면적":"--",
            "전용률":"--",
            "욕실수":100,
            "현관타입":100,
            "주거총점":62.5,
            "지역구공급총점":0.0,
            "역세권":"NA",
            "30분내 이동가능 거점":"NA",
            "1시간내 이동가능 거점":"NA",
            "교통총점":"NA",
            "백화점":0,
            "아울렛몰":0,
            "대형마트":100,
            "은행":0,
            "병원":30,
            "종합병원":100,
            "공원":100,
            "혐오시설":0,
            "인프라총점":41.0,
            "초등학군":90.03,
            "중학군":47.5,
            "학군총점":56.006,
            "인구수":29.52,
            "인구증감":-6.36,
            "인구총점":18.756,
            "일자리":17.37,
            "소득수준":55.25,
            "일자리총점":28.734,
            "가치 총점":52.2765,
            "매매실거래년":20210806.0,
            "매매실거래가":34480.0,
            "전세실거래년":null,
            "전세실거래가":null,
            "전세가율":null,
            "장기전세가율평균":77.82,
            "전세가율거품지수":null,
            "검색코드":123734,
            "세대수":338.0,
            "준공년월":"2021-05-31",
            "준공년차":2.0,
            "가까운역이름":"NA",
            "가까운역거리":"NA",
            "역세권여부":"NA",
            "30분이내주요거점역":"NA",
            "30분거점역이름":"NA",
            "1시간이내주요거점역":"NA",
            "1시간거점역이름":"NA",
            "3km이내백화점수":0,
            "5km이내아울렛몰수":0,
            "1km이내대형먀트수":3,
            "500m이내은행수":0,
            "500m이내병원수":9,
            "5km이내대형병원수":2,
            "500m이내공원수":2,
            "3km이내혐오시설수":0,
            "초등학교학업성취도":90.03,
            "중학교학업성취도":77.5,
            "용적률":239,
            "건폐율":24,
            "Y":35.946321,
            "X":126.934595,
            "rank":9.0,
            "area_info":"33평(111.68), 34평(113.62), 46평(154.37), 46평(155.06)",
            "last_sales":"2021-08-06,34480.0,34평(113.62)",
            "rank_history":[
                [
                    "202202",
                    9
                ],
                [
                    "202201",
                    12
                ]
            ],
            "rank_gap":3
        },
        {
            "index":47,
            "아파트명":"오씨아이사원",
            "투자타입":"재건축",
            "전용면적(m2)":"66.89",
            "전용면적(평)":"20평",
            "법정동주소":"전라북도 익산시 동산동 1053",
            "도로명주소":"전라북도 익산시 서동로18길 50",
            "세대수":0,
            "입주년차":"--",
            "용적률점수":100,
            "건폐율점수":100,
            "세대당주차수":"--",
            "난방방식":"--",
            "공급면적":50,
            "전용률":60,
            "욕실수":"--",
            "현관타입":"--",
            "주거총점":65.5,
            "지역구공급총점":0.0,
            "역세권":"NA",
            "30분내 이동가능 거점":"NA",
            "1시간내 이동가능 거점":"NA",
            "교통총점":"NA",
            "백화점":0,
            "아울렛몰":0,
            "대형마트":100,
            "은행":0,
            "병원":60,
            "종합병원":100,
            "공원":100,
            "혐오시설":0,
            "인프라총점":44.0,
            "초등학군":89.99,
            "중학군":35.28,
            "학군총점":46.222,
            "인구수":29.52,
            "인구증감":-6.36,
            "인구총점":18.756,
            "일자리":17.37,
            "소득수준":55.25,
            "일자리총점":28.734,
            "가치 총점":52.0805,
            "매매실거래년":20220125.0,
            "매매실거래가":8700.0,
            "전세실거래년":20220126.0,
            "전세실거래가":5000.0,
            "전세가율":57.47,
            "장기전세가율평균":77.82,
            "전세가율거품지수":20.35,
            "검색코드":112930,
            "세대수":150.0,
            "준공년월":"1989-08-26",
            "준공년차":34.0,
            "가까운역이름":"NA",
            "가까운역거리":"NA",
            "역세권여부":"NA",
            "30분이내주요거점역":"NA",
            "30분거점역이름":"NA",
            "1시간이내주요거점역":"NA",
            "1시간거점역이름":"NA",
            "3km이내백화점수":0,
            "5km이내아울렛몰수":0,
            "1km이내대형먀트수":2,
            "500m이내은행수":1,
            "500m이내병원수":15,
            "5km이내대형병원수":2,
            "500m이내공원수":12,
            "3km이내혐오시설수":0,
            "초등학교학업성취도":89.99,
            "중학교학업성취도":58.8,
            "용적률":77,
            "건폐율":17,
            "Y":35.934045,
            "X":126.964659,
            "rank":10.0,
            "area_info":"20평(66.89), 22평(75.49)",
            "last_sales":"2022-01-25,8700.0,20평(66.89)",
            "rank_history":[
                [
                    "202202",
                    10
                ],
                [
                    "202201",
                    10
                ]
            ],
            "rank_gap":0
        },
        {
            "index":376,
            "아파트명":"제일1차",
            "투자타입":"일반",
            "전용면적(m2)":"75.58",
            "전용면적(평)":"22평",
            "법정동주소":"전라북도 익산시 영등동 768-1",
            "도로명주소":"전라북도 익산시 고봉로30길 13",
            "세대수":90,
            "입주년차":0,
            "용적률점수":"--",
            "건폐율점수":"--",
            "세대당주차수":0,
            "난방방식":30,
            "공급면적":"--",
            "전용률":"--",
            "욕실수":50,
            "현관타입":100,
            "주거총점":49.5,
            "지역구공급총점":0.0,
            "역세권":"NA",
            "30분내 이동가능 거점":"NA",
            "1시간내 이동가능 거점":"NA",
            "교통총점":"NA",
            "백화점":0,
            "아울렛몰":0,
            "대형마트":100,
            "은행":70,
            "병원":80,
            "종합병원":100,
            "공원":100,
            "혐오시설":-50,
            "인프라총점":52.0,
            "초등학군":90.0,
            "중학군":45.78,
            "학군총점":54.624,
            "인구수":29.52,
            "인구증감":-6.36,
            "인구총점":18.756,
            "일자리":17.37,
            "소득수준":55.25,
            "일자리총점":28.734,
            "가치 총점":51.781,
            "매매실거래년":20220128.0,
            "매매실거래가":14450.0,
            "전세실거래년":20220121.0,
            "전세실거래가":13860.0,
            "전세가율":95.92,
            "장기전세가율평균":77.82,
            "전세가율거품지수":-18.1,
            "검색코드":8031,
            "세대수":900.0,
            "준공년월":"1995-04-04",
            "준공년차":28.0,
            "가까운역이름":"NA",
            "가까운역거리":"NA",
            "역세권여부":"NA",
            "30분이내주요거점역":"NA",
            "30분거점역이름":"NA",
            "1시간이내주요거점역":"NA",
            "1시간거점역이름":"NA",
            "3km이내백화점수":0,
            "5km이내아울렛몰수":0,
            "1km이내대형먀트수":2,
            "500m이내은행수":3,
            "500m이내병원수":52,
            "5km이내대형병원수":2,
            "500m이내공원수":4,
            "3km이내혐오시설수":1,
            "초등학교학업성취도":90.0,
            "중학교학업성취도":74.7,
            "용적률":0,
            "건폐율":0,
            "Y":35.957091,
            "X":126.97204,
            "rank":11.0,
            "area_info":"22평(75.58), 31평(104.22), 40평(133.88), 47평(157.11)",
            "last_sales":"2022-01-28,14450.0,22평(75.58)",
            "rank_history":[
                [
                    "202202",
                    11
                ],
                [
                    "202201",
                    11
                ]
            ],
            "rank_gap":0
        },
        {
            "index":332,
            "아파트명":"비사벌",
            "투자타입":"일반",
            "전용면적(m2)":"73.95",
            "전용면적(평)":"22평",
            "법정동주소":"전라북도 익산시 영등동 771-2",
            "도로명주소":"전라북도 익산시 고봉로30길 51",
            "세대수":80,
            "입주년차":0,
            "용적률점수":"--",
            "건폐율점수":"--",
            "세대당주차수":0,
            "난방방식":30,
            "공급면적":"--",
            "전용률":"--",
            "욕실수":50,
            "현관타입":100,
            "주거총점":46.0,
            "지역구공급총점":0.0,
            "역세권":"NA",
            "30분내 이동가능 거점":"NA",
            "1시간내 이동가능 거점":"NA",
            "교통총점":"NA",
            "백화점":0,
            "아울렛몰":0,
            "대형마트":100,
            "은행":70,
            "병원":100,
            "종합병원":100,
            "공원":100,
            "혐오시설":-50,
            "인프라총점":54.0,
            "초등학군":89.99,
            "중학군":45.78,
            "학군총점":54.622,
            "인구수":29.52,
            "인구증감":-6.36,
            "인구총점":18.756,
            "일자리":17.37,
            "소득수준":55.25,
            "일자리총점":28.734,
            "가치 총점":51.3555,
            "매매실거래년":20220118.0,
            "매매실거래가":14500.0,
            "전세실거래년":20220117.0,
            "전세실거래가":13500.0,
            "전세가율":93.1,
            "장기전세가율평균":77.82,
            "전세가율거품지수":-15.28,
            "검색코드":5231,
            "세대수":810.0,
            "준공년월":"1995-07-29",
            "준공년차":28.0,
            "가까운역이름":"NA",
            "가까운역거리":"NA",
            "역세권여부":"NA",
            "30분이내주요거점역":"NA",
            "30분거점역이름":"NA",
            "1시간이내주요거점역":"NA",
            "1시간거점역이름":"NA",
            "3km이내백화점수":0,
            "5km이내아울렛몰수":0,
            "1km이내대형먀트수":2,
            "500m이내은행수":4,
            "500m이내병원수":67,
            "5km이내대형병원수":2,
            "500m이내공원수":8,
            "3km이내혐오시설수":1,
            "초등학교학업성취도":89.99,
            "중학교학업성취도":74.7,
            "용적률":0,
            "건폐율":0,
            "Y":35.956622,
            "X":126.97515,
            "rank":12.0,
            "area_info":"22평(73.95), 31평(104.88)",
            "last_sales":"2022-01-18,14500.0,22평(73.95)",
            "rank_history":[
                [
                    "202202",
                    12
                ],
                [
                    "202201",
                    13
                ]
            ],
            "rank_gap":1
        },
        {
            "index":57,
            "아파트명":"익산동산제일오투그란데",
            "투자타입":"일반",
            "전용면적(m2)":"107.57",
            "전용면적(평)":"32평",
            "법정동주소":"전라북도 익산시 동산동 1145",
            "도로명주소":"전라북도 익산시 평동로23길 16",
            "세대수":30,
            "입주년차":100,
            "용적률점수":"--",
            "건폐율점수":"--",
            "세대당주차수":60,
            "난방방식":30,
            "공급면적":"--",
            "전용률":"--",
            "욕실수":100,
            "현관타입":100,
            "주거총점":62.5,
            "지역구공급총점":0.0,
            "역세권":"NA",
            "30분내 이동가능 거점":"NA",
            "1시간내 이동가능 거점":"NA",
            "교통총점":"NA",
            "백화점":0,
            "아울렛몰":0,
            "대형마트":100,
            "은행":0,
            "병원":30,
            "종합병원":100,
            "공원":100,
            "혐오시설":0,
            "인프라총점":41.0,
            "초등학군":89.99,
            "중학군":35.28,
            "학군총점":46.222,
            "인구수":29.52,
            "인구증감":-6.36,
            "인구총점":18.756,
            "일자리":17.37,
            "소득수준":55.25,
            "일자리총점":28.734,
            "가치 총점":49.8305,
            "매매실거래년":20211124.0,
            "매매실거래가":34000.0,
            "전세실거래년":20210706.0,
            "전세실거래가":28000.0,
            "전세가율":82.35,
            "장기전세가율평균":77.82,
            "전세가율거품지수":-4.53,
            "검색코드":119927,
            "세대수":301.0,
            "준공년월":"2020-07-01",
            "준공년차":3.0,
            "가까운역이름":"NA",
            "가까운역거리":"NA",
            "역세권여부":"NA",
            "30분이내주요거점역":"NA",
            "30분거점역이름":"NA",
            "1시간이내주요거점역":"NA",
            "1시간거점역이름":"NA",
            "3km이내백화점수":0,
            "5km이내아울렛몰수":0,
            "1km이내대형먀트수":2,
            "500m이내은행수":0,
            "500m이내병원수":8,
            "5km이내대형병원수":2,
            "500m이내공원수":5,
            "3km이내혐오시설수":0,
            "초등학교학업성취도":89.99,
            "중학교학업성취도":58.8,
            "용적률":211,
            "건폐율":19,
            "Y":35.928664,
            "X":126.963323,
            "rank":13.0,
            "area_info":"32평(107.57)",
            "last_sales":"2021-11-24,34000.0,32평(107.57)",
            "rank_history":[
                [
                    "202202",
                    13
                ],
                [
                    "202201",
                    14
                ]
            ],
            "rank_gap":1
        },
        {
            "index":271,
            "아파트명":"e편한세상어양",
            "투자타입":"일반",
            "전용면적(m2)":"83.58",
            "전용면적(평)":"25평",
            "법정동주소":"전라북도 익산시 어양동 736",
            "도로명주소":"전라북도 익산시 동서로63길 25",
            "세대수":90,
            "입주년차":80,
            "용적률점수":"--",
            "건폐율점수":"--",
            "세대당주차수":30,
            "난방방식":30,
            "공급면적":"--",
            "전용률":"--",
            "욕실수":100,
            "현관타입":100,
            "주거총점":75.0,
            "지역구공급총점":0.0,
            "역세권":"NA",
            "30분내 이동가능 거점":"NA",
            "1시간내 이동가능 거점":"NA",
            "교통총점":"NA",
            "백화점":0,
            "아울렛몰":0,
            "대형마트":0,
            "은행":0,
            "병원":30,
            "종합병원":100,
            "공원":100,
            "혐오시설":-50,
            "인프라총점":25.0,
            "초등학군":89.99,
            "중학군":43.06,
            "학군총점":52.446,
            "인구수":29.52,
            "인구증감":-6.36,
            "인구총점":18.756,
            "일자리":17.37,
            "소득수준":55.25,
            "일자리총점":28.734,
            "가치 총점":49.3615,
            "매매실거래년":20220122.0,
            "매매실거래가":46000.0,
            "전세실거래년":20220114.0,
            "전세실거래가":22500.0,
            "전세가율":67.77,
            "장기전세가율평균":77.82,
            "전세가율거품지수":10.05,
            "검색코드":106556,
            "세대수":1200.0,
            "준공년월":"2015-07-24",
            "준공년차":8.0,
            "가까운역이름":"NA",
            "가까운역거리":"NA",
            "역세권여부":"NA",
            "30분이내주요거점역":"NA",
            "30분거점역이름":"NA",
            "1시간이내주요거점역":"NA",
            "1시간거점역이름":"NA",
            "3km이내백화점수":0,
            "5km이내아울렛몰수":0,
            "1km이내대형먀트수":0,
            "500m이내은행수":1,
            "500m이내병원수":7,
            "5km이내대형병원수":2,
            "500m이내공원수":7,
            "3km이내혐오시설수":1,
            "초등학교학업성취도":89.99,
            "중학교학업성취도":71.3,
            "용적률":281,
            "건폐율":19,
            "Y":35.95383,
            "X":126.984873,
            "rank":14.0,
            "area_info":"25평(83.58), 25평(83.58), 33평(109.35), 34평(114.39), 42평(140.14), 52평(172.56)",
            "last_sales":"2022-01-22,46000.0,34평(114.39)",
            "rank_history":[
                [
                    "202202",
                    14
                ],
                [
                    "202201",
                    15
                ]
            ],
            "rank_gap":1
        },
        {
            "index":238,
            "아파트명":"익산더샵",
            "투자타입":"일반",
            "전용면적(m2)":"110.57",
            "전용면적(평)":"33평",
            "법정동주소":"전라북도 익산시 송학동 898",
            "도로명주소":"전라북도 익산시 학곤로20길 77",
            "세대수":50,
            "입주년차":80,
            "용적률점수":"--",
            "건폐율점수":"--",
            "세대당주차수":30,
            "난방방식":30,
            "공급면적":"--",
            "전용률":"--",
            "욕실수":100,
            "현관타입":100,
            "주거총점":61.0,
            "지역구공급총점":0.0,
            "역세권":"NA",
            "30분내 이동가능 거점":"NA",
            "1시간내 이동가능 거점":"NA",
            "교통총점":"NA",
            "백화점":0,
            "아울렛몰":0,
            "대형마트":80,
            "은행":0,
            "병원":0,
            "종합병원":100,
            "공원":80,
            "혐오시설":0,
            "인프라총점":34.4,
            "초등학군":90.03,
            "중학군":47.5,
            "학군총점":56.006,
            "인구수":29.52,
            "인구증감":-6.36,
            "인구총점":18.756,
            "일자리":17.37,
            "소득수준":55.25,
            "일자리총점":28.734,
            "가치 총점":49.1115,
            "매매실거래년":20220110.0,
            "매매실거래가":44000.0,
            "전세실거래년":20210826.0,
            "전세실거래가":30000.0,
            "전세가율":85.71,
            "장기전세가율평균":77.82,
            "전세가율거품지수":-7.89,
            "검색코드":108319,
            "세대수":648.0,
            "준공년월":"2014-04-30",
            "준공년차":9.0,
            "가까운역이름":"NA",
            "가까운역거리":"NA",
            "역세권여부":"NA",
            "30분이내주요거점역":"NA",
            "30분거점역이름":"NA",
            "1시간이내주요거점역":"NA",
            "1시간거점역이름":"NA",
            "3km이내백화점수":0,
            "5km이내아울렛몰수":0,
            "1km이내대형먀트수":1,
            "500m이내은행수":0,
            "500m이내병원수":1,
            "5km이내대형병원수":2,
            "500m이내공원수":1,
            "3km이내혐오시설수":0,
            "초등학교학업성취도":90.03,
            "중학교학업성취도":77.5,
            "용적률":229,
            "건폐율":18,
            "Y":35.944496,
            "X":126.930341,
            "rank":15.0,
            "area_info":"33평(110.57), 33평(110.57), 33평(110.72), 33평(110.75), 43평(142.37)",
            "last_sales":"2022-01-10,44000.0,43평(142.37)",
            "rank_history":[
                [
                    "202202",
                    15
                ],
                [
                    "202201",
                    32
                ]
            ],
            "rank_gap":17
        },
        {
            "index":289,
            "아파트명":"부영1차",
            "투자타입":"일반",
            "전용면적(m2)":"54.02",
            "전용면적(평)":"16평",
            "법정동주소":"전라북도 익산시 어양동 652-1",
            "도로명주소":"전라북도 익산시 무왕로20길 17",
            "세대수":90,
            "입주년차":0,
            "용적률점수":"--",
            "건폐율점수":"--",
            "세대당주차수":30,
            "난방방식":30,
            "공급면적":"--",
            "전용률":"--",
            "욕실수":50,
            "현관타입":10,
            "주거총점":45.0,
            "지역구공급총점":0.0,
            "역세권":"NA",
            "30분내 이동가능 거점":"NA",
            "1시간내 이동가능 거점":"NA",
            "교통총점":"NA",
            "백화점":0,
            "아울렛몰":0,
            "대형마트":100,
            "은행":20,
            "병원":100,
            "종합병원":100,
            "공원":100,
            "혐오시설":-50,
            "인프라총점":49.0,
            "초등학군":89.99,
            "중학군":45.94,
            "학군총점":54.75,
            "인구수":29.52,
            "인구증감":-6.36,
            "인구총점":18.756,
            "일자리":17.37,
            "소득수준":55.25,
            "일자리총점":28.734,
            "가치 총점":49.0375,
            "매매실거래년":20220119.0,
            "매매실거래가":8600.0,
            "전세실거래년":20211222.0,
            "전세실거래가":6400.0,
            "전세가율":94.12,
            "장기전세가율평균":77.82,
            "전세가율거품지수":-16.3,
            "검색코드":102922,
            "세대수":1185.0,
            "준공년월":"1998-05-01",
            "준공년차":25.0,
            "가까운역이름":"NA",
            "가까운역거리":"NA",
            "역세권여부":"NA",
            "30분이내주요거점역":"NA",
            "30분거점역이름":"NA",
            "1시간이내주요거점역":"NA",
            "1시간거점역이름":"NA",
            "3km이내백화점수":0,
            "5km이내아울렛몰수":0,
            "1km이내대형먀트수":2,
            "500m이내은행수":2,
            "500m이내병원수":61,
            "5km이내대형병원수":2,
            "500m이내공원수":12,
            "3km이내혐오시설수":1,
            "초등학교학업성취도":89.99,
            "중학교학업성취도":75.5,
            "용적률":229,
            "건폐율":20,
            "Y":35.957203,
            "X":126.980996,
            "rank":16.0,
            "area_info":"16평(54.02), 20평(66.66)",
            "last_sales":"2022-01-19,8600.0,20평(66.66)",
            "rank_history":[
                [
                    "202202",
                    16
                ],
                [
                    "202201",
                    16
                ]
            ],
            "rank_gap":0
        },
        {
            "index":323,
            "아파트명":"골든캐슬",
            "투자타입":"일반",
            "전용면적(m2)":"175.73",
            "전용면적(평)":"53평",
            "법정동주소":"전라북도 익산시 영등동 147",
            "도로명주소":"전라북도 익산시 약촌로 268",
            "세대수":0,
            "입주년차":40,
            "용적률점수":"--",
            "건폐율점수":"--",
            "세대당주차수":80,
            "난방방식":30,
            "공급면적":"--",
            "전용률":"--",
            "욕실수":100,
            "현관타입":50,
            "주거총점":38.0,
            "지역구공급총점":0.0,
            "역세권":"NA",
            "30분내 이동가능 거점":"NA",
            "1시간내 이동가능 거점":"NA",
            "교통총점":"NA",
            "백화점":0,
            "아울렛몰":0,
            "대형마트":100,
            "은행":70,
            "병원":100,
            "종합병원":100,
            "공원":100,
            "혐오시설":-50,
            "인프라총점":54.0,
            "초등학군":89.99,
            "중학군":45.78,
            "학군총점":54.622,
            "인구수":29.52,
            "인구증감":-6.36,
            "인구총점":18.756,
            "일자리":17.37,
            "소득수준":55.25,
            "일자리총점":28.734,
            "가치 총점":48.5555,
            "매매실거래년":20211210.0,
            "매매실거래가":50200.0,
            "전세실거래년":20160213.0,
            "전세실거래가":35000.0,
            "전세가율":69.72,
            "장기전세가율평균":77.82,
            "전세가율거품지수":8.1,
            "검색코드":18931,
            "세대수":155.0,
            "준공년월":"2005-03-25",
            "준공년차":18.0,
            "가까운역이름":"NA",
            "가까운역거리":"NA",
            "역세권여부":"NA",
            "30분이내주요거점역":"NA",
            "30분거점역이름":"NA",
            "1시간이내주요거점역":"NA",
            "1시간거점역이름":"NA",
            "3km이내백화점수":0,
            "5km이내아울렛몰수":0,
            "1km이내대형먀트수":2,
            "500m이내은행수":4,
            "500m이내병원수":66,
            "5km이내대형병원수":2,
            "500m이내공원수":6,
            "3km이내혐오시설수":1,
            "초등학교학업성취도":89.99,
            "중학교학업성취도":74.7,
            "용적률":289,
            "건폐율":29,
            "Y":35.957205,
            "X":126.973868,
            "rank":17.0,
            "area_info":"53평(175.73), 59평(197.92)",
            "last_sales":"2021-12-10,50200.0,53평(175.73)",
            "rank_history":[
                [
                    "202202",
                    17
                ],
                [
                    "202201",
                    18
                ]
            ],
            "rank_gap":1
        },
        {
            "index":219,
            "아파트명":"포레나익산부송",
            "투자타입":"일반",
            "전용면적(m2)":"80.99",
            "전용면적(평)":"24평",
            "법정동주소":"전라북도 익산시 부송동 1102",
            "도로명주소":"전라북도 익산시 무왕로 1195",
            "세대수":50,
            "입주년차":100,
            "용적률점수":"--",
            "건폐율점수":"--",
            "세대당주차수":30,
            "난방방식":30,
            "공급면적":"--",
            "전용률":"--",
            "욕실수":100,
            "현관타입":100,
            "주거총점":65.0,
            "지역구공급총점":0.0,
            "역세권":"NA",
            "30분내 이동가능 거점":"NA",
            "1시간내 이동가능 거점":"NA",
            "교통총점":"NA",
            "백화점":0,
            "아울렛몰":0,
            "대형마트":0,
            "은행":0,
            "병원":60,
            "종합병원":100,
            "공원":100,
            "혐오시설":0,
            "인프라총점":29.0,
            "초등학군":90.05,
            "중학군":48.46,
            "학군총점":56.778,
            "인구수":29.52,
            "인구증감":-6.36,
            "인구총점":18.756,
            "일자리":17.37,
            "소득수준":55.25,
            "일자리총점":28.734,
            "가치 총점":48.5445,
            "매매실거래년":20220112.0,
            "매매실거래가":29200.0,
            "전세실거래년":20210827.0,
            "전세실거래가":27300.0,
            "전세가율":85.92,
            "장기전세가율평균":77.82,
            "전세가율거품지수":-8.1,
            "검색코드":121421,
            "세대수":626.0,
            "준공년월":"2021-05-27",
            "준공년차":2.0,
            "가까운역이름":"NA",
            "가까운역거리":"NA",
            "역세권여부":"NA",
            "30분이내주요거점역":"NA",
            "30분거점역이름":"NA",
            "1시간이내주요거점역":"NA",
            "1시간거점역이름":"NA",
            "3km이내백화점수":0,
            "5km이내아울렛몰수":0,
            "1km이내대형먀트수":0,
            "500m이내은행수":1,
            "500m이내병원수":21,
            "5km이내대형병원수":2,
            "500m이내공원수":5,
            "3km이내혐오시설수":0,
            "초등학교학업성취도":90.05,
            "중학교학업성취도":79.7,
            "용적률":764,
            "건폐율":73,
            "Y":35.960208,
            "X":126.989373,
            "rank":18.0,
            "area_info":"24평(80.99), 24평(80.91), 24평(80.37), 30평(100.97), 34평(113.83), 34평(113.48), 55평(184.88)",
            "last_sales":"2022-01-12,29200.0,24평(80.91)",
            "rank_history":[
                [
                    "202202",
                    18
                ],
                [
                    "202201",
                    6
                ]
            ],
            "rank_gap":-12
        },
        {
            "index":107,
            "아파트명":"배산신일해피트리",
            "투자타입":"일반",
            "전용면적(m2)":"109.1",
            "전용면적(평)":"33평",
            "법정동주소":"전라북도 익산시 모현동1가 959",
            "도로명주소":"전라북도 익산시 선화로13길 77",
            "세대수":0,
            "입주년차":100,
            "용적률점수":"--",
            "건폐율점수":"--",
            "세대당주차수":60,
            "난방방식":30,
            "공급면적":"--",
            "전용률":"--",
            "욕실수":100,
            "현관타입":100,
            "주거총점":52.0,
            "지역구공급총점":0.0,
            "역세권":"NA",
            "30분내 이동가능 거점":"NA",
            "1시간내 이동가능 거점":"NA",
            "교통총점":"NA",
            "백화점":0,
            "아울렛몰":0,
            "대형마트":100,
            "은행":0,
            "병원":30,
            "종합병원":100,
            "공원":100,
            "혐오시설":0,
            "인프라총점":41.0,
            "초등학군":90.01,
            "중학군":46.24,
            "학군총점":54.994,
            "인구수":29.52,
            "인구증감":-6.36,
            "인구총점":18.756,
            "일자리":17.37,
            "소득수준":55.25,
            "일자리총점":28.734,
            "가치 총점":48.3485,
            "매매실거래년":20210901.0,
            "매매실거래가":32811.0,
            "전세실거래년":null,
            "전세실거래가":null,
            "전세가율":null,
            "장기전세가율평균":77.82,
            "전세가율거품지수":null,
            "검색코드":126724,
            "세대수":123.0,
            "준공년월":"2021-09-16",
            "준공년차":2.0,
            "가까운역이름":"NA",
            "가까운역거리":"NA",
            "역세권여부":"NA",
            "30분이내주요거점역":"NA",
            "30분거점역이름":"NA",
            "1시간이내주요거점역":"NA",
            "1시간거점역이름":"NA",
            "3km이내백화점수":0,
            "5km이내아울렛몰수":0,
            "1km이내대형먀트수":2,
            "500m이내은행수":1,
            "500m이내병원수":5,
            "5km이내대형병원수":2,
            "500m이내공원수":4,
            "3km이내혐오시설수":0,
            "초등학교학업성취도":90.01,
            "중학교학업성취도":76.8,
            "용적률":240,
            "건폐율":23,
            "Y":35.954328,
            "X":126.94281,
            "rank":19.0,
            "area_info":"33평(109.1), 41평(136.89)",
            "last_sales":"2021-09-01,32811.0,33평(109.1)",
            "rank_history":[
                [
                    "202202",
                    19
                ],
                [
                    "202201",
                    23
                ]
            ],
            "rank_gap":4
        },
        {
            "index":355,
            "아파트명":"영등제일4차",
            "투자타입":"일반",
            "전용면적(m2)":"76.28",
            "전용면적(평)":"23평",
            "법정동주소":"전라북도 익산시 영등동 810",
            "도로명주소":"전라북도 익산시 무왕로9길 60",
            "세대수":80,
            "입주년차":20,
            "용적률점수":"--",
            "건폐율점수":"--",
            "세대당주차수":0,
            "난방방식":30,
            "공급면적":"--",
            "전용률":"--",
            "욕실수":100,
            "현관타입":100,
            "주거총점":55.0,
            "지역구공급총점":0.0,
            "역세권":"NA",
            "30분내 이동가능 거점":"NA",
            "1시간내 이동가능 거점":"NA",
            "교통총점":"NA",
            "백화점":0,
            "아울렛몰":0,
            "대형마트":100,
            "은행":0,
            "병원":0,
            "종합병원":100,
            "공원":100,
            "혐오시설":0,
            "인프라총점":38.0,
            "초등학군":90.0,
            "중학군":45.94,
            "학군총점":54.752,
            "인구수":29.52,
            "인구증감":-6.36,
            "인구총점":18.756,
            "일자리":17.37,
            "소득수준":55.25,
            "일자리총점":28.734,
            "가치 총점":48.138,
            "매매실거래년":20220122.0,
            "매매실거래가":15900.0,
            "전세실거래년":20220124.0,
            "전세실거래가":15000.0,
            "전세가율":94.34,
            "장기전세가율평균":77.82,
            "전세가율거품지수":-16.52,
            "검색코드":25704,
            "세대수":708.0,
            "준공년월":"1999-11-25",
            "준공년차":24.0,
            "가까운역이름":"NA",
            "가까운역거리":"NA",
            "역세권여부":"NA",
            "30분이내주요거점역":"NA",
            "30분거점역이름":"NA",
            "1시간이내주요거점역":"NA",
            "1시간거점역이름":"NA",
            "3km이내백화점수":0,
            "5km이내아울렛몰수":0,
            "1km이내대형먀트수":2,
            "500m이내은행수":1,
            "500m이내병원수":1,
            "5km이내대형병원수":2,
            "500m이내공원수":3,
            "3km이내혐오시설수":0,
            "초등학교학업성취도":90.0,
            "중학교학업성취도":75.5,
            "용적률":217,
            "건폐율":23,
            "Y":35.963832,
            "X":126.97417,
            "rank":20.0,
            "area_info":"23평(76.28)",
            "last_sales":"2022-01-22,15900.0,23평(76.28)",
            "rank_history":[
                [
                    "202202",
                    20
                ],
                [
                    "202201",
                    17
                ]
            ],
            "rank_gap":-3
        },
        {
            "index":317,
            "아파트명":"익산자이",
            "투자타입":"일반",
            "전용면적(m2)":"112.97",
            "전용면적(평)":"34평",
            "법정동주소":"전라북도 익산시 어양동 709",
            "도로명주소":"전라북도 익산시 동서로 509",
            "세대수":80,
            "입주년차":40,
            "용적률점수":"--",
            "건폐율점수":"--",
            "세대당주차수":60,
            "난방방식":30,
            "공급면적":"--",
            "전용률":"--",
            "욕실수":100,
            "현관타입":100,
            "주거총점":68.0,
            "지역구공급총점":0.0,
            "역세권":"NA",
            "30분내 이동가능 거점":"NA",
            "1시간내 이동가능 거점":"NA",
            "교통총점":"NA",
            "백화점":0,
            "아울렛몰":0,
            "대형마트":0,
            "은행":0,
            "병원":60,
            "종합병원":100,
            "공원":100,
            "혐오시설":-50,
            "인프라총점":28.0,
            "초등학군":89.99,
            "중학군":43.06,
            "학군총점":52.446,
            "인구수":29.52,
            "인구증감":-6.36,
            "인구총점":18.756,
            "일자리":17.37,
            "소득수준":55.25,
            "일자리총점":28.734,
            "가치 총점":48.1115,
            "매매실거래년":20220115.0,
            "매매실거래가":52700.0,
            "전세실거래년":20220107.0,
            "전세실거래가":32500.0,
            "전세가율":88.32,
            "장기전세가율평균":77.82,
            "전세가율거품지수":-10.5,
            "검색코드":19031,
            "세대수":749.0,
            "준공년월":"2006-06-23",
            "준공년차":17.0,
            "가까운역이름":"NA",
            "가까운역거리":"NA",
            "역세권여부":"NA",
            "30분이내주요거점역":"NA",
            "30분거점역이름":"NA",
            "1시간이내주요거점역":"NA",
            "1시간거점역이름":"NA",
            "3km이내백화점수":0,
            "5km이내아울렛몰수":0,
            "1km이내대형먀트수":0,
            "500m이내은행수":1,
            "500m이내병원수":10,
            "5km이내대형병원수":2,
            "500m이내공원수":4,
            "3km이내혐오시설수":1,
            "초등학교학업성취도":89.99,
            "중학교학업성취도":71.3,
            "용적률":221,
            "건폐율":20,
            "Y":35.954219,
            "X":126.987308,
            "rank":21.0,
            "area_info":"34평(112.97), 47평(158.34), 57평(189.25)",
            "last_sales":"2022-01-15,52700.0,57평(189.25)",
            "rank_history":[
                [
                    "202202",
                    21
                ],
                [
                    "202201",
                    21
                ]
            ],
            "rank_gap":0
        },
        {
            "index":370,
            "아파트명":"우남샘물타운",
            "투자타입":"일반",
            "전용면적(m2)":"52.31",
            "전용면적(평)":"15평",
            "법정동주소":"전라북도 익산시 영등동 800",
            "도로명주소":"전라북도 익산시 고봉로34길 5-2",
            "세대수":80,
            "입주년차":0,
            "용적률점수":"--",
            "건폐율점수":"--",
            "세대당주차수":0,
            "난방방식":30,
            "공급면적":"--",
            "전용률":"--",
            "욕실수":50,
            "현관타입":10,
            "주거총점":37.0,
            "지역구공급총점":0.0,
            "역세권":"NA",
            "30분내 이동가능 거점":"NA",
            "1시간내 이동가능 거점":"NA",
            "교통총점":"NA",
            "백화점":0,
            "아울렛몰":0,
            "대형마트":100,
            "은행":70,
            "병원":80,
            "종합병원":100,
            "공원":100,
            "혐오시설":0,
            "인프라총점":53.0,
            "초등학군":90.0,
            "중학군":46.2,
            "학군총점":54.96,
            "인구수":29.52,
            "인구증감":-6.36,
            "인구총점":18.756,
            "일자리":17.37,
            "소득수준":55.25,
            "일자리총점":28.734,
            "가치 총점":47.89,
            "매매실거래년":20220127.0,
            "매매실거래가":7950.0,
            "전세실거래년":20220121.0,
            "전세실거래가":7100.0,
            "전세가율":89.31,
            "장기전세가율평균":77.82,
            "전세가율거품지수":-11.49,
            "검색코드":15009,
            "세대수":890.0,
            "준공년월":"1997-08-26",
            "준공년차":26.0,
            "가까운역이름":"NA",
            "가까운역거리":"NA",
            "역세권여부":"NA",
            "30분이내주요거점역":"NA",
            "30분거점역이름":"NA",
            "1시간이내주요거점역":"NA",
            "1시간거점역이름":"NA",
            "3km이내백화점수":0,
            "5km이내아울렛몰수":0,
            "1km이내대형먀트수":2,
            "500m이내은행수":3,
            "500m이내병원수":36,
            "5km이내대형병원수":2,
            "500m이내공원수":2,
            "3km이내혐오시설수":0,
            "초등학교학업성취도":90.0,
            "중학교학업성취도":76.4,
            "용적률":0,
            "건폐율":0,
            "Y":35.9614,
            "X":126.972228,
            "rank":22.0,
            "area_info":"15평(52.31), 20평(68.16), 22평(75.46)",
            "last_sales":"2022-01-27,7950.0,15평(52.31)",
            "rank_history":[
                [
                    "202202",
                    22
                ],
                [
                    "202201",
                    19
                ]
            ],
            "rank_gap":-3
        },
        {
            "index":291,
            "아파트명":"부영2차",
            "투자타입":"일반",
            "전용면적(m2)":"53.34",
            "전용면적(평)":"16평",
            "법정동주소":"전라북도 익산시 어양동 653-1",
            "도로명주소":"전라북도 익산시 동서로61길 34",
            "세대수":90,
            "입주년차":0,
            "용적률점수":"--",
            "건폐율점수":"--",
            "세대당주차수":0,
            "난방방식":30,
            "공급면적":"--",
            "전용률":"--",
            "욕실수":50,
            "현관타입":100,
            "주거총점":49.5,
            "지역구공급총점":0.0,
            "역세권":"NA",
            "30분내 이동가능 거점":"NA",
            "1시간내 이동가능 거점":"NA",
            "교통총점":"NA",
            "백화점":0,
            "아울렛몰":0,
            "대형마트":100,
            "은행":0,
            "병원":60,
            "종합병원":100,
            "공원":100,
            "혐오시설":-50,
            "인프라총점":43.0,
            "초등학군":90.0,
            "중학군":43.06,
            "학군총점":52.448,
            "인구수":29.52,
            "인구증감":-6.36,
            "인구총점":18.756,
            "일자리":17.37,
            "소득수준":55.25,
            "일자리총점":28.734,
            "가치 총점":47.637,
            "매매실거래년":20220115.0,
            "매매실거래가":7050.0,
            "전세실거래년":20211112.0,
            "전세실거래가":6700.0,
            "전세가율":95.04,
            "장기전세가율평균":77.82,
            "전세가율거품지수":-17.22,
            "검색코드":104636,
            "세대수":1035.0,
            "준공년월":"1998-05-01",
            "준공년차":25.0,
            "가까운역이름":"NA",
            "가까운역거리":"NA",
            "역세권여부":"NA",
            "30분이내주요거점역":"NA",
            "30분거점역이름":"NA",
            "1시간이내주요거점역":"NA",
            "1시간거점역이름":"NA",
            "3km이내백화점수":0,
            "5km이내아울렛몰수":0,
            "1km이내대형먀트수":2,
            "500m이내은행수":0,
            "500m이내병원수":29,
            "5km이내대형병원수":2,
            "500m이내공원수":7,
            "3km이내혐오시설수":1,
            "초등학교학업성취도":90.0,
            "중학교학업성취도":71.3,
            "용적률":0,
            "건폐율":0,
            "Y":35.95475,
            "X":126.981914,
            "rank":23.0,
            "area_info":"16평(53.34), 20평(66.87)",
            "last_sales":"2022-01-15,7050.0,16평(53.34)",
            "rank_history":[
                [
                    "202202",
                    23
                ],
                [
                    "202201",
                    20
                ]
            ],
            "rank_gap":-3
        },
        {
            "index":330,
            "아파트명":"부영3차",
            "투자타입":"일반",
            "전용면적(m2)":"66.62",
            "전용면적(평)":"20평",
            "법정동주소":"전라북도 익산시 영등동 815",
            "도로명주소":"전라북도 익산시 하나로 483-60",
            "세대수":90,
            "입주년차":0,
            "용적률점수":"--",
            "건폐율점수":"--",
            "세대당주차수":30,
            "난방방식":30,
            "공급면적":"--",
            "전용률":"--",
            "욕실수":50,
            "현관타입":10,
            "주거총점":45.0,
            "지역구공급총점":0.0,
            "역세권":"NA",
            "30분내 이동가능 거점":"NA",
            "1시간내 이동가능 거점":"NA",
            "교통총점":"NA",
            "백화점":0,
            "아울렛몰":0,
            "대형마트":100,
            "은행":0,
            "병원":60,
            "종합병원":100,
            "공원":100,
            "혐오시설":0,
            "인프라총점":44.0,
            "초등학군":89.98,
            "중학군":45.94,
            "학군총점":54.748,
            "인구수":29.52,
            "인구증감":-6.36,
            "인구총점":18.756,
            "일자리":17.37,
            "소득수준":55.25,
            "일자리총점":28.734,
            "가치 총점":47.037,
            "매매실거래년":20220121.0,
            "매매실거래가":12000.0,
            "전세실거래년":20220124.0,
            "전세실거래가":9750.0,
            "전세가율":81.25,
            "장기전세가율평균":77.82,
            "전세가율거품지수":-3.43,
            "검색코드":101791,
            "세대수":1110.0,
            "준공년월":"1998-08-12",
            "준공년차":25.0,
            "가까운역이름":"NA",
            "가까운역거리":"NA",
            "역세권여부":"NA",
            "30분이내주요거점역":"NA",
            "30분거점역이름":"NA",
            "1시간이내주요거점역":"NA",
            "1시간거점역이름":"NA",
            "3km이내백화점수":0,
            "5km이내아울렛몰수":0,
            "1km이내대형먀트수":2,
            "500m이내은행수":0,
            "500m이내병원수":11,
            "5km이내대형병원수":2,
            "500m이내공원수":4,
            "3km이내혐오시설수":0,
            "초등학교학업성취도":89.98,
            "중학교학업성취도":75.5,
            "용적률":226,
            "건폐율":20,
            "Y":35.964316,
            "X":126.979097,
            "rank":24.0,
            "area_info":"20평(66.62), 24평(81.21)",
            "last_sales":"2022-01-21,12000.0,20평(66.62)",
            "rank_history":[
                [
                    "202202",
                    24
                ],
                [
                    "202201",
                    22
                ]
            ],
            "rank_gap":-2
        },
        {
            "index":147,
            "아파트명":"현대2차",
            "투자타입":"일반",
            "전용면적(m2)":"73.93",
            "전용면적(평)":"22평",
            "법정동주소":"전라북도 익산시 모현동1가 303-1",
            "도로명주소":"전라북도 익산시 배산로14길 9",
            "세대수":90,
            "입주년차":0,
            "용적률점수":"--",
            "건폐율점수":"--",
            "세대당주차수":0,
            "난방방식":30,
            "공급면적":"--",
            "전용률":"--",
            "욕실수":50,
            "현관타입":10,
            "주거총점":40.5,
            "지역구공급총점":0.0,
            "역세권":"NA",
            "30분내 이동가능 거점":"NA",
            "1시간내 이동가능 거점":"NA",
            "교통총점":"NA",
            "백화점":0,
            "아울렛몰":0,
            "대형마트":100,
            "은행":0,
            "병원":80,
            "종합병원":100,
            "공원":100,
            "혐오시설":0,
            "인프라총점":46.0,
            "초등학군":90.01,
            "중학군":47.5,
            "학군총점":56.002,
            "인구수":29.52,
            "인구증감":-6.36,
            "인구총점":18.756,
            "일자리":17.37,
            "소득수준":55.25,
            "일자리총점":28.734,
            "가치 총점":46.5755,
            "매매실거래년":20220115.0,
            "매매실거래가":13100.0,
            "전세실거래년":20211228.0,
            "전세실거래가":12000.0,
            "전세가율":91.6,
            "장기전세가율평균":77.82,
            "전세가율거품지수":-13.78,
            "검색코드":5172,
            "세대수":1114.0,
            "준공년월":"1993-07-07",
            "준공년차":30.0,
            "가까운역이름":"NA",
            "가까운역거리":"NA",
            "역세권여부":"NA",
            "30분이내주요거점역":"NA",
            "30분거점역이름":"NA",
            "1시간이내주요거점역":"NA",
            "1시간거점역이름":"NA",
            "3km이내백화점수":0,
            "5km이내아울렛몰수":0,
            "1km이내대형먀트수":3,
            "500m이내은행수":1,
            "500m이내병원수":48,
            "5km이내대형병원수":2,
            "500m이내공원수":4,
            "3km이내혐오시설수":0,
            "초등학교학업성취도":90.01,
            "중학교학업성취도":77.5,
            "용적률":0,
            "건폐율":0,
            "Y":35.947067,
            "X":126.940769,
            "rank":25.0,
            "area_info":"22평(73.93), 31평(105.48), 31평(105.45), 50평(167.51)",
            "last_sales":"2022-01-15,13100.0,22평(73.93)",
            "rank_history":[
                [
                    "202202",
                    25
                ],
                [
                    "202201",
                    26
                ]
            ],
            "rank_gap":1
        },
        {
            "index":390,
            "아파트명":"익산역시그니처-S(도시형)",
            "투자타입":"일반",
            "전용면적(m2)":"27.77",
            "전용면적(평)":"8평",
            "법정동주소":"전라북도 익산시 창인동1가 151",
            "도로명주소":"전라북도 익산시 중앙로5길 17",
            "세대수":0,
            "입주년차":80,
            "용적률점수":"--",
            "건폐율점수":"--",
            "세대당주차수":0,
            "난방방식":30,
            "공급면적":"--",
            "전용률":"--",
            "욕실수":50,
            "현관타입":100,
            "주거총점":34.0,
            "지역구공급총점":0.0,
            "역세권":"NA",
            "30분내 이동가능 거점":"NA",
            "1시간내 이동가능 거점":"NA",
            "교통총점":"NA",
            "백화점":0,
            "아울렛몰":0,
            "대형마트":100,
            "은행":100,
            "병원":80,
            "종합병원":100,
            "공원":0,
            "혐오시설":0,
            "인프라총점":53.0,
            "초등학군":89.98,
            "중학군":42.06,
            "학군총점":51.644,
            "인구수":29.52,
            "인구증감":-6.36,
            "인구총점":18.756,
            "일자리":17.37,
            "소득수준":55.25,
            "일자리총점":28.734,
            "가치 총점":46.011,
            "매매실거래년":20211213.0,
            "매매실거래가":15400.0,
            "전세실거래년":20211218.0,
            "전세실거래가":8000.0,
            "전세가율":80.08,
            "장기전세가율평균":77.82,
            "전세가율거품지수":-2.26,
            "검색코드":111436,
            "세대수":299.0,
            "준공년월":"2018-02-02",
            "준공년차":5.0,
            "가까운역이름":"NA",
            "가까운역거리":"NA",
            "역세권여부":"NA",
            "30분이내주요거점역":"NA",
            "30분거점역이름":"NA",
            "1시간이내주요거점역":"NA",
            "1시간거점역이름":"NA",
            "3km이내백화점수":0,
            "5km이내아울렛몰수":0,
            "1km이내대형먀트수":2,
            "500m이내은행수":8,
            "500m이내병원수":42,
            "5km이내대형병원수":2,
            "500m이내공원수":0,
            "3km이내혐오시설수":0,
            "초등학교학업성취도":89.98,
            "중학교학업성취도":69.5,
            "용적률":506,
            "건폐율":58,
            "Y":35.941024,
            "X":126.950604,
            "rank":26.0,
            "area_info":"8평(27.77), 8평(29.54), 11평(38.2), 12평(42.87), 16평(53.86), 17평(58.15)",
            "last_sales":"2021-12-13,15400.0,16평(53.86)",
            "rank_history":[
                [
                    "202202",
                    26
                ],
                [
                    "202201",
                    28
                ]
            ],
            "rank_gap":2
        },
        {
            "index":325,
            "아파트명":"동신",
            "투자타입":"재건축",
            "전용면적(m2)":"66.33",
            "전용면적(평)":"20평",
            "법정동주소":"전라북도 익산시 영등동 682",
            "도로명주소":"전라북도 익산시 약촌로 228",
            "세대수":90,
            "입주년차":"--",
            "용적률점수":0,
            "건폐율점수":0,
            "세대당주차수":"--",
            "난방방식":"--",
            "공급면적":50,
            "전용률":60,
            "욕실수":"--",
            "현관타입":"--",
            "주거총점":32.5,
            "지역구공급총점":0.0,
            "역세권":"NA",
            "30분내 이동가능 거점":"NA",
            "1시간내 이동가능 거점":"NA",
            "교통총점":"NA",
            "백화점":0,
            "아울렛몰":0,
            "대형마트":100,
            "은행":70,
            "병원":80,
            "종합병원":100,
            "공원":100,
            "혐오시설":-50,
            "인프라총점":52.0,
            "초등학군":90.0,
            "중학군":45.78,
            "학군총점":54.624,
            "인구수":29.52,
            "인구증감":-6.36,
            "인구총점":18.756,
            "일자리":17.37,
            "소득수준":55.25,
            "일자리총점":28.734,
            "가치 총점":45.831,
            "매매실거래년":20220106.0,
            "매매실거래가":16500.0,
            "전세실거래년":20220125.0,
            "전세실거래가":8500.0,
            "전세가율":100.0,
            "장기전세가율평균":77.82,
            "전세가율거품지수":-22.18,
            "검색코드":5226,
            "세대수":1260.0,
            "준공년월":"1992-03-30",
            "준공년차":31.0,
            "가까운역이름":"NA",
            "가까운역거리":"NA",
            "역세권여부":"NA",
            "30분이내주요거점역":"NA",
            "30분거점역이름":"NA",
            "1시간이내주요거점역":"NA",
            "1시간거점역이름":"NA",
            "3km이내백화점수":0,
            "5km이내아울렛몰수":0,
            "1km이내대형먀트수":2,
            "500m이내은행수":3,
            "500m이내병원수":42,
            "5km이내대형병원수":2,
            "500m이내공원수":9,
            "3km이내혐오시설수":1,
            "초등학교학업성취도":90.0,
            "중학교학업성취도":74.7,
            "용적률":0,
            "건폐율":0,
            "Y":35.954661,
            "X":126.974621,
            "rank":27.0,
            "area_info":"20평(66.33), 22평(73.2), 28평(92.69), 31평(102.67), 31평(104.2)",
            "last_sales":"2022-01-06,16500.0,31평(104.2)",
            "rank_history":[
                [
                    "202202",
                    27
                ],
                [
                    "202201",
                    25
                ]
            ],
            "rank_gap":-2
        },
        {
            "index":305,
            "아파트명":"어양주공6단지",
            "투자타입":"일반",
            "전용면적(m2)":"58.0",
            "전용면적(평)":"17평",
            "법정동주소":"전라북도 익산시 어양동 695",
            "도로명주소":"전라북도 익산시 무왕로19길 11",
            "세대수":80,
            "입주년차":20,
            "용적률점수":"--",
            "건폐율점수":"--",
            "세대당주차수":0,
            "난방방식":30,
            "공급면적":"--",
            "전용률":"--",
            "욕실수":50,
            "현관타입":10,
            "주거총점":41.0,
            "지역구공급총점":0.0,
            "역세권":"NA",
            "30분내 이동가능 거점":"NA",
            "1시간내 이동가능 거점":"NA",
            "교통총점":"NA",
            "백화점":0,
            "아울렛몰":0,
            "대형마트":80,
            "은행":0,
            "병원":80,
            "종합병원":100,
            "공원":100,
            "혐오시설":-50,
            "인프라총점":42.0,
            "초등학군":90.0,
            "중학군":48.46,
            "학군총점":56.768,
            "인구수":29.52,
            "인구증감":-6.36,
            "인구총점":18.756,
            "일자리":17.37,
            "소득수준":55.25,
            "일자리총점":28.734,
            "가치 총점":45.342,
            "매매실거래년":20220119.0,
            "매매실거래가":7500.0,
            "전세실거래년":20210610.0,
            "전세실거래가":6500.0,
            "전세가율":86.67,
            "장기전세가율평균":77.82,
            "전세가율거품지수":-8.85,
            "검색코드":100819,
            "세대수":870.0,
            "준공년월":"2000-03-27",
            "준공년차":23.0,
            "가까운역이름":"NA",
            "가까운역거리":"NA",
            "역세권여부":"NA",
            "30분이내주요거점역":"NA",
            "30분거점역이름":"NA",
            "1시간이내주요거점역":"NA",
            "1시간거점역이름":"NA",
            "3km이내백화점수":0,
            "5km이내아울렛몰수":0,
            "1km이내대형먀트수":1,
            "500m이내은행수":1,
            "500m이내병원수":42,
            "5km이내대형병원수":2,
            "500m이내공원수":10,
            "3km이내혐오시설수":1,
            "초등학교학업성취도":90.0,
            "중학교학업성취도":79.7,
            "용적률":200,
            "건폐율":18,
            "Y":35.960502,
            "X":126.984268,
            "rank":28.0,
            "area_info":"17평(58.0), 17평(58.18), 22평(73.18)",
            "last_sales":"2022-01-19,7500.0,17평(58.0)",
            "rank_history":[
                [
                    "202202",
                    28
                ],
                [
                    "202201",
                    29
                ]
            ],
            "rank_gap":1
        },
        {
            "index":22,
            "아파트명":"그린팰리스",
            "투자타입":"일반",
            "전용면적(m2)":"97.53",
            "전용면적(평)":"29평",
            "법정동주소":"전라북도 익산시 동산동 1139",
            "도로명주소":"전라북도 익산시 동천로 25",
            "세대수":50,
            "입주년차":60,
            "용적률점수":"--",
            "건폐율점수":"--",
            "세대당주차수":30,
            "난방방식":30,
            "공급면적":"--",
            "전용률":"--",
            "욕실수":100,
            "현관타입":10,
            "주거총점":48.0,
            "지역구공급총점":0.0,
            "역세권":"NA",
            "30분내 이동가능 거점":"NA",
            "1시간내 이동가능 거점":"NA",
            "교통총점":"NA",
            "백화점":0,
            "아울렛몰":0,
            "대형마트":100,
            "은행":0,
            "병원":30,
            "종합병원":100,
            "공원":100,
            "혐오시설":0,
            "인프라총점":41.0,
            "초등학군":89.99,
            "중학군":35.28,
            "학군총점":46.222,
            "인구수":29.52,
            "인구증감":-6.36,
            "인구총점":18.756,
            "일자리":17.37,
            "소득수준":55.25,
            "일자리총점":28.734,
            "가치 총점":44.7555,
            "매매실거래년":20220124.0,
            "매매실거래가":23200.0,
            "전세실거래년":20200530.0,
            "전세실거래가":12000.0,
            "전세가율":60.61,
            "장기전세가율평균":77.82,
            "전세가율거품지수":17.21,
            "검색코드":101789,
            "세대수":481.0,
            "준공년월":"2009-08-28",
            "준공년차":14.0,
            "가까운역이름":"NA",
            "가까운역거리":"NA",
            "역세권여부":"NA",
            "30분이내주요거점역":"NA",
            "30분거점역이름":"NA",
            "1시간이내주요거점역":"NA",
            "1시간거점역이름":"NA",
            "3km이내백화점수":0,
            "5km이내아울렛몰수":0,
            "1km이내대형먀트수":2,
            "500m이내은행수":0,
            "500m이내병원수":5,
            "5km이내대형병원수":2,
            "500m이내공원수":5,
            "3km이내혐오시설수":0,
            "초등학교학업성취도":89.99,
            "중학교학업성취도":58.8,
            "용적률":159,
            "건폐율":15,
            "Y":35.929783,
            "X":126.965889,
            "rank":29.0,
            "area_info":"29평(97.53), 32평(107.69), 33평(110.41), 38평(125.98)",
            "last_sales":"2022-01-24,23200.0,32평(107.69)",
            "rank_history":[
                [
                    "202202",
                    29
                ],
                [
                    "202201",
                    33
                ]
            ],
            "rank_gap":4
        },
        {
            "index":373,
            "아파트명":"우미",
            "투자타입":"일반",
            "전용면적(m2)":"70.02",
            "전용면적(평)":"21평",
            "법정동주소":"전라북도 익산시 영등동 771-3",
            "도로명주소":"전라북도 익산시 무왕로16길 26",
            "세대수":50,
            "입주년차":0,
            "용적률점수":"--",
            "건폐율점수":"--",
            "세대당주차수":0,
            "난방방식":30,
            "공급면적":"--",
            "전용률":"--",
            "욕실수":50,
            "현관타입":10,
            "주거총점":26.5,
            "지역구공급총점":0.0,
            "역세권":"NA",
            "30분내 이동가능 거점":"NA",
            "1시간내 이동가능 거점":"NA",
            "교통총점":"NA",
            "백화점":0,
            "아울렛몰":0,
            "대형마트":100,
            "은행":70,
            "병원":100,
            "종합병원":100,
            "공원":100,
            "혐오시설":-50,
            "인프라총점":54.0,
            "초등학군":89.99,
            "중학군":45.78,
            "학군총점":54.622,
            "인구수":29.52,
            "인구증감":-6.36,
            "인구총점":18.756,
            "일자리":17.37,
            "소득수준":55.25,
            "일자리총점":28.734,
            "가치 총점":44.5305,
            "매매실거래년":20220107.0,
            "매매실거래가":15000.0,
            "전세실거래년":20210719.0,
            "전세실거래가":7500.0,
            "전세가율":83.33,
            "장기전세가율평균":77.82,
            "전세가율거품지수":-5.51,
            "검색코드":8034,
            "세대수":434.0,
            "준공년월":"1994-12-17",
            "준공년차":29.0,
            "가까운역이름":"NA",
            "가까운역거리":"NA",
            "역세권여부":"NA",
            "30분이내주요거점역":"NA",
            "30분거점역이름":"NA",
            "1시간이내주요거점역":"NA",
            "1시간거점역이름":"NA",
            "3km이내백화점수":0,
            "5km이내아울렛몰수":0,
            "1km이내대형먀트수":2,
            "500m이내은행수":3,
            "500m이내병원수":67,
            "5km이내대형병원수":2,
            "500m이내공원수":7,
            "3km이내혐오시설수":1,
            "초등학교학업성취도":89.99,
            "중학교학업성취도":74.7,
            "용적률":0,
            "건폐율":0,
            "Y":35.956055,
            "X":126.976366,
            "rank":30.0,
            "area_info":"21평(70.02), 22평(74.54), 32평(106.9)",
            "last_sales":"2022-01-07,15000.0,22평(74.54)",
            "rank_history":[
                [
                    "202202",
                    30
                ],
                [
                    "202201",
                    35
                ]
            ],
            "rank_gap":5
        },
        {
            "index":28,
            "아파트명":"동산제일2차",
            "투자타입":"일반",
            "전용면적(m2)":"111.5",
            "전용면적(평)":"33평",
            "법정동주소":"전라북도 익산시 동산동 667-1",
            "도로명주소":"전라북도 익산시 평동로17길 5",
            "세대수":50,
            "입주년차":20,
            "용적률점수":"--",
            "건폐율점수":"--",
            "세대당주차수":30,
            "난방방식":30,
            "공급면적":"--",
            "전용률":"--",
            "욕실수":100,
            "현관타입":10,
            "주거총점":40.0,
            "지역구공급총점":0.0,
            "역세권":"NA",
            "30분내 이동가능 거점":"NA",
            "1시간내 이동가능 거점":"NA",
            "교통총점":"NA",
            "백화점":0,
            "아울렛몰":0,
            "대형마트":100,
            "은행":0,
            "병원":60,
            "종합병원":100,
            "공원":100,
            "혐오시설":0,
            "인프라총점":44.0,
            "초등학군":89.99,
            "중학군":42.06,
            "학군총점":51.646,
            "인구수":29.52,
            "인구증감":-6.36,
            "인구총점":18.756,
            "일자리":17.37,
            "소득수준":55.25,
            "일자리총점":28.734,
            "가치 총점":44.5115,
            "매매실거래년":20220109.0,
            "매매실거래가":18300.0,
            "전세실거래년":20210812.0,
            "전세실거래가":14700.0,
            "전세가율":80.33,
            "장기전세가율평균":77.82,
            "전세가율거품지수":-2.51,
            "검색코드":101779,
            "세대수":484.0,
            "준공년월":"2001-10-30",
            "준공년차":22.0,
            "가까운역이름":"NA",
            "가까운역거리":"NA",
            "역세권여부":"NA",
            "30분이내주요거점역":"NA",
            "30분거점역이름":"NA",
            "1시간이내주요거점역":"NA",
            "1시간거점역이름":"NA",
            "3km이내백화점수":0,
            "5km이내아울렛몰수":0,
            "1km이내대형먀트수":2,
            "500m이내은행수":0,
            "500m이내병원수":16,
            "5km이내대형병원수":2,
            "500m이내공원수":8,
            "3km이내혐오시설수":0,
            "초등학교학업성취도":89.99,
            "중학교학업성취도":69.5,
            "용적률":240,
            "건폐율":18,
            "Y":35.930505,
            "X":126.958665,
            "rank":31.0,
            "area_info":"33평(111.5), 34평(112.86)",
            "last_sales":"2022-01-09,18300.0,33평(111.5)",
            "rank_history":[
                [
                    "202202",
                    31
                ],
                [
                    "202201",
                    31
                ]
            ],
            "rank_gap":0
        },
        {
            "index":311,
            "아파트명":"어양주공8단지",
            "투자타입":"일반",
            "전용면적(m2)":"68.91",
            "전용면적(평)":"20평",
            "법정동주소":"전라북도 익산시 어양동 689",
            "도로명주소":"전라북도 익산시 궁동로 109",
            "세대수":50,
            "입주년차":20,
            "용적률점수":"--",
            "건폐율점수":"--",
            "세대당주차수":0,
            "난방방식":30,
            "공급면적":"--",
            "전용률":"--",
            "욕실수":50,
            "현관타입":100,
            "주거총점":39.5,
            "지역구공급총점":0.0,
            "역세권":"NA",
            "30분내 이동가능 거점":"NA",
            "1시간내 이동가능 거점":"NA",
            "교통총점":"NA",
            "백화점":0,
            "아울렛몰":0,
            "대형마트":80,
            "은행":0,
            "병원":60,
            "종합병원":100,
            "공원":100,
            "혐오시설":0,
            "인프라총점":41.0,
            "초등학군":90.0,
            "중학군":48.46,
            "학군총점":56.768,
            "인구수":29.52,
            "인구증감":-6.36,
            "인구총점":18.756,
            "일자리":17.37,
            "소득수준":55.25,
            "일자리총점":28.734,
            "가치 총점":44.417,
            "매매실거래년":20220122.0,
            "매매실거래가":16600.0,
            "전세실거래년":20210904.0,
            "전세실거래가":12500.0,
            "전세가율":98.43,
            "장기전세가율평균":77.82,
            "전세가율거품지수":-20.61,
            "검색코드":100826,
            "세대수":550.0,
            "준공년월":"2003-02-05",
            "준공년차":20.0,
            "가까운역이름":"NA",
            "가까운역거리":"NA",
            "역세권여부":"NA",
            "30분이내주요거점역":"NA",
            "30분거점역이름":"NA",
            "1시간이내주요거점역":"NA",
            "1시간거점역이름":"NA",
            "3km이내백화점수":0,
            "5km이내아울렛몰수":0,
            "1km이내대형먀트수":1,
            "500m이내은행수":0,
            "500m이내병원수":25,
            "5km이내대형병원수":2,
            "500m이내공원수":7,
            "3km이내혐오시설수":0,
            "초등학교학업성취도":90.0,
            "중학교학업성취도":79.7,
            "용적률":166,
            "건폐율":15,
            "Y":35.963074,
            "X":126.983548,
            "rank":32.0,
            "area_info":"20평(68.91), 24평(79.8), 41평(138.84)",
            "last_sales":"2022-01-22,16600.0,24평(79.8)",
            "rank_history":[
                [
                    "202202",
                    32
                ],
                [
                    "202201",
                    34
                ]
            ],
            "rank_gap":2
        },
        {
            "index":301,
            "아파트명":"어양제일오투그란데3차",
            "투자타입":"일반",
            "전용면적(m2)":"107.95",
            "전용면적(평)":"32평",
            "법정동주소":"전라북도 익산시 어양동 744",
            "도로명주소":"전라북도 익산시 무왕로21길 31",
            "세대수":0,
            "입주년차":100,
            "용적률점수":"--",
            "건폐율점수":"--",
            "세대당주차수":60,
            "난방방식":30,
            "공급면적":"--",
            "전용률":"--",
            "욕실수":100,
            "현관타입":100,
            "주거총점":52.0,
            "지역구공급총점":0.0,
            "역세권":"NA",
            "30분내 이동가능 거점":"NA",
            "1시간내 이동가능 거점":"NA",
            "교통총점":"NA",
            "백화점":0,
            "아울렛몰":0,
            "대형마트":0,
            "은행":0,
            "병원":80,
            "종합병원":100,
            "공원":100,
            "혐오시설":-50,
            "인프라총점":30.0,
            "초등학군":90.0,
            "중학군":48.46,
            "학군총점":56.768,
            "인구수":29.52,
            "인구증감":-6.36,
            "인구총점":18.756,
            "일자리":17.37,
            "소득수준":55.25,
            "일자리총점":28.734,
            "가치 총점":44.392,
            "매매실거래년":20200623.0,
            "매매실거래가":32398.0,
            "전세실거래년":null,
            "전세실거래가":null,
            "전세가율":null,
            "장기전세가율평균":77.82,
            "전세가율거품지수":null,
            "검색코드":120108,
            "세대수":155.0,
            "준공년월":"2020-05-25",
            "준공년차":3.0,
            "가까운역이름":"NA",
            "가까운역거리":"NA",
            "역세권여부":"NA",
            "30분이내주요거점역":"NA",
            "30분거점역이름":"NA",
            "1시간이내주요거점역":"NA",
            "1시간거점역이름":"NA",
            "3km이내백화점수":0,
            "5km이내아울렛몰수":0,
            "1km이내대형먀트수":0,
            "500m이내은행수":0,
            "500m이내병원수":31,
            "5km이내대형병원수":2,
            "500m이내공원수":7,
            "3km이내혐오시설수":1,
            "초등학교학업성취도":90.0,
            "중학교학업성취도":79.7,
            "용적률":248,
            "건폐율":18,
            "Y":35.961872,
            "X":126.985613,
            "rank":33.0,
            "area_info":"32평(107.95)",
            "last_sales":"2020-06-23,32398.0,32평(107.95)",
            "rank_history":[
                [
                    "202202",
                    33
                ],
                [
                    "202201",
                    38
                ]
            ],
            "rank_gap":5
        },
        {
            "index":141,
            "아파트명":"중앙하이츠",
            "투자타입":"일반",
            "전용면적(m2)":"73.74",
            "전용면적(평)":"22평",
            "법정동주소":"전라북도 익산시 모현동1가 525-2",
            "도로명주소":"전라북도 익산시 선화로5길 45",
            "세대수":50,
            "입주년차":0,
            "용적률점수":"--",
            "건폐율점수":"--",
            "세대당주차수":0,
            "난방방식":30,
            "공급면적":"--",
            "전용률":"--",
            "욕실수":50,
            "현관타입":100,
            "주거총점":35.5,
            "지역구공급총점":0.0,
            "역세권":"NA",
            "30분내 이동가능 거점":"NA",
            "1시간내 이동가능 거점":"NA",
            "교통총점":"NA",
            "백화점":0,
            "아울렛몰":0,
            "대형마트":100,
            "은행":0,
            "병원":60,
            "종합병원":100,
            "공원":100,
            "혐오시설":0,
            "인프라총점":44.0,
            "초등학군":90.01,
            "중학군":46.24,
            "학군총점":54.994,
            "인구수":29.52,
            "인구증감":-6.36,
            "인구총점":18.756,
            "일자리":17.37,
            "소득수준":55.25,
            "일자리총점":28.734,
            "가치 총점":43.7735,
            "매매실거래년":20220125.0,
            "매매실거래가":15900.0,
            "전세실거래년":20211115.0,
            "전세실거래가":11500.0,
            "전세가율":86.47,
            "장기전세가율평균":77.82,
            "전세가율거품지수":-8.65,
            "검색코드":5167,
            "세대수":466.0,
            "준공년월":"1993-09-27",
            "준공년차":30.0,
            "가까운역이름":"NA",
            "가까운역거리":"NA",
            "역세권여부":"NA",
            "30분이내주요거점역":"NA",
            "30분거점역이름":"NA",
            "1시간이내주요거점역":"NA",
            "1시간거점역이름":"NA",
            "3km이내백화점수":0,
            "5km이내아울렛몰수":0,
            "1km이내대형먀트수":3,
            "500m이내은행수":1,
            "500m이내병원수":27,
            "5km이내대형병원수":2,
            "500m이내공원수":5,
            "3km이내혐오시설수":0,
            "초등학교학업성취도":90.01,
            "중학교학업성취도":76.8,
            "용적률":0,
            "건폐율":0,
            "Y":35.952699,
            "X":126.9427,
            "rank":34.0,
            "area_info":"22평(73.74), 30평(101.69), 35평(117.45)",
            "last_sales":"2022-01-25,15900.0,30평(101.69)",
            "rank_history":[
                [
                    "202202",
                    34
                ],
                [
                    "202201",
                    42
                ]
            ],
            "rank_gap":8
        },
        {
            "index":58,
            "아파트명":"익산수도산코아루이지움",
            "투자타입":"일반",
            "전용면적(m2)":"102.55",
            "전용면적(평)":"31평",
            "법정동주소":"전라북도 익산시 동산동 1144",
            "도로명주소":"전라북도 익산시 서동로30길 40",
            "세대수":30,
            "입주년차":100,
            "용적률점수":"--",
            "건폐율점수":"--",
            "세대당주차수":30,
            "난방방식":30,
            "공급면적":"--",
            "전용률":"--",
            "욕실수":100,
            "현관타입":100,
            "주거총점":58.0,
            "지역구공급총점":0.0,
            "역세권":"NA",
            "30분내 이동가능 거점":"NA",
            "1시간내 이동가능 거점":"NA",
            "교통총점":"NA",
            "백화점":0,
            "아울렛몰":0,
            "대형마트":0,
            "은행":0,
            "병원":60,
            "종합병원":100,
            "공원":100,
            "혐오시설":0,
            "인프라총점":29.0,
            "초등학군":90.01,
            "중학군":35.28,
            "학군총점":46.226,
            "인구수":29.52,
            "인구증감":-6.36,
            "인구총점":18.756,
            "일자리":17.37,
            "소득수준":55.25,
            "일자리총점":28.734,
            "가치 총점":43.4565,
            "매매실거래년":20220115.0,
            "매매실거래가":27300.0,
            "전세실거래년":20220113.0,
            "전세실거래가":26000.0,
            "전세가율":89.66,
            "장기전세가율평균":77.82,
            "전세가율거품지수":-11.84,
            "검색코드":118923,
            "세대수":338.0,
            "준공년월":"2019-10-02",
            "준공년차":4.0,
            "가까운역이름":"NA",
            "가까운역거리":"NA",
            "역세권여부":"NA",
            "30분이내주요거점역":"NA",
            "30분거점역이름":"NA",
            "1시간이내주요거점역":"NA",
            "1시간거점역이름":"NA",
            "3km이내백화점수":0,
            "5km이내아울렛몰수":0,
            "1km이내대형먀트수":0,
            "500m이내은행수":0,
            "500m이내병원수":12,
            "5km이내대형병원수":2,
            "500m이내공원수":2,
            "3km이내혐오시설수":0,
            "초등학교학업성취도":90.01,
            "중학교학업성취도":58.8,
            "용적률":236,
            "건폐율":24,
            "Y":35.934066,
            "X":126.970077,
            "rank":35.0,
            "area_info":"31평(102.55), 31평(102.67), 31평(102.62), 31평(103.21), 34평(112.78)",
            "last_sales":"2022-01-15,27300.0,31평(103.21)",
            "rank_history":[
                [
                    "202202",
                    35
                ],
                [
                    "202201",
                    43
                ]
            ],
            "rank_gap":8
        },
        {
            "index":233,
            "아파트명":"송학리젠시빌",
            "투자타입":"일반",
            "전용면적(m2)":"107.18",
            "전용면적(평)":"32평",
            "법정동주소":"전라북도 익산시 송학동 245-49",
            "도로명주소":"전라북도 익산시 배산로 33",
            "세대수":30,
            "입주년차":20,
            "용적률점수":"--",
            "건폐율점수":"--",
            "세대당주차수":0,
            "난방방식":30,
            "공급면적":"--",
            "전용률":"--",
            "욕실수":100,
            "현관타입":100,
            "주거총점":37.5,
            "지역구공급총점":0.0,
            "역세권":"NA",
            "30분내 이동가능 거점":"NA",
            "1시간내 이동가능 거점":"NA",
            "교통총점":"NA",
            "백화점":0,
            "아울렛몰":0,
            "대형마트":100,
            "은행":0,
            "병원":30,
            "종합병원":100,
            "공원":80,
            "혐오시설":0,
            "인프라총점":40.4,
            "초등학군":90.01,
            "중학군":47.5,
            "학군총점":56.002,
            "인구수":29.52,
            "인구증감":-6.36,
            "인구총점":18.756,
            "일자리":17.37,
            "소득수준":55.25,
            "일자리총점":28.734,
            "가치 총점":43.2855,
            "매매실거래년":20220116.0,
            "매매실거래가":21900.0,
            "전세실거래년":20211231.0,
            "전세실거래가":16500.0,
            "전세가율":75.34,
            "장기전세가율평균":77.82,
            "전세가율거품지수":2.48,
            "검색코드":101015,
            "세대수":346.0,
            "준공년월":"2002-11-29",
            "준공년차":21.0,
            "가까운역이름":"NA",
            "가까운역거리":"NA",
            "역세권여부":"NA",
            "30분이내주요거점역":"NA",
            "30분거점역이름":"NA",
            "1시간이내주요거점역":"NA",
            "1시간거점역이름":"NA",
            "3km이내백화점수":0,
            "5km이내아울렛몰수":0,
            "1km이내대형먀트수":3,
            "500m이내은행수":0,
            "500m이내병원수":7,
            "5km이내대형병원수":2,
            "500m이내공원수":1,
            "3km이내혐오시설수":0,
            "초등학교학업성취도":90.01,
            "중학교학업성취도":77.5,
            "용적률":195,
            "건폐율":16,
            "Y":35.941298,
            "X":126.936613,
            "rank":36.0,
            "area_info":"32평(107.18)",
            "last_sales":"2022-01-16,21900.0,32평(107.18)",
            "rank_history":[
                [
                    "202202",
                    36
                ],
                [
                    "202201",
                    51
                ]
            ],
            "rank_gap":15
        },
        {
            "index":159,
            "아파트명":"현대6차",
            "투자타입":"일반",
            "전용면적(m2)":"76.35",
            "전용면적(평)":"23평",
            "법정동주소":"전라북도 익산시 모현동1가 335-2",
            "도로명주소":"전라북도 익산시 선화로 100-12",
            "세대수":30,
            "입주년차":0,
            "용적률점수":"--",
            "건폐율점수":"--",
            "세대당주차수":0,
            "난방방식":30,
            "공급면적":"--",
            "전용률":"--",
            "욕실수":50,
            "현관타입":100,
            "주거총점":28.5,
            "지역구공급총점":0.0,
            "역세권":"NA",
            "30분내 이동가능 거점":"NA",
            "1시간내 이동가능 거점":"NA",
            "교통총점":"NA",
            "백화점":0,
            "아울렛몰":0,
            "대형마트":100,
            "은행":20,
            "병원":80,
            "종합병원":100,
            "공원":100,
            "혐오시설":0,
            "인프라총점":48.0,
            "초등학군":90.01,
            "중학군":47.5,
            "학군총점":56.002,
            "인구수":29.52,
            "인구증감":-6.36,
            "인구총점":18.756,
            "일자리":17.37,
            "소득수준":55.25,
            "일자리총점":28.734,
            "가치 총점":43.1755,
            "매매실거래년":20210929.0,
            "매매실거래가":21900.0,
            "전세실거래년":20200425.0,
            "전세실거래가":11000.0,
            "전세가율":69.62,
            "장기전세가율평균":77.82,
            "전세가율거품지수":8.2,
            "검색코드":5179,
            "세대수":308.0,
            "준공년월":"1998-01-23",
            "준공년차":25.0,
            "가까운역이름":"NA",
            "가까운역거리":"NA",
            "역세권여부":"NA",
            "30분이내주요거점역":"NA",
            "30분거점역이름":"NA",
            "1시간이내주요거점역":"NA",
            "1시간거점역이름":"NA",
            "3km이내백화점수":0,
            "5km이내아울렛몰수":0,
            "1km이내대형먀트수":3,
            "500m이내은행수":2,
            "500m이내병원수":52,
            "5km이내대형병원수":2,
            "500m이내공원수":4,
            "3km이내혐오시설수":0,
            "초등학교학업성취도":90.01,
            "중학교학업성취도":77.5,
            "용적률":238,
            "건폐율":20,
            "Y":35.948149,
            "X":126.940766,
            "rank":37.0,
            "area_info":"23평(76.35), 28평(95.68), 32평(108.21)",
            "last_sales":"2021-09-29,21900.0,32평(108.21)",
            "rank_history":[
                [
                    "202202",
                    37
                ],
                [
                    "202201",
                    47
                ]
            ],
            "rank_gap":10
        },
        {
            "index":351,
            "아파트명":"영등제일2차2단지",
            "투자타입":"일반",
            "전용면적(m2)":"100.61",
            "전용면적(평)":"30평",
            "법정동주소":"전라북도 익산시 영등동 763",
            "도로명주소":"전라북도 익산시 고봉로24길 18",
            "세대수":0,
            "입주년차":0,
            "용적률점수":"--",
            "건폐율점수":"--",
            "세대당주차수":60,
            "난방방식":30,
            "공급면적":"--",
            "전용률":"--",
            "욕실수":100,
            "현관타입":100,
            "주거총점":32.0,
            "지역구공급총점":0.0,
            "역세권":"NA",
            "30분내 이동가능 거점":"NA",
            "1시간내 이동가능 거점":"NA",
            "교통총점":"NA",
            "백화점":0,
            "아울렛몰":0,
            "대형마트":100,
            "은행":0,
            "병원":80,
            "종합병원":100,
            "공원":100,
            "혐오시설":-50,
            "인프라총점":45.0,
            "초등학군":90.0,
            "중학군":45.78,
            "학군총점":54.624,
            "인구수":29.52,
            "인구증감":-6.36,
            "인구총점":18.756,
            "일자리":17.37,
            "소득수준":55.25,
            "일자리총점":28.734,
            "가치 총점":42.856,
            "매매실거래년":20211025.0,
            "매매실거래가":35000.0,
            "전세실거래년":20180321.0,
            "전세실거래가":10000.0,
            "전세가율":52.36,
            "장기전세가율평균":77.82,
            "전세가율거품지수":25.46,
            "검색코드":15012,
            "세대수":248.0,
            "준공년월":"1997-03-26",
            "준공년차":26.0,
            "가까운역이름":"NA",
            "가까운역거리":"NA",
            "역세권여부":"NA",
            "30분이내주요거점역":"NA",
            "30분거점역이름":"NA",
            "1시간이내주요거점역":"NA",
            "1시간거점역이름":"NA",
            "3km이내백화점수":0,
            "5km이내아울렛몰수":0,
            "1km이내대형먀트수":2,
            "500m이내은행수":1,
            "500m이내병원수":42,
            "5km이내대형병원수":2,
            "500m이내공원수":6,
            "3km이내혐오시설수":1,
            "초등학교학업성취도":90.0,
            "중학교학업성취도":74.7,
            "용적률":0,
            "건폐율":0,
            "Y":35.955317,
            "X":126.972241,
            "rank":38.0,
            "area_info":"30평(100.61), 40평(134.22), 40평(134.6), 48평(159.82)",
            "last_sales":"2021-10-25,35000.0,48평(159.82)",
            "rank_history":[
                [
                    "202202",
                    38
                ],
                [
                    "202201",
                    41
                ]
            ],
            "rank_gap":3
        },
        {
            "index":302,
            "아파트명":"어양주공5단지",
            "투자타입":"일반",
            "전용면적(m2)":"77.17",
            "전용면적(평)":"23평",
            "법정동주소":"전라북도 익산시 어양동 621",
            "도로명주소":"전라북도 익산시 부송1로 17",
            "세대수":50,
            "입주년차":0,
            "용적률점수":"--",
            "건폐율점수":"--",
            "세대당주차수":0,
            "난방방식":30,
            "공급면적":"--",
            "전용률":"--",
            "욕실수":50,
            "현관타입":100,
            "주거총점":35.5,
            "지역구공급총점":0.0,
            "역세권":"NA",
            "30분내 이동가능 거점":"NA",
            "1시간내 이동가능 거점":"NA",
            "교통총점":"NA",
            "백화점":0,
            "아울렛몰":0,
            "대형마트":80,
            "은행":0,
            "병원":80,
            "종합병원":100,
            "공원":100,
            "혐오시설":-50,
            "인프라총점":42.0,
            "초등학군":89.99,
            "중학군":43.06,
            "학군총점":52.446,
            "인구수":29.52,
            "인구증감":-6.36,
            "인구총점":18.756,
            "일자리":17.37,
            "소득수준":55.25,
            "일자리총점":28.734,
            "가치 총점":42.3365,
            "매매실거래년":20220115.0,
            "매매실거래가":12000.0,
            "전세실거래년":null,
            "전세실거래가":null,
            "전세가율":null,
            "장기전세가율평균":77.82,
            "전세가율거품지수":null,
            "검색코드":15007,
            "세대수":468.0,
            "준공년월":"1998-08-24",
            "준공년차":25.0,
            "가까운역이름":"NA",
            "가까운역거리":"NA",
            "역세권여부":"NA",
            "30분이내주요거점역":"NA",
            "30분거점역이름":"NA",
            "1시간이내주요거점역":"NA",
            "1시간거점역이름":"NA",
            "3km이내백화점수":0,
            "5km이내아울렛몰수":0,
            "1km이내대형먀트수":1,
            "500m이내은행수":1,
            "500m이내병원수":43,
            "5km이내대형병원수":2,
            "500m이내공원수":12,
            "3km이내혐오시설수":1,
            "초등학교학업성취도":89.99,
            "중학교학업성취도":71.3,
            "용적률":213,
            "건폐율":19,
            "Y":35.95779,
            "X":126.98353,
            "rank":39.0,
            "area_info":"23평(77.17), 23평(78.5), 24평(80.41)",
            "last_sales":"2022-01-15,12000.0,24평(80.41)",
            "rank_history":[
                [
                    "202202",
                    39
                ],
                [
                    "202201",
                    40
                ]
            ],
            "rank_gap":1
        },
        {
            "index":314,
            "아파트명":"엘드수목토",
            "투자타입":"일반",
            "전용면적(m2)":"114.26",
            "전용면적(평)":"34평",
            "법정동주소":"전라북도 익산시 어양동 728",
            "도로명주소":"전라북도 익산시 무왕로19길 18",
            "세대수":30,
            "입주년차":40,
            "용적률점수":"--",
            "건폐율점수":"--",
            "세대당주차수":30,
            "난방방식":30,
            "공급면적":"--",
            "전용률":"--",
            "욕실수":100,
            "현관타입":100,
            "주거총점":46.0,
            "지역구공급총점":0.0,
            "역세권":"NA",
            "30분내 이동가능 거점":"NA",
            "1시간내 이동가능 거점":"NA",
            "교통총점":"NA",
            "백화점":0,
            "아울렛몰":0,
            "대형마트":0,
            "은행":0,
            "병원":80,
            "종합병원":100,
            "공원":100,
            "혐오시설":-50,
            "인프라총점":30.0,
            "초등학군":90.0,
            "중학군":48.46,
            "학군총점":56.768,
            "인구수":29.52,
            "인구증감":-6.36,
            "인구총점":18.756,
            "일자리":17.37,
            "소득수준":55.25,
            "일자리총점":28.734,
            "가치 총점":42.292,
            "매매실거래년":20211228.0,
            "매매실거래가":32500.0,
            "전세실거래년":20200613.0,
            "전세실거래가":26000.0,
            "전세가율":80.0,
            "장기전세가율평균":77.82,
            "전세가율거품지수":-2.18,
            "검색코드":101162,
            "세대수":304.0,
            "준공년월":"2008-09-04",
            "준공년차":15.0,
            "가까운역이름":"NA",
            "가까운역거리":"NA",
            "역세권여부":"NA",
            "30분이내주요거점역":"NA",
            "30분거점역이름":"NA",
            "1시간이내주요거점역":"NA",
            "1시간거점역이름":"NA",
            "3km이내백화점수":0,
            "5km이내아울렛몰수":0,
            "1km이내대형먀트수":0,
            "500m이내은행수":1,
            "500m이내병원수":37,
            "5km이내대형병원수":2,
            "500m이내공원수":11,
            "3km이내혐오시설수":1,
            "초등학교학업성취도":90.0,
            "중학교학업성취도":79.7,
            "용적률":210,
            "건폐율":26,
            "Y":35.960605,
            "X":126.985763,
            "rank":40.0,
            "area_info":"34평(114.26)",
            "last_sales":"2021-12-28,32500.0,34평(114.26)",
            "rank_history":[
                [
                    "202202",
                    40
                ],
                [
                    "202201",
                    49
                ]
            ],
            "rank_gap":9
        },
        {
            "index":30,
            "아파트명":"동신",
            "투자타입":"재건축",
            "전용면적(m2)":"55.39",
            "전용면적(평)":"16평",
            "법정동주소":"전라북도 익산시 동산동 599",
            "도로명주소":"전라북도 익산시 목천로 335",
            "세대수":50,
            "입주년차":"--",
            "용적률점수":0,
            "건폐율점수":60,
            "세대당주차수":"--",
            "난방방식":"--",
            "공급면적":50,
            "전용률":80,
            "욕실수":"--",
            "현관타입":"--",
            "주거총점":33.5,
            "지역구공급총점":0.0,
            "역세권":"NA",
            "30분내 이동가능 거점":"NA",
            "1시간내 이동가능 거점":"NA",
            "교통총점":"NA",
            "백화점":0,
            "아울렛몰":0,
            "대형마트":100,
            "은행":0,
            "병원":60,
            "종합병원":100,
            "공원":100,
            "혐오시설":0,
            "인프라총점":44.0,
            "초등학군":90.0,
            "중학군":42.06,
            "학군총점":51.648,
            "인구수":29.52,
            "인구증감":-6.36,
            "인구총점":18.756,
            "일자리":17.37,
            "소득수준":55.25,
            "일자리총점":28.734,
            "가치 총점":42.237,
            "매매실거래년":20220110.0,
            "매매실거래가":5300.0,
            "전세실거래년":20200915.0,
            "전세실거래가":4000.0,
            "전세가율":108.11,
            "장기전세가율평균":77.82,
            "전세가율거품지수":-30.29,
            "검색코드":5121,
            "세대수":510.0,
            "준공년월":"1988-12-31",
            "준공년차":35.0,
            "가까운역이름":"NA",
            "가까운역거리":"NA",
            "역세권여부":"NA",
            "30분이내주요거점역":"NA",
            "30분거점역이름":"NA",
            "1시간이내주요거점역":"NA",
            "1시간거점역이름":"NA",
            "3km이내백화점수":0,
            "5km이내아울렛몰수":0,
            "1km이내대형먀트수":2,
            "500m이내은행수":0,
            "500m이내병원수":12,
            "5km이내대형병원수":2,
            "500m이내공원수":9,
            "3km이내혐오시설수":0,
            "초등학교학업성취도":90.0,
            "중학교학업성취도":69.5,
            "용적률":0,
            "건폐율":30,
            "Y":35.92749,
            "X":126.958096,
            "rank":41.0,
            "area_info":"16평(55.39), 16평(56.05), 21평(71.34), 22평(74.46), 22평(75.79), 24평(81.68)",
            "last_sales":"2022-01-10,5300.0,22평(75.79)",
            "rank_history":[
                [
                    "202202",
                    41
                ],
                [
                    "202201",
                    53
                ]
            ],
            "rank_gap":12
        },
        {
            "index":190,
            "아파트명":"리젠시빌",
            "투자타입":"일반",
            "전용면적(m2)":"110.48",
            "전용면적(평)":"33평",
            "법정동주소":"전라북도 익산시 부송동 669",
            "도로명주소":"전라북도 익산시 무왕로21길 64",
            "세대수":50,
            "입주년차":40,
            "용적률점수":"--",
            "건폐율점수":"--",
            "세대당주차수":30,
            "난방방식":30,
            "공급면적":"--",
            "전용률":"--",
            "욕실수":100,
            "현관타입":100,
            "주거총점":53.0,
            "지역구공급총점":0.0,
            "역세권":"NA",
            "30분내 이동가능 거점":"NA",
            "1시간내 이동가능 거점":"NA",
            "교통총점":"NA",
            "백화점":0,
            "아울렛몰":0,
            "대형마트":0,
            "은행":0,
            "병원":10,
            "종합병원":100,
            "공원":80,
            "혐오시설":0,
            "인프라총점":23.4,
            "초등학군":90.0,
            "중학군":48.46,
            "학군총점":56.768,
            "인구수":29.52,
            "인구증감":-6.36,
            "인구총점":18.756,
            "일자리":17.37,
            "소득수준":55.25,
            "일자리총점":28.734,
            "가치 총점":42.102,
            "매매실거래년":20211015.0,
            "매매실거래가":24800.0,
            "전세실거래년":20210729.0,
            "전세실거래가":17000.0,
            "전세가율":68.55,
            "장기전세가율평균":77.82,
            "전세가율거품지수":9.27,
            "검색코드":19716,
            "세대수":440.0,
            "준공년월":"2004-10-29",
            "준공년차":19.0,
            "가까운역이름":"NA",
            "가까운역거리":"NA",
            "역세권여부":"NA",
            "30분이내주요거점역":"NA",
            "30분거점역이름":"NA",
            "1시간이내주요거점역":"NA",
            "1시간거점역이름":"NA",
            "3km이내백화점수":0,
            "5km이내아울렛몰수":0,
            "1km이내대형먀트수":0,
            "500m이내은행수":0,
            "500m이내병원수":4,
            "5km이내대형병원수":2,
            "500m이내공원수":1,
            "3km이내혐오시설수":0,
            "초등학교학업성취도":90.0,
            "중학교학업성취도":79.7,
            "용적률":221,
            "건폐율":19,
            "Y":35.964967,
            "X":126.986739,
            "rank":42.0,
            "area_info":"33평(110.48), 46평(152.63), 50평(168.32)",
            "last_sales":"2021-10-15,24800.0,33평(110.48)",
            "rank_history":[
                [
                    "202202",
                    42
                ],
                [
                    "202201",
                    45
                ]
            ],
            "rank_gap":3
        },
        {
            "index":228,
            "아파트명":"하나리움",
            "투자타입":"일반",
            "전용면적(m2)":"89.61",
            "전용면적(평)":"27평",
            "법정동주소":"전라북도 익산시 부송동 1210",
            "도로명주소":"전라북도 익산시 궁동로 151-9",
            "세대수":30,
            "입주년차":60,
            "용적률점수":"--",
            "건폐율점수":"--",
            "세대당주차수":30,
            "난방방식":30,
            "공급면적":"--",
            "전용률":"--",
            "욕실수":100,
            "현관타입":100,
            "주거총점":50.0,
            "지역구공급총점":0.0,
            "역세권":"NA",
            "30분내 이동가능 거점":"NA",
            "1시간내 이동가능 거점":"NA",
            "교통총점":"NA",
            "백화점":0,
            "아울렛몰":0,
            "대형마트":0,
            "은행":0,
            "병원":30,
            "종합병원":100,
            "공원":100,
            "혐오시설":0,
            "인프라총점":26.0,
            "초등학군":90.0,
            "중학군":48.46,
            "학군총점":56.768,
            "인구수":29.52,
            "인구증감":-6.36,
            "인구총점":18.756,
            "일자리":17.37,
            "소득수준":55.25,
            "일자리총점":28.734,
            "가치 총점":42.092,
            "매매실거래년":20211104.0,
            "매매실거래가":34800.0,
            "전세실거래년":null,
            "전세실거래가":null,
            "전세가율":null,
            "장기전세가율평균":77.82,
            "전세가율거품지수":null,
            "검색코드":103654,
            "세대수":396.0,
            "준공년월":"2012-10-09",
            "준공년차":11.0,
            "가까운역이름":"NA",
            "가까운역거리":"NA",
            "역세권여부":"NA",
            "30분이내주요거점역":"NA",
            "30분거점역이름":"NA",
            "1시간이내주요거점역":"NA",
            "1시간거점역이름":"NA",
            "3km이내백화점수":0,
            "5km이내아울렛몰수":0,
            "1km이내대형먀트수":0,
            "500m이내은행수":0,
            "500m이내병원수":6,
            "5km이내대형병원수":2,
            "500m이내공원수":3,
            "3km이내혐오시설수":0,
            "초등학교학업성취도":90.0,
            "중학교학업성취도":79.7,
            "용적률":227,
            "건폐율":23,
            "Y":35.963852,
            "X":126.98703,
            "rank":43.0,
            "area_info":"27평(89.61), 33평(110.29), 33평(111.06), 34평(114.2), 34평(115.08)",
            "last_sales":"2021-11-04,34800.0,34평(115.08)",
            "rank_history":[
                [
                    "202202",
                    43
                ],
                [
                    "202201",
                    46
                ]
            ],
            "rank_gap":3
        },
        {
            "index":339,
            "아파트명":"영등신일",
            "투자타입":"재건축",
            "전용면적(m2)":"102.81",
            "전용면적(평)":"31평",
            "법정동주소":"전라북도 익산시 영등동 714-1",
            "도로명주소":"전라북도 익산시 약촌로 202",
            "세대수":80,
            "입주년차":"--",
            "용적률점수":0,
            "건폐율점수":0,
            "세대당주차수":"--",
            "난방방식":"--",
            "공급면적":90,
            "전용률":80,
            "욕실수":"--",
            "현관타입":"--",
            "주거총점":32.5,
            "지역구공급총점":0.0,
            "역세권":"NA",
            "30분내 이동가능 거점":"NA",
            "1시간내 이동가능 거점":"NA",
            "교통총점":"NA",
            "백화점":0,
            "아울렛몰":0,
            "대형마트":100,
            "은행":20,
            "병원":30,
            "종합병원":100,
            "공원":100,
            "혐오시설":-50,
            "인프라총점":42.0,
            "초등학군":90.0,
            "중학군":45.78,
            "학군총점":54.624,
            "인구수":29.52,
            "인구증감":-6.36,
            "인구총점":18.756,
            "일자리":17.37,
            "소득수준":55.25,
            "일자리총점":28.734,
            "가치 총점":41.831,
            "매매실거래년":20211203.0,
            "매매실거래가":17800.0,
            "전세실거래년":20211231.0,
            "전세실거래가":13000.0,
            "전세가율":73.03,
            "장기전세가율평균":77.82,
            "전세가율거품지수":4.79,
            "검색코드":5233,
            "세대수":720.0,
            "준공년월":"1992-08-08",
            "준공년차":31.0,
            "가까운역이름":"NA",
            "가까운역거리":"NA",
            "역세권여부":"NA",
            "30분이내주요거점역":"NA",
            "30분거점역이름":"NA",
            "1시간이내주요거점역":"NA",
            "1시간거점역이름":"NA",
            "3km이내백화점수":0,
            "5km이내아울렛몰수":0,
            "1km이내대형먀트수":2,
            "500m이내은행수":2,
            "500m이내병원수":8,
            "5km이내대형병원수":2,
            "500m이내공원수":5,
            "3km이내혐오시설수":1,
            "초등학교학업성취도":90.0,
            "중학교학업성취도":74.7,
            "용적률":0,
            "건폐율":0,
            "Y":35.951915,
            "X":126.97489,
            "rank":44.0,
            "area_info":"31평(102.81), 31평(102.77), 31평(103.54), 31평(103.23), 39평(130.51), 45평(150.74), 56평(187.01)",
            "last_sales":"2021-12-03,17800.0,31평(102.81)",
            "rank_history":[
                [
                    "202202",
                    44
                ],
                [
                    "202201",
                    52
                ]
            ],
            "rank_gap":8
        },
        {
            "index":151,
            "아파트명":"현대3차",
            "투자타입":"일반",
            "전용면적(m2)":"76.89",
            "전용면적(평)":"23평",
            "법정동주소":"전라북도 익산시 모현동1가 677-2",
            "도로명주소":"전라북도 익산시 배산로 91-9",
            "세대수":30,
            "입주년차":0,
            "용적률점수":"--",
            "건폐율점수":"--",
            "세대당주차수":0,
            "난방방식":30,
            "공급면적":"--",
            "전용률":"--",
            "욕실수":50,
            "현관타입":100,
            "주거총점":28.5,
            "지역구공급총점":0.0,
            "역세권":"NA",
            "30분내 이동가능 거점":"NA",
            "1시간내 이동가능 거점":"NA",
            "교통총점":"NA",
            "백화점":0,
            "아울렛몰":0,
            "대형마트":100,
            "은행":0,
            "병원":60,
            "종합병원":100,
            "공원":100,
            "혐오시설":0,
            "인프라총점":44.0,
            "초등학군":90.01,
            "중학군":47.5,
            "학군총점":56.002,
            "인구수":29.52,
            "인구증감":-6.36,
            "인구총점":18.756,
            "일자리":17.37,
            "소득수준":55.25,
            "일자리총점":28.734,
            "가치 총점":41.5755,
            "매매실거래년":20220120.0,
            "매매실거래가":17400.0,
            "전세실거래년":20211226.0,
            "전세실거래가":13000.0,
            "전세가율":91.23,
            "장기전세가율평균":77.82,
            "전세가율거품지수":-13.41,
            "검색코드":5175,
            "세대수":340.0,
            "준공년월":"1996-04-26",
            "준공년차":27.0,
            "가까운역이름":"NA",
            "가까운역거리":"NA",
            "역세권여부":"NA",
            "30분이내주요거점역":"NA",
            "30분거점역이름":"NA",
            "1시간이내주요거점역":"NA",
            "1시간거점역이름":"NA",
            "3km이내백화점수":0,
            "5km이내아울렛몰수":0,
            "1km이내대형먀트수":3,
            "500m이내은행수":1,
            "500m이내병원수":25,
            "5km이내대형병원수":2,
            "500m이내공원수":2,
            "3km이내혐오시설수":0,
            "초등학교학업성취도":90.01,
            "중학교학업성취도":77.5,
            "용적률":193,
            "건폐율":19,
            "Y":35.94559,
            "X":126.93829,
            "rank":45.0,
            "area_info":"23평(76.89), 28평(92.78), 31평(105.69)",
            "last_sales":"2022-01-20,17400.0,31평(105.69)",
            "rank_history":[
                [
                    "202202",
                    45
                ],
                [
                    "202201",
                    56
                ]
            ],
            "rank_gap":11
        },
        {
            "index":215,
            "아파트명":"익산코아루디펠리체",
            "투자타입":"일반",
            "전용면적(m2)":"84.85",
            "전용면적(평)":"25평",
            "법정동주소":"전라북도 익산시 부송동 1215",
            "도로명주소":"전라북도 익산시 부송1로 120-11",
            "세대수":0,
            "입주년차":100,
            "용적률점수":"--",
            "건폐율점수":"--",
            "세대당주차수":30,
            "난방방식":30,
            "공급면적":"--",
            "전용률":"--",
            "욕실수":100,
            "현관타입":100,
            "주거총점":47.5,
            "지역구공급총점":0.0,
            "역세권":"NA",
            "30분내 이동가능 거점":"NA",
            "1시간내 이동가능 거점":"NA",
            "교통총점":"NA",
            "백화점":0,
            "아울렛몰":0,
            "대형마트":0,
            "은행":0,
            "병원":60,
            "종합병원":100,
            "공원":100,
            "혐오시설":0,
            "인프라총점":29.0,
            "초등학군":90.0,
            "중학군":43.78,
            "학군총점":53.024,
            "인구수":29.52,
            "인구증감":-6.36,
            "인구총점":18.756,
            "일자리":17.37,
            "소득수준":55.25,
            "일자리총점":28.734,
            "가치 총점":41.481,
            "매매실거래년":20190329.0,
            "매매실거래가":21400.0,
            "전세실거래년":null,
            "전세실거래가":null,
            "전세가율":null,
            "장기전세가율평균":77.82,
            "전세가율거품지수":null,
            "검색코드":115773,
            "세대수":169.0,
            "준공년월":"2019-01-11",
            "준공년차":4.0,
            "가까운역이름":"NA",
            "가까운역거리":"NA",
            "역세권여부":"NA",
            "30분이내주요거점역":"NA",
            "30분거점역이름":"NA",
            "1시간이내주요거점역":"NA",
            "1시간거점역이름":"NA",
            "3km이내백화점수":0,
            "5km이내아울렛몰수":0,
            "1km이내대형먀트수":0,
            "500m이내은행수":0,
            "500m이내병원수":13,
            "5km이내대형병원수":2,
            "500m이내공원수":4,
            "3km이내혐오시설수":0,
            "초등학교학업성취도":90.0,
            "중학교학업성취도":71.9,
            "용적률":233,
            "건폐율":31,
            "Y":35.95786,
            "X":126.995888,
            "rank":46.0,
            "area_info":"25평(84.85), 25평(85.07)",
            "last_sales":"2019-03-29,21400.0,25평(84.85)",
            "rank_history":[
                [
                    "202202",
                    46
                ],
                [
                    "202201",
                    24
                ]
            ],
            "rank_gap":-22
        },
        {
            "index":383,
            "아파트명":"인화동제이파크",
            "투자타입":"일반",
            "전용면적(m2)":"110.63",
            "전용면적(평)":"33평",
            "법정동주소":"전라북도 익산시 인화동2가 54",
            "도로명주소":"전라북도 익산시",
            "세대수":0,
            "입주년차":40,
            "용적률점수":"--",
            "건폐율점수":"--",
            "세대당주차수":0,
            "난방방식":30,
            "공급면적":"--",
            "전용률":"--",
            "욕실수":100,
            "현관타입":100,
            "주거총점":31.0,
            "지역구공급총점":0.0,
            "역세권":"NA",
            "30분내 이동가능 거점":"NA",
            "1시간내 이동가능 거점":"NA",
            "교통총점":"NA",
            "백화점":0,
            "아울렛몰":0,
            "대형마트":100,
            "은행":0,
            "병원":60,
            "종합병원":100,
            "공원":100,
            "혐오시설":0,
            "인프라총점":44.0,
            "초등학군":89.99,
            "중학군":42.06,
            "학군총점":51.646,
            "인구수":29.52,
            "인구증감":-6.36,
            "인구총점":18.756,
            "일자리":17.37,
            "소득수준":55.25,
            "일자리총점":28.734,
            "가치 총점":41.3615,
            "매매실거래년":20220117.0,
            "매매실거래가":29000.0,
            "전세실거래년":null,
            "전세실거래가":null,
            "전세가율":null,
            "장기전세가율평균":77.82,
            "전세가율거품지수":null,
            "검색코드":102756,
            "세대수":138.0,
            "준공년월":"2006-06-09",
            "준공년차":17.0,
            "가까운역이름":"NA",
            "가까운역거리":"NA",
            "역세권여부":"NA",
            "30분이내주요거점역":"NA",
            "30분거점역이름":"NA",
            "1시간이내주요거점역":"NA",
            "1시간거점역이름":"NA",
            "3km이내백화점수":0,
            "5km이내아울렛몰수":0,
            "1km이내대형먀트수":2,
            "500m이내은행수":0,
            "500m이내병원수":15,
            "5km이내대형병원수":2,
            "500m이내공원수":11,
            "3km이내혐오시설수":0,
            "초등학교학업성취도":89.99,
            "중학교학업성취도":69.5,
            "용적률":0,
            "건폐율":0,
            "Y":35.930791,
            "X":126.956357,
            "rank":47.0,
            "area_info":"33평(110.63), 34평(113.25), 42평(141.8)",
            "last_sales":"2022-01-17,29000.0,42평(141.8)",
            "rank_history":[
                [
                    "202202",
                    47
                ],
                [
                    "202201",
                    57
                ]
            ],
            "rank_gap":10
        },
        {
            "index":135,
            "아파트명":"주공2차",
            "투자타입":"재건축",
            "전용면적(m2)":"49.91",
            "전용면적(평)":"15평",
            "법정동주소":"전라북도 익산시 모현동1가 250-1",
            "도로명주소":"전라북도 익산시 고현로 69",
            "세대수":80,
            "입주년차":"--",
            "용적률점수":0,
            "건폐율점수":0,
            "세대당주차수":"--",
            "난방방식":"--",
            "공급면적":50,
            "전용률":80,
            "욕실수":"--",
            "현관타입":"--",
            "주거총점":30.5,
            "지역구공급총점":0.0,
            "역세권":"NA",
            "30분내 이동가능 거점":"NA",
            "1시간내 이동가능 거점":"NA",
            "교통총점":"NA",
            "백화점":0,
            "아울렛몰":0,
            "대형마트":100,
            "은행":0,
            "병원":60,
            "종합병원":100,
            "공원":0,
            "혐오시설":0,
            "인프라총점":41.0,
            "초등학군":90.01,
            "중학군":47.5,
            "학군총점":56.002,
            "인구수":29.52,
            "인구증감":-6.36,
            "인구총점":18.756,
            "일자리":17.37,
            "소득수준":55.25,
            "일자리총점":28.734,
            "가치 총점":41.0755,
            "매매실거래년":20220120.0,
            "매매실거래가":8400.0,
            "전세실거래년":20211228.0,
            "전세실거래가":4000.0,
            "전세가율":47.62,
            "장기전세가율평균":77.82,
            "전세가율거품지수":30.2,
            "검색코드":5163,
            "세대수":890.0,
            "준공년월":"1991-03-21",
            "준공년차":32.0,
            "가까운역이름":"NA",
            "가까운역거리":"NA",
            "역세권여부":"NA",
            "30분이내주요거점역":"NA",
            "30분거점역이름":"NA",
            "1시간이내주요거점역":"NA",
            "1시간거점역이름":"NA",
            "3km이내백화점수":0,
            "5km이내아울렛몰수":0,
            "1km이내대형먀트수":3,
            "500m이내은행수":1,
            "500m이내병원수":26,
            "5km이내대형병원수":2,
            "500m이내공원수":0,
            "3km이내혐오시설수":0,
            "초등학교학업성취도":90.01,
            "중학교학업성취도":77.5,
            "용적률":0,
            "건폐율":0,
            "Y":35.943824,
            "X":126.941954,
            "rank":48.0,
            "area_info":"15평(49.91), 15평(49.78), 14평(49.48), 15평(50.21), 17평(57.87), 17평(58.23)",
            "last_sales":"2022-01-20,8400.0,15평(49.91)",
            "rank_history":[
                [
                    "202202",
                    48
                ],
                [
                    "202201",
                    60
                ]
            ],
            "rank_gap":12
        },
        {
            "index":83,
            "아파트명":"이지스위트밸리",
            "투자타입":"일반",
            "전용면적(m2)":"118.72",
            "전용면적(평)":"35평",
            "법정동주소":"전라북도 익산시 마동 153",
            "도로명주소":"전라북도 익산시 선화1로 31-46",
            "세대수":50,
            "입주년차":40,
            "용적률점수":"--",
            "건폐율점수":"--",
            "세대당주차수":30,
            "난방방식":30,
            "공급면적":"--",
            "전용률":"--",
            "욕실수":100,
            "현관타입":100,
            "주거총점":53.0,
            "지역구공급총점":0.0,
            "역세권":"NA",
            "30분내 이동가능 거점":"NA",
            "1시간내 이동가능 거점":"NA",
            "교통총점":"NA",
            "백화점":0,
            "아울렛몰":0,
            "대형마트":0,
            "은행":0,
            "병원":30,
            "종합병원":100,
            "공원":100,
            "혐오시설":0,
            "인프라총점":26.0,
            "초등학군":90.0,
            "중학군":37.64,
            "학군총점":48.112,
            "인구수":29.52,
            "인구증감":-6.36,
            "인구총점":18.756,
            "일자리":17.37,
            "소득수준":55.25,
            "일자리총점":28.734,
            "가치 총점":40.978,
            "매매실거래년":20220105.0,
            "매매실거래가":20000.0,
            "전세실거래년":20211201.0,
            "전세실거래가":14000.0,
            "전세가율":70.0,
            "장기전세가율평균":77.82,
            "전세가율거품지수":7.82,
            "검색코드":101212,
            "세대수":456.0,
            "준공년월":"2004-10-26",
            "준공년차":19.0,
            "가까운역이름":"NA",
            "가까운역거리":"NA",
            "역세권여부":"NA",
            "30분이내주요거점역":"NA",
            "30분거점역이름":"NA",
            "1시간이내주요거점역":"NA",
            "1시간거점역이름":"NA",
            "3km이내백화점수":0,
            "5km이내아울렛몰수":0,
            "1km이내대형먀트수":0,
            "500m이내은행수":0,
            "500m이내병원수":7,
            "5km이내대형병원수":2,
            "500m이내공원수":2,
            "3km이내혐오시설수":0,
            "초등학교학업성취도":90.0,
            "중학교학업성취도":61.8,
            "용적률":233,
            "건폐율":17,
            "Y":35.944361,
            "X":126.964314,
            "rank":49.0,
            "area_info":"35평(118.72)",
            "last_sales":"2022-01-05,20000.0,35평(118.72)",
            "rank_history":[
                [
                    "202202",
                    49
                ],
                [
                    "202201",
                    54
                ]
            ],
            "rank_gap":5
        },
        {
            "index":346,
            "아파트명":"영등우남",
            "투자타입":"일반",
            "전용면적(m2)":"77.54",
            "전용면적(평)":"23평",
            "법정동주소":"전라북도 익산시 영등동 772",
            "도로명주소":"전라북도 익산시 무왕로16길 29",
            "세대수":0,
            "입주년차":0,
            "용적률점수":"--",
            "건폐율점수":"--",
            "세대당주차수":0,
            "난방방식":30,
            "공급면적":"--",
            "전용률":"--",
            "욕실수":50,
            "현관타입":100,
            "주거총점":18.0,
            "지역구공급총점":0.0,
            "역세권":"NA",
            "30분내 이동가능 거점":"NA",
            "1시간내 이동가능 거점":"NA",
            "교통총점":"NA",
            "백화점":0,
            "아울렛몰":0,
            "대형마트":100,
            "은행":70,
            "병원":80,
            "종합병원":100,
            "공원":100,
            "혐오시설":-50,
            "인프라총점":52.0,
            "초등학군":89.99,
            "중학군":45.78,
            "학군총점":54.622,
            "인구수":29.52,
            "인구증감":-6.36,
            "인구총점":18.756,
            "일자리":17.37,
            "소득수준":55.25,
            "일자리총점":28.734,
            "가치 총점":40.7555,
            "매매실거래년":20220120.0,
            "매매실거래가":14700.0,
            "전세실거래년":20220110.0,
            "전세실거래가":14000.0,
            "전세가율":95.24,
            "장기전세가율평균":77.82,
            "전세가율거품지수":-17.42,
            "검색코드":27770,
            "세대수":276.0,
            "준공년월":"1996-08-28",
            "준공년차":27.0,
            "가까운역이름":"NA",
            "가까운역거리":"NA",
            "역세권여부":"NA",
            "30분이내주요거점역":"NA",
            "30분거점역이름":"NA",
            "1시간이내주요거점역":"NA",
            "1시간거점역이름":"NA",
            "3km이내백화점수":0,
            "5km이내아울렛몰수":0,
            "1km이내대형먀트수":2,
            "500m이내은행수":3,
            "500m이내병원수":54,
            "5km이내대형병원수":2,
            "500m이내공원수":10,
            "3km이내혐오시설수":1,
            "초등학교학업성취도":89.99,
            "중학교학업성취도":74.7,
            "용적률":0,
            "건폐율":0,
            "Y":35.955975,
            "X":126.977531,
            "rank":50.0,
            "area_info":"23평(77.54)",
            "last_sales":"2022-01-20,14700.0,23평(77.54)",
            "rank_history":[
                [
                    "202202",
                    50
                ],
                [
                    "202201",
                    55
                ]
            ],
            "rank_gap":5
        },
        {
            "index":207,
            "아파트명":"부영5차",
            "투자타입":"일반",
            "전용면적(m2)":"74.17",
            "전용면적(평)":"22평",
            "법정동주소":"전라북도 익산시 부송동 1108",
            "도로명주소":"전라북도 익산시 하나로10길 97",
            "세대수":80,
            "입주년차":20,
            "용적률점수":"--",
            "건폐율점수":"--",
            "세대당주차수":0,
            "난방방식":30,
            "공급면적":"--",
            "전용률":"--",
            "욕실수":50,
            "현관타입":100,
            "주거총점":50.0,
            "지역구공급총점":0.0,
            "역세권":"NA",
            "30분내 이동가능 거점":"NA",
            "1시간내 이동가능 거점":"NA",
            "교통총점":"NA",
            "백화점":0,
            "아울렛몰":0,
            "대형마트":0,
            "은행":0,
            "병원":10,
            "종합병원":100,
            "공원":100,
            "혐오시설":-100,
            "인프라총점":22.0,
            "초등학군":90.05,
            "중학군":48.46,
            "학군총점":56.778,
            "인구수":29.52,
            "인구증감":-6.36,
            "인구총점":18.756,
            "일자리":17.37,
            "소득수준":55.25,
            "일자리총점":28.734,
            "가치 총점":40.4945,
            "매매실거래년":20220124.0,
            "매매실거래가":9200.0,
            "전세실거래년":20211229.0,
            "전세실거래가":9000.0,
            "전세가율":97.83,
            "장기전세가율평균":77.82,
            "전세가율거품지수":-20.01,
            "검색코드":104490,
            "세대수":727.0,
            "준공년월":"2001-06-28",
            "준공년차":22.0,
            "가까운역이름":"NA",
            "가까운역거리":"NA",
            "역세권여부":"NA",
            "30분이내주요거점역":"NA",
            "30분거점역이름":"NA",
            "1시간이내주요거점역":"NA",
            "1시간거점역이름":"NA",
            "3km이내백화점수":0,
            "5km이내아울렛몰수":0,
            "1km이내대형먀트수":0,
            "500m이내은행수":0,
            "500m이내병원수":3,
            "5km이내대형병원수":2,
            "500m이내공원수":6,
            "3km이내혐오시설수":2,
            "초등학교학업성취도":90.05,
            "중학교학업성취도":79.7,
            "용적률":229,
            "건폐율":18,
            "Y":35.962515,
            "X":126.992025,
            "rank":51.0,
            "area_info":"22평(74.17), 25평(82.89)",
            "last_sales":"2022-01-24,9200.0,22평(74.17)",
            "rank_history":[
                [
                    "202202",
                    51
                ],
                [
                    "202201",
                    27
                ]
            ],
            "rank_gap":-24
        },
        {
            "index":193,
            "아파트명":"부송라온프라이빗1단지",
            "투자타입":"일반",
            "전용면적(m2)":"108.34",
            "전용면적(평)":"32평",
            "법정동주소":"전라북도 익산시 부송동 1217",
            "도로명주소":"전라북도 익산시 무왕로19길 72-7",
            "세대수":0,
            "입주년차":100,
            "용적률점수":"--",
            "건폐율점수":"--",
            "세대당주차수":30,
            "난방방식":30,
            "공급면적":"--",
            "전용률":"--",
            "욕실수":100,
            "현관타입":100,
            "주거총점":47.5,
            "지역구공급총점":0.0,
            "역세권":"NA",
            "30분내 이동가능 거점":"NA",
            "1시간내 이동가능 거점":"NA",
            "교통총점":"NA",
            "백화점":0,
            "아울렛몰":0,
            "대형마트":0,
            "은행":0,
            "병원":10,
            "종합병원":100,
            "공원":80,
            "혐오시설":0,
            "인프라총점":23.4,
            "초등학군":90.0,
            "중학군":48.46,
            "학군총점":56.768,
            "인구수":29.52,
            "인구증감":-6.36,
            "인구총점":18.756,
            "일자리":17.37,
            "소득수준":55.25,
            "일자리총점":28.734,
            "가치 총점":40.177,
            "매매실거래년":20220103.0,
            "매매실거래가":38300.0,
            "전세실거래년":20220104.0,
            "전세실거래가":34000.0,
            "전세가율":88.77,
            "장기전세가율평균":77.82,
            "전세가율거품지수":-10.95,
            "검색코드":116606,
            "세대수":112.0,
            "준공년월":"2019-01-01",
            "준공년차":4.0,
            "가까운역이름":"NA",
            "가까운역거리":"NA",
            "역세권여부":"NA",
            "30분이내주요거점역":"NA",
            "30분거점역이름":"NA",
            "1시간이내주요거점역":"NA",
            "1시간거점역이름":"NA",
            "3km이내백화점수":0,
            "5km이내아울렛몰수":0,
            "1km이내대형먀트수":0,
            "500m이내은행수":0,
            "500m이내병원수":4,
            "5km이내대형병원수":2,
            "500m이내공원수":1,
            "3km이내혐오시설수":0,
            "초등학교학업성취도":90.0,
            "중학교학업성취도":79.7,
            "용적률":248,
            "건폐율":24,
            "Y":35.965737,
            "X":126.984764,
            "rank":52.0,
            "area_info":"32평(108.34)",
            "last_sales":"2022-01-03,38300.0,32평(108.34)",
            "rank_history":[
                [
                    "202202",
                    52
                ],
                [
                    "202201",
                    58
                ]
            ],
            "rank_gap":6
        },
        {
            "index":212,
            "아파트명":"오페라하우스",
            "투자타입":"일반",
            "전용면적(m2)":"166.77",
            "전용면적(평)":"50평",
            "법정동주소":"전라북도 익산시 부송동 242-12",
            "도로명주소":"전라북도 익산시 선화로69길 42",
            "세대수":0,
            "입주년차":40,
            "용적률점수":"--",
            "건폐율점수":"--",
            "세대당주차수":80,
            "난방방식":30,
            "공급면적":"--",
            "전용률":"--",
            "욕실수":100,
            "현관타입":100,
            "주거총점":43.0,
            "지역구공급총점":0.0,
            "역세권":"NA",
            "30분내 이동가능 거점":"NA",
            "1시간내 이동가능 거점":"NA",
            "교통총점":"NA",
            "백화점":0,
            "아울렛몰":0,
            "대형마트":0,
            "은행":0,
            "병원":60,
            "종합병원":100,
            "공원":100,
            "혐오시설":0,
            "인프라총점":29.0,
            "초등학군":90.0,
            "중학군":43.78,
            "학군총점":53.024,
            "인구수":29.52,
            "인구증감":-6.36,
            "인구총점":18.756,
            "일자리":17.37,
            "소득수준":55.25,
            "일자리총점":28.734,
            "가치 총점":39.906,
            "매매실거래년":20211002.0,
            "매매실거래가":36500.0,
            "전세실거래년":20210422.0,
            "전세실거래가":30000.0,
            "전세가율":82.19,
            "장기전세가율평균":77.82,
            "전세가율거품지수":-4.37,
            "검색코드":25885,
            "세대수":179.0,
            "준공년월":"2004-03-26",
            "준공년차":19.0,
            "가까운역이름":"NA",
            "가까운역거리":"NA",
            "역세권여부":"NA",
            "30분이내주요거점역":"NA",
            "30분거점역이름":"NA",
            "1시간이내주요거점역":"NA",
            "1시간거점역이름":"NA",
            "3km이내백화점수":0,
            "5km이내아울렛몰수":0,
            "1km이내대형먀트수":0,
            "500m이내은행수":0,
            "500m이내병원수":15,
            "5km이내대형병원수":2,
            "500m이내공원수":6,
            "3km이내혐오시설수":0,
            "초등학교학업성취도":90.0,
            "중학교학업성취도":71.9,
            "용적률":220,
            "건폐율":20,
            "Y":35.957553,
            "X":126.994748,
            "rank":53.0,
            "area_info":"50평(166.77), 60평(198.67)",
            "last_sales":"2021-10-02,36500.0,50평(166.77)",
            "rank_history":[
                [
                    "202202",
                    53
                ],
                [
                    "202201",
                    30
                ]
            ],
            "rank_gap":-23
        },
        {
            "index":181,
            "아파트명":"동아1차",
            "투자타입":"일반",
            "전용면적(m2)":"48.33",
            "전용면적(평)":"14평",
            "법정동주소":"전라북도 익산시 부송동 231-4",
            "도로명주소":"전라북도 익산시 무왕로26길 32",
            "세대수":80,
            "입주년차":0,
            "용적률점수":"--",
            "건폐율점수":"--",
            "세대당주차수":0,
            "난방방식":30,
            "공급면적":"--",
            "전용률":"--",
            "욕실수":50,
            "현관타입":100,
            "주거총점":46.0,
            "지역구공급총점":0.0,
            "역세권":"NA",
            "30분내 이동가능 거점":"NA",
            "1시간내 이동가능 거점":"NA",
            "교통총점":"NA",
            "백화점":0,
            "아울렛몰":0,
            "대형마트":0,
            "은행":0,
            "병원":30,
            "종합병원":100,
            "공원":100,
            "혐오시설":0,
            "인프라총점":26.0,
            "초등학군":90.0,
            "중학군":43.78,
            "학군총점":53.024,
            "인구수":29.52,
            "인구증감":-6.36,
            "인구총점":18.756,
            "일자리":17.37,
            "소득수준":55.25,
            "일자리총점":28.734,
            "가치 총점":39.756,
            "매매실거래년":20220125.0,
            "매매실거래가":4450.0,
            "전세실거래년":20210728.0,
            "전세실거래가":3700.0,
            "전세가율":83.15,
            "장기전세가율평균":77.82,
            "전세가율거품지수":-5.33,
            "검색코드":5184,
            "세대수":834.0,
            "준공년월":"1997-10-25",
            "준공년차":26.0,
            "가까운역이름":"NA",
            "가까운역거리":"NA",
            "역세권여부":"NA",
            "30분이내주요거점역":"NA",
            "30분거점역이름":"NA",
            "1시간이내주요거점역":"NA",
            "1시간거점역이름":"NA",
            "3km이내백화점수":0,
            "5km이내아울렛몰수":0,
            "1km이내대형먀트수":0,
            "500m이내은행수":0,
            "500m이내병원수":6,
            "5km이내대형병원수":2,
            "500m이내공원수":2,
            "3km이내혐오시설수":0,
            "초등학교학업성취도":90.0,
            "중학교학업성취도":71.9,
            "용적률":272,
            "건폐율":18,
            "Y":35.958109,
            "X":126.99759,
            "rank":54.0,
            "area_info":"14평(48.33), 19평(65.12), 23평(79.11), 31평(105.75), 36평(121.75)",
            "last_sales":"2022-01-25,4450.0,14평(48.33)",
            "rank_history":[
                [
                    "202202",
                    54
                ],
                [
                    "202201",
                    36
                ]
            ],
            "rank_gap":-18
        },
        {
            "index":205,
            "아파트명":"부송주공9단지",
            "투자타입":"일반",
            "전용면적(m2)":"68.43",
            "전용면적(평)":"20평",
            "법정동주소":"전라북도 익산시 부송동 1198",
            "도로명주소":"전라북도 익산시 궁동로 129",
            "세대수":50,
            "입주년차":20,
            "용적률점수":"--",
            "건폐율점수":"--",
            "세대당주차수":0,
            "난방방식":30,
            "공급면적":"--",
            "전용률":"--",
            "욕실수":50,
            "현관타입":100,
            "주거총점":39.5,
            "지역구공급총점":0.0,
            "역세권":"NA",
            "30분내 이동가능 거점":"NA",
            "1시간내 이동가능 거점":"NA",
            "교통총점":"NA",
            "백화점":0,
            "아울렛몰":0,
            "대형마트":0,
            "은행":0,
            "병원":60,
            "종합병원":100,
            "공원":100,
            "혐오시설":0,
            "인프라총점":29.0,
            "초등학군":90.0,
            "중학군":48.46,
            "학군총점":56.768,
            "인구수":29.52,
            "인구증감":-6.36,
            "인구총점":18.756,
            "일자리":17.37,
            "소득수준":55.25,
            "일자리총점":28.734,
            "가치 총점":39.617,
            "매매실거래년":20211206.0,
            "매매실거래가":12800.0,
            "전세실거래년":20211122.0,
            "전세실거래가":12000.0,
            "전세가율":93.75,
            "장기전세가율평균":77.82,
            "전세가율거품지수":-15.93,
            "검색코드":100809,
            "세대수":400.0,
            "준공년월":"2003-02-05",
            "준공년차":20.0,
            "가까운역이름":"NA",
            "가까운역거리":"NA",
            "역세권여부":"NA",
            "30분이내주요거점역":"NA",
            "30분거점역이름":"NA",
            "1시간이내주요거점역":"NA",
            "1시간거점역이름":"NA",
            "3km이내백화점수":0,
            "5km이내아울렛몰수":0,
            "1km이내대형먀트수":0,
            "500m이내은행수":0,
            "500m이내병원수":15,
            "5km이내대형병원수":2,
            "500m이내공원수":5,
            "3km이내혐오시설수":0,
            "초등학교학업성취도":90.0,
            "중학교학업성취도":79.7,
            "용적률":168,
            "건폐율":17,
            "Y":35.963179,
            "X":126.985254,
            "rank":55.0,
            "area_info":"20평(68.43), 23평(79.25)",
            "last_sales":"2021-12-06,12800.0,20평(68.43)",
            "rank_history":[
                [
                    "202202",
                    55
                ],
                [
                    "202201",
                    62
                ]
            ],
            "rank_gap":7
        },
        {
            "index":49,
            "아파트명":"우남",
            "투자타입":"일반",
            "전용면적(m2)":"65.05",
            "전용면적(평)":"19평",
            "법정동주소":"전라북도 익산시 동산동 995-5",
            "도로명주소":"전라북도 익산시 평동로 799",
            "세대수":50,
            "입주년차":0,
            "용적률점수":"--",
            "건폐율점수":"--",
            "세대당주차수":0,
            "난방방식":30,
            "공급면적":"--",
            "전용률":"--",
            "욕실수":50,
            "현관타입":100,
            "주거총점":35.5,
            "지역구공급총점":0.0,
            "역세권":"NA",
            "30분내 이동가능 거점":"NA",
            "1시간내 이동가능 거점":"NA",
            "교통총점":"NA",
            "백화점":0,
            "아울렛몰":0,
            "대형마트":100,
            "은행":0,
            "병원":10,
            "종합병원":100,
            "공원":100,
            "혐오시설":0,
            "인프라총점":39.0,
            "초등학군":90.01,
            "중학군":35.28,
            "학군총점":46.226,
            "인구수":29.52,
            "인구증감":-6.36,
            "인구총점":18.756,
            "일자리":17.37,
            "소득수준":55.25,
            "일자리총점":28.734,
            "가치 총점":39.5815,
            "매매실거래년":20220125.0,
            "매매실거래가":8500.0,
            "전세실거래년":20211025.0,
            "전세실거래가":6000.0,
            "전세가율":89.55,
            "장기전세가율평균":77.82,
            "전세가율거품지수":-11.73,
            "검색코드":14999,
            "세대수":630.0,
            "준공년월":"1997-08-27",
            "준공년차":26.0,
            "가까운역이름":"NA",
            "가까운역거리":"NA",
            "역세권여부":"NA",
            "30분이내주요거점역":"NA",
            "30분거점역이름":"NA",
            "1시간이내주요거점역":"NA",
            "1시간거점역이름":"NA",
            "3km이내백화점수":0,
            "5km이내아울렛몰수":0,
            "1km이내대형먀트수":2,
            "500m이내은행수":0,
            "500m이내병원수":2,
            "5km이내대형병원수":2,
            "500m이내공원수":3,
            "3km이내혐오시설수":0,
            "초등학교학업성취도":90.01,
            "중학교학업성취도":58.8,
            "용적률":225,
            "건폐율":23,
            "Y":35.927707,
            "X":126.966514,
            "rank":56.0,
            "area_info":"19평(65.05), 23평(78.54)",
            "last_sales":"2022-01-25,8500.0,23평(78.54)",
            "rank_history":[
                [
                    "202202",
                    56
                ],
                [
                    "202201",
                    65
                ]
            ],
            "rank_gap":9
        },
        {
            "index":84,
            "아파트명":"익산마동코아루디펠리체",
            "투자타입":"일반",
            "전용면적(m2)":"100.96",
            "전용면적(평)":"30평",
            "법정동주소":"전라북도 익산시 마동 384",
            "도로명주소":"전라북도 익산시 선화로55길 6",
            "세대수":0,
            "입주년차":100,
            "용적률점수":"--",
            "건폐율점수":"--",
            "세대당주차수":60,
            "난방방식":30,
            "공급면적":"--",
            "전용률":"--",
            "욕실수":100,
            "현관타입":100,
            "주거총점":52.0,
            "지역구공급총점":0.0,
            "역세권":"NA",
            "30분내 이동가능 거점":"NA",
            "1시간내 이동가능 거점":"NA",
            "교통총점":"NA",
            "백화점":0,
            "아울렛몰":0,
            "대형마트":0,
            "은행":0,
            "병원":30,
            "종합병원":100,
            "공원":0,
            "혐오시설":0,
            "인프라총점":23.0,
            "초등학군":89.99,
            "중학군":37.64,
            "학군총점":48.11,
            "인구수":29.52,
            "인구증감":-6.36,
            "인구총점":18.756,
            "일자리":17.37,
            "소득수준":55.25,
            "일자리총점":28.734,
            "가치 총점":39.4275,
            "매매실거래년":20200921.0,
            "매매실거래가":26995.0,
            "전세실거래년":null,
            "전세실거래가":null,
            "전세가율":null,
            "장기전세가율평균":77.82,
            "전세가율거품지수":null,
            "검색코드":124999,
            "세대수":223.0,
            "준공년월":"2020-09-01",
            "준공년차":3.0,
            "가까운역이름":"NA",
            "가까운역거리":"NA",
            "역세권여부":"NA",
            "30분이내주요거점역":"NA",
            "30분거점역이름":"NA",
            "1시간이내주요거점역":"NA",
            "1시간거점역이름":"NA",
            "3km이내백화점수":0,
            "5km이내아울렛몰수":0,
            "1km이내대형먀트수":0,
            "500m이내은행수":0,
            "500m이내병원수":8,
            "5km이내대형병원수":2,
            "500m이내공원수":0,
            "3km이내혐오시설수":0,
            "초등학교학업성취도":89.99,
            "중학교학업성취도":61.8,
            "용적률":0,
            "건폐율":0,
            "Y":35.946045,
            "X":126.963657,
            "rank":57.0,
            "area_info":"30평(100.96), 30평(100.53)",
            "last_sales":"2020-09-21,26995.0,30평(100.96)",
            "rank_history":[
                [
                    "202202",
                    57
                ],
                [
                    "202201",
                    63
                ]
            ],
            "rank_gap":6
        },
        {
            "index":194,
            "아파트명":"부송라온프라이빗2단지",
            "투자타입":"일반",
            "전용면적(m2)":"107.89",
            "전용면적(평)":"32평",
            "법정동주소":"전라북도 익산시 부송동 1219",
            "도로명주소":"전라북도 익산시 무왕로19길 72-21",
            "세대수":0,
            "입주년차":100,
            "용적률점수":"--",
            "건폐율점수":"--",
            "세대당주차수":30,
            "난방방식":30,
            "공급면적":"--",
            "전용률":"--",
            "욕실수":100,
            "현관타입":100,
            "주거총점":47.5,
            "지역구공급총점":0.0,
            "역세권":"NA",
            "30분내 이동가능 거점":"NA",
            "1시간내 이동가능 거점":"NA",
            "교통총점":"NA",
            "백화점":0,
            "아울렛몰":0,
            "대형마트":0,
            "은행":0,
            "병원":10,
            "종합병원":100,
            "공원":80,
            "혐오시설":-100,
            "인프라총점":21.4,
            "초등학군":90.0,
            "중학군":48.46,
            "학군총점":56.768,
            "인구수":29.52,
            "인구증감":-6.36,
            "인구총점":18.756,
            "일자리":17.37,
            "소득수준":55.25,
            "일자리총점":28.734,
            "가치 총점":39.377,
            "매매실거래년":20211229.0,
            "매매실거래가":38100.0,
            "전세실거래년":20220107.0,
            "전세실거래가":30000.0,
            "전세가율":78.74,
            "장기전세가율평균":77.82,
            "전세가율거품지수":-0.92,
            "검색코드":116607,
            "세대수":144.0,
            "준공년월":"2019-01-04",
            "준공년차":4.0,
            "가까운역이름":"NA",
            "가까운역거리":"NA",
            "역세권여부":"NA",
            "30분이내주요거점역":"NA",
            "30분거점역이름":"NA",
            "1시간이내주요거점역":"NA",
            "1시간거점역이름":"NA",
            "3km이내백화점수":0,
            "5km이내아울렛몰수":0,
            "1km이내대형먀트수":0,
            "500m이내은행수":0,
            "500m이내병원수":3,
            "5km이내대형병원수":2,
            "500m이내공원수":1,
            "3km이내혐오시설수":2,
            "초등학교학업성취도":90.0,
            "중학교학업성취도":79.7,
            "용적률":244,
            "건폐율":25,
            "Y":35.965885,
            "X":126.986553,
            "rank":58.0,
            "area_info":"32평(107.89)",
            "last_sales":"2021-12-29,38100.0,32평(107.89)",
            "rank_history":[
                [
                    "202202",
                    58
                ],
                [
                    "202201",
                    64
                ]
            ],
            "rank_gap":6
        },
        {
            "index":400,
            "아파트명":"기안파인골드빌",
            "투자타입":"일반",
            "전용면적(m2)":"88.2",
            "전용면적(평)":"26평",
            "법정동주소":"전라북도 익산시 팔봉동 304",
            "도로명주소":"전라북도 익산시 무왕로32길 85",
            "세대수":50,
            "입주년차":20,
            "용적률점수":"--",
            "건폐율점수":"--",
            "세대당주차수":30,
            "난방방식":30,
            "공급면적":"--",
            "전용률":"--",
            "욕실수":100,
            "현관타입":100,
            "주거총점":49.0,
            "지역구공급총점":0.0,
            "역세권":"NA",
            "30분내 이동가능 거점":"NA",
            "1시간내 이동가능 거점":"NA",
            "교통총점":"NA",
            "백화점":0,
            "아울렛몰":0,
            "대형마트":0,
            "은행":0,
            "병원":0,
            "종합병원":100,
            "공원":0,
            "혐오시설":0,
            "인프라총점":20.0,
            "초등학군":90.01,
            "중학군":46.76,
            "학군총점":55.41,
            "인구수":29.52,
            "인구증감":-6.36,
            "인구총점":18.756,
            "일자리":17.37,
            "소득수준":55.25,
            "일자리총점":28.734,
            "가치 총점":39.0025,
            "매매실거래년":20220114.0,
            "매매실거래가":10000.0,
            "전세실거래년":20211127.0,
            "전세실거래가":9000.0,
            "전세가율":90.0,
            "장기전세가율평균":77.82,
            "전세가율거품지수":-12.18,
            "검색코드":17085,
            "세대수":576.0,
            "준공년월":"2002-09-19",
            "준공년차":21.0,
            "가까운역이름":"NA",
            "가까운역거리":"NA",
            "역세권여부":"NA",
            "30분이내주요거점역":"NA",
            "30분거점역이름":"NA",
            "1시간이내주요거점역":"NA",
            "1시간거점역이름":"NA",
            "3km이내백화점수":0,
            "5km이내아울렛몰수":0,
            "1km이내대형먀트수":0,
            "500m이내은행수":0,
            "500m이내병원수":0,
            "5km이내대형병원수":2,
            "500m이내공원수":0,
            "3km이내혐오시설수":0,
            "초등학교학업성취도":90.01,
            "중학교학업성취도":77.0,
            "용적률":177,
            "건폐율":18,
            "Y":35.965472,
            "X":127.014914,
            "rank":59.0,
            "area_info":"26평(88.2), 32평(106.6)",
            "last_sales":"2022-01-14,10000.0,26평(88.2)",
            "rank_history":[
                [
                    "202202",
                    59
                ],
                [
                    "202201",
                    66
                ]
            ],
            "rank_gap":7
        },
        {
            "index":204,
            "아파트명":"부송제일",
            "투자타입":"일반",
            "전용면적(m2)":"112.2",
            "전용면적(평)":"33평",
            "법정동주소":"전라북도 익산시 부송동 1120",
            "도로명주소":"전라북도 익산시 무왕로25길 12",
            "세대수":30,
            "입주년차":20,
            "용적률점수":"--",
            "건폐율점수":"--",
            "세대당주차수":30,
            "난방방식":30,
            "공급면적":"--",
            "전용률":"--",
            "욕실수":100,
            "현관타입":100,
            "주거총점":42.0,
            "지역구공급총점":0.0,
            "역세권":"NA",
            "30분내 이동가능 거점":"NA",
            "1시간내 이동가능 거점":"NA",
            "교통총점":"NA",
            "백화점":0,
            "아울렛몰":0,
            "대형마트":0,
            "은행":0,
            "병원":60,
            "종합병원":100,
            "공원":100,
            "혐오시설":-100,
            "인프라총점":27.0,
            "초등학군":90.05,
            "중학군":43.78,
            "학군총점":53.034,
            "인구수":29.52,
            "인구증감":-6.36,
            "인구총점":18.756,
            "일자리":17.37,
            "소득수준":55.25,
            "일자리총점":28.734,
            "가치 총점":38.7585,
            "매매실거래년":20220115.0,
            "매매실거래가":23800.0,
            "전세실거래년":20211115.0,
            "전세실거래가":20000.0,
            "전세가율":84.03,
            "장기전세가율평균":77.82,
            "전세가율거품지수":-6.21,
            "검색코드":17084,
            "세대수":390.0,
            "준공년월":"2001-09-06",
            "준공년차":22.0,
            "가까운역이름":"NA",
            "가까운역거리":"NA",
            "역세권여부":"NA",
            "30분이내주요거점역":"NA",
            "30분거점역이름":"NA",
            "1시간이내주요거점역":"NA",
            "1시간거점역이름":"NA",
            "3km이내백화점수":0,
            "5km이내아울렛몰수":0,
            "1km이내대형먀트수":0,
            "500m이내은행수":0,
            "500m이내병원수":13,
            "5km이내대형병원수":2,
            "500m이내공원수":5,
            "3km이내혐오시설수":2,
            "초등학교학업성취도":90.05,
            "중학교학업성취도":71.9,
            "용적률":225,
            "건폐율":20,
            "Y":35.961387,
            "X":126.994023,
            "rank":60.0,
            "area_info":"33평(112.2)",
            "last_sales":"2022-01-15,23800.0,33평(112.2)",
            "rank_history":[
                [
                    "202202",
                    60
                ],
                [
                    "202201",
                    37
                ]
            ],
            "rank_gap":-23
        },
        {
            "index":156,
            "아파트명":"현대5차",
            "투자타입":"일반",
            "전용면적(m2)":"76.63",
            "전용면적(평)":"23평",
            "법정동주소":"전라북도 익산시 모현동1가 302-20",
            "도로명주소":"전라북도 익산시 선화로8길 12",
            "세대수":0,
            "입주년차":0,
            "용적률점수":"--",
            "건폐율점수":"--",
            "세대당주차수":0,
            "난방방식":30,
            "공급면적":"--",
            "전용률":"--",
            "욕실수":50,
            "현관타입":100,
            "주거총점":18.0,
            "지역구공급총점":0.0,
            "역세권":"NA",
            "30분내 이동가능 거점":"NA",
            "1시간내 이동가능 거점":"NA",
            "교통총점":"NA",
            "백화점":0,
            "아울렛몰":0,
            "대형마트":100,
            "은행":0,
            "병원":80,
            "종합병원":100,
            "공원":100,
            "혐오시설":0,
            "인프라총점":46.0,
            "초등학군":90.01,
            "중학군":47.5,
            "학군총점":56.002,
            "인구수":29.52,
            "인구증감":-6.36,
            "인구총점":18.756,
            "일자리":17.37,
            "소득수준":55.25,
            "일자리총점":28.734,
            "가치 총점":38.7005,
            "매매실거래년":20211228.0,
            "매매실거래가":30000.0,
            "전세실거래년":20200805.0,
            "전세실거래가":13000.0,
            "전세가율":80.5,
            "장기전세가율평균":77.82,
            "전세가율거품지수":-2.68,
            "검색코드":5177,
            "세대수":257.0,
            "준공년월":"1998-01-23",
            "준공년차":25.0,
            "가까운역이름":"NA",
            "가까운역거리":"NA",
            "역세권여부":"NA",
            "30분이내주요거점역":"NA",
            "30분거점역이름":"NA",
            "1시간이내주요거점역":"NA",
            "1시간거점역이름":"NA",
            "3km이내백화점수":0,
            "5km이내아울렛몰수":0,
            "1km이내대형먀트수":3,
            "500m이내은행수":1,
            "500m이내병원수":43,
            "5km이내대형병원수":2,
            "500m이내공원수":4,
            "3km이내혐오시설수":0,
            "초등학교학업성취도":90.01,
            "중학교학업성취도":77.5,
            "용적률":218,
            "건폐율":20,
            "Y":35.947655,
            "X":126.942092,
            "rank":61.0,
            "area_info":"23평(76.63), 32평(108.61), 44평(146.93)",
            "last_sales":"2021-12-28,30000.0,44평(146.93)",
            "rank_history":[
                [
                    "202202",
                    61
                ],
                [
                    "202201",
                    75
                ]
            ],
            "rank_gap":14
        },
        {
            "index":195,
            "아파트명":"부송영무예다음",
            "투자타입":"일반",
            "전용면적(m2)":"116.32",
            "전용면적(평)":"35평",
            "법정동주소":"전라북도 익산시 부송동 1207",
            "도로명주소":"전라북도 익산시 선화로69길 30",
            "세대수":0,
            "입주년차":60,
            "용적률점수":"--",
            "건폐율점수":"--",
            "세대당주차수":30,
            "난방방식":30,
            "공급면적":"--",
            "전용률":"--",
            "욕실수":100,
            "현관타입":100,
            "주거총점":39.5,
            "지역구공급총점":0.0,
            "역세권":"NA",
            "30분내 이동가능 거점":"NA",
            "1시간내 이동가능 거점":"NA",
            "교통총점":"NA",
            "백화점":0,
            "아울렛몰":0,
            "대형마트":0,
            "은행":0,
            "병원":60,
            "종합병원":100,
            "공원":100,
            "혐오시설":0,
            "인프라총점":29.0,
            "초등학군":90.0,
            "중학군":43.78,
            "학군총점":53.024,
            "인구수":29.52,
            "인구증감":-6.36,
            "인구총점":18.756,
            "일자리":17.37,
            "소득수준":55.25,
            "일자리총점":28.734,
            "가치 총점":38.681,
            "매매실거래년":20220122.0,
            "매매실거래가":29500.0,
            "전세실거래년":20210526.0,
            "전세실거래가":28000.0,
            "전세가율":94.92,
            "장기전세가율평균":77.82,
            "전세가율거품지수":-17.1,
            "검색코드":103601,
            "세대수":180.0,
            "준공년월":"2012-10-19",
            "준공년차":11.0,
            "가까운역이름":"NA",
            "가까운역거리":"NA",
            "역세권여부":"NA",
            "30분이내주요거점역":"NA",
            "30분거점역이름":"NA",
            "1시간이내주요거점역":"NA",
            "1시간거점역이름":"NA",
            "3km이내백화점수":0,
            "5km이내아울렛몰수":0,
            "1km이내대형먀트수":0,
            "500m이내은행수":0,
            "500m이내병원수":13,
            "5km이내대형병원수":2,
            "500m이내공원수":5,
            "3km이내혐오시설수":0,
            "초등학교학업성취도":90.0,
            "중학교학업성취도":71.9,
            "용적률":207,
            "건폐율":21,
            "Y":35.9565,
            "X":126.99485,
            "rank":62.0,
            "area_info":"35평(116.32), 35평(116.17)",
            "last_sales":"2022-01-22,29500.0,35평(116.32)",
            "rank_history":[
                [
                    "202202",
                    62
                ],
                [
                    "202201",
                    39
                ]
            ],
            "rank_gap":-23
        },
        {
            "index":154,
            "아파트명":"현대4차",
            "투자타입":"일반",
            "전용면적(m2)":"77.06",
            "전용면적(평)":"23평",
            "법정동주소":"전라북도 익산시 모현동1가 296-2",
            "도로명주소":"전라북도 익산시 배산로16길 33",
            "세대수":0,
            "입주년차":0,
            "용적률점수":"--",
            "건폐율점수":"--",
            "세대당주차수":0,
            "난방방식":30,
            "공급면적":"--",
            "전용률":"--",
            "욕실수":50,
            "현관타입":100,
            "주거총점":18.0,
            "지역구공급총점":0.0,
            "역세권":"NA",
            "30분내 이동가능 거점":"NA",
            "1시간내 이동가능 거점":"NA",
            "교통총점":"NA",
            "백화점":0,
            "아울렛몰":0,
            "대형마트":100,
            "은행":0,
            "병원":80,
            "종합병원":100,
            "공원":80,
            "혐오시설":0,
            "인프라총점":45.4,
            "초등학군":90.01,
            "중학군":47.5,
            "학군총점":56.002,
            "인구수":29.52,
            "인구증감":-6.36,
            "인구총점":18.756,
            "일자리":17.37,
            "소득수준":55.25,
            "일자리총점":28.734,
            "가치 총점":38.4605,
            "매매실거래년":20220120.0,
            "매매실거래가":17200.0,
            "전세실거래년":20200203.0,
            "전세실거래가":14000.0,
            "전세가율":81.4,
            "장기전세가율평균":77.82,
            "전세가율거품지수":-3.58,
            "검색코드":5176,
            "세대수":176.0,
            "준공년월":"1997-09-24",
            "준공년차":26.0,
            "가까운역이름":"NA",
            "가까운역거리":"NA",
            "역세권여부":"NA",
            "30분이내주요거점역":"NA",
            "30분거점역이름":"NA",
            "1시간이내주요거점역":"NA",
            "1시간거점역이름":"NA",
            "3km이내백화점수":0,
            "5km이내아울렛몰수":0,
            "1km이내대형먀트수":3,
            "500m이내은행수":1,
            "500m이내병원수":35,
            "5km이내대형병원수":2,
            "500m이내공원수":1,
            "3km이내혐오시설수":0,
            "초등학교학업성취도":90.01,
            "중학교학업성취도":77.5,
            "용적률":0,
            "건폐율":0,
            "Y":35.94736,
            "X":126.943337,
            "rank":63.0,
            "area_info":"23평(77.06), 33평(109.2)",
            "last_sales":"2022-01-20,17200.0,23평(77.06)",
            "rank_history":[
                [
                    "202202",
                    63
                ],
                [
                    "202201",
                    81
                ]
            ],
            "rank_gap":18
        },
        {
            "index":308,
            "아파트명":"어양주공7단지",
            "투자타입":"일반",
            "전용면적(m2)":"59.02",
            "전용면적(평)":"17평",
            "법정동주소":"전라북도 익산시 어양동 691",
            "도로명주소":"전라북도 익산시 하나로10길 25",
            "세대수":30,
            "입주년차":20,
            "용적률점수":"--",
            "건폐율점수":"--",
            "세대당주차수":0,
            "난방방식":30,
            "공급면적":"--",
            "전용률":"--",
            "욕실수":50,
            "현관타입":10,
            "주거총점":23.5,
            "지역구공급총점":0.0,
            "역세권":"NA",
            "30분내 이동가능 거점":"NA",
            "1시간내 이동가능 거점":"NA",
            "교통총점":"NA",
            "백화점":0,
            "아울렛몰":0,
            "대형마트":80,
            "은행":0,
            "병원":60,
            "종합병원":100,
            "공원":100,
            "혐오시설":-50,
            "인프라총점":40.0,
            "초등학군":90.0,
            "중학군":48.46,
            "학군총점":56.768,
            "인구수":29.52,
            "인구증감":-6.36,
            "인구총점":18.756,
            "일자리":17.37,
            "소득수준":55.25,
            "일자리총점":28.734,
            "가치 총점":38.417,
            "매매실거래년":20220114.0,
            "매매실거래가":6950.0,
            "전세실거래년":20211115.0,
            "전세실거래가":5000.0,
            "전세가율":71.94,
            "장기전세가율평균":77.82,
            "전세가율거품지수":5.88,
            "검색코드":100822,
            "세대수":343.0,
            "준공년월":"1999-11-10",
            "준공년차":24.0,
            "가까운역이름":"NA",
            "가까운역거리":"NA",
            "역세권여부":"NA",
            "30분이내주요거점역":"NA",
            "30분거점역이름":"NA",
            "1시간이내주요거점역":"NA",
            "1시간거점역이름":"NA",
            "3km이내백화점수":0,
            "5km이내아울렛몰수":0,
            "1km이내대형먀트수":1,
            "500m이내은행수":0,
            "500m이내병원수":29,
            "5km이내대형병원수":2,
            "500m이내공원수":7,
            "3km이내혐오시설수":1,
            "초등학교학업성취도":90.0,
            "중학교학업성취도":79.7,
            "용적률":158,
            "건폐율":18,
            "Y":35.96207,
            "X":126.984204,
            "rank":64.0,
            "area_info":"17평(59.02), 17평(59.2), 22평(74.46)",
            "last_sales":"2022-01-14,6950.0,17평(59.02)",
            "rank_history":[
                [
                    "202202",
                    64
                ],
                [
                    "202201",
                    70
                ]
            ],
            "rank_gap":6
        },
        {
            "index":285,
            "아파트명":"동도미소드림2단지",
            "투자타입":"일반",
            "전용면적(m2)":"118.59",
            "전용면적(평)":"35평",
            "법정동주소":"전라북도 익산시 어양동 418",
            "도로명주소":"전라북도 익산시 무왕로19길 65",
            "세대수":0,
            "입주년차":40,
            "용적률점수":"--",
            "건폐율점수":"--",
            "세대당주차수":60,
            "난방방식":30,
            "공급면적":"--",
            "전용률":"--",
            "욕실수":100,
            "현관타입":100,
            "주거총점":40.0,
            "지역구공급총점":0.0,
            "역세권":"NA",
            "30분내 이동가능 거점":"NA",
            "1시간내 이동가능 거점":"NA",
            "교통총점":"NA",
            "백화점":0,
            "아울렛몰":0,
            "대형마트":0,
            "은행":0,
            "병원":30,
            "종합병원":100,
            "공원":100,
            "혐오시설":0,
            "인프라총점":26.0,
            "초등학군":90.0,
            "중학군":45.94,
            "학군총점":54.752,
            "인구수":29.52,
            "인구증감":-6.36,
            "인구총점":18.756,
            "일자리":17.37,
            "소득수준":55.25,
            "일자리총점":28.734,
            "가치 총점":38.088,
            "매매실거래년":20211223.0,
            "매매실거래가":34500.0,
            "전세실거래년":20190607.0,
            "전세실거래가":9000.0,
            "전세가율":30.51,
            "장기전세가율평균":77.82,
            "전세가율거품지수":47.31,
            "검색코드":17762,
            "세대수":210.0,
            "준공년월":"2005-07-20",
            "준공년차":18.0,
            "가까운역이름":"NA",
            "가까운역거리":"NA",
            "역세권여부":"NA",
            "30분이내주요거점역":"NA",
            "30분거점역이름":"NA",
            "1시간이내주요거점역":"NA",
            "1시간거점역이름":"NA",
            "3km이내백화점수":0,
            "5km이내아울렛몰수":0,
            "1km이내대형먀트수":0,
            "500m이내은행수":0,
            "500m이내병원수":9,
            "5km이내대형병원수":2,
            "500m이내공원수":3,
            "3km이내혐오시설수":0,
            "초등학교학업성취도":90.0,
            "중학교학업성취도":75.5,
            "용적률":255,
            "건폐율":53,
            "Y":35.964764,
            "X":126.983049,
            "rank":65.0,
            "area_info":"35평(118.59), 48평(161.05), 62평(207.96), 92평(304.6)",
            "last_sales":"2021-12-23,34500.0,48평(161.05)",
            "rank_history":[
                [
                    "202202",
                    65
                ],
                [
                    "202201",
                    71
                ]
            ],
            "rank_gap":6
        },
        {
            "index":283,
            "아파트명":"동도미소드림1단지",
            "투자타입":"일반",
            "전용면적(m2)":"118.63",
            "전용면적(평)":"35평",
            "법정동주소":"전라북도 익산시 어양동 414",
            "도로명주소":"전라북도 익산시 하나로 498-21",
            "세대수":0,
            "입주년차":40,
            "용적률점수":"--",
            "건폐율점수":"--",
            "세대당주차수":60,
            "난방방식":30,
            "공급면적":"--",
            "전용률":"--",
            "욕실수":100,
            "현관타입":100,
            "주거총점":40.0,
            "지역구공급총점":0.0,
            "역세권":"NA",
            "30분내 이동가능 거점":"NA",
            "1시간내 이동가능 거점":"NA",
            "교통총점":"NA",
            "백화점":0,
            "아울렛몰":0,
            "대형마트":0,
            "은행":0,
            "병원":30,
            "종합병원":100,
            "공원":100,
            "혐오시설":0,
            "인프라총점":26.0,
            "초등학군":90.0,
            "중학군":45.94,
            "학군총점":54.752,
            "인구수":29.52,
            "인구증감":-6.36,
            "인구총점":18.756,
            "일자리":17.37,
            "소득수준":55.25,
            "일자리총점":28.734,
            "가치 총점":38.088,
            "매매실거래년":20211011.0,
            "매매실거래가":24700.0,
            "전세실거래년":20211019.0,
            "전세실거래가":23000.0,
            "전세가율":93.12,
            "장기전세가율평균":77.82,
            "전세가율거품지수":-15.3,
            "검색코드":17763,
            "세대수":134.0,
            "준공년월":"2005-07-20",
            "준공년차":18.0,
            "가까운역이름":"NA",
            "가까운역거리":"NA",
            "역세권여부":"NA",
            "30분이내주요거점역":"NA",
            "30분거점역이름":"NA",
            "1시간이내주요거점역":"NA",
            "1시간거점역이름":"NA",
            "3km이내백화점수":0,
            "5km이내아울렛몰수":0,
            "1km이내대형먀트수":0,
            "500m이내은행수":0,
            "500m이내병원수":8,
            "5km이내대형병원수":2,
            "500m이내공원수":3,
            "3km이내혐오시설수":0,
            "초등학교학업성취도":90.0,
            "중학교학업성취도":75.5,
            "용적률":211,
            "건폐율":19,
            "Y":35.965458,
            "X":126.983085,
            "rank":65.0,
            "area_info":"35평(118.63), 48평(161.12)",
            "last_sales":"2021-10-11,24700.0,35평(118.63)",
            "rank_history":[
                [
                    "202202",
                    65
                ],
                [
                    "202201",
                    69
                ]
            ],
            "rank_gap":4
        },
        {
            "index":234,
            "아파트명":"송학현대",
            "투자타입":"재건축",
            "전용면적(m2)":"91.27",
            "전용면적(평)":"27평",
            "법정동주소":"전라북도 익산시 송학동 215",
            "도로명주소":"전라북도 익산시 배산로 34-1",
            "세대수":50,
            "입주년차":"--",
            "용적률점수":0,
            "건폐율점수":0,
            "세대당주차수":"--",
            "난방방식":"--",
            "공급면적":70,
            "전용률":80,
            "욕실수":"--",
            "현관타입":"--",
            "주거총점":22.5,
            "지역구공급총점":0.0,
            "역세권":"NA",
            "30분내 이동가능 거점":"NA",
            "1시간내 이동가능 거점":"NA",
            "교통총점":"NA",
            "백화점":0,
            "아울렛몰":0,
            "대형마트":100,
            "은행":0,
            "병원":30,
            "종합병원":100,
            "공원":80,
            "혐오시설":0,
            "인프라총점":40.4,
            "초등학군":89.99,
            "중학군":47.5,
            "학군총점":55.998,
            "인구수":29.52,
            "인구증감":-6.36,
            "인구총점":18.756,
            "일자리":17.37,
            "소득수준":55.25,
            "일자리총점":28.734,
            "가치 총점":38.0345,
            "매매실거래년":20220110.0,
            "매매실거래가":12650.0,
            "전세실거래년":20191101.0,
            "전세실거래가":11000.0,
            "전세가율":88.0,
            "장기전세가율평균":77.82,
            "전세가율거품지수":-10.18,
            "검색코드":5200,
            "세대수":451.0,
            "준공년월":"1991-10-14",
            "준공년차":32.0,
            "가까운역이름":"NA",
            "가까운역거리":"NA",
            "역세권여부":"NA",
            "30분이내주요거점역":"NA",
            "30분거점역이름":"NA",
            "1시간이내주요거점역":"NA",
            "1시간거점역이름":"NA",
            "3km이내백화점수":0,
            "5km이내아울렛몰수":0,
            "1km이내대형먀트수":3,
            "500m이내은행수":0,
            "500m이내병원수":8,
            "5km이내대형병원수":2,
            "500m이내공원수":1,
            "3km이내혐오시설수":0,
            "초등학교학업성취도":89.99,
            "중학교학업성취도":77.5,
            "용적률":0,
            "건폐율":0,
            "Y":35.940825,
            "X":126.938171,
            "rank":66.0,
            "area_info":"27평(91.27), 28평(93.79), 31평(102.98)",
            "last_sales":"2022-01-10,12650.0,31평(102.98)",
            "rank_history":[
                [
                    "202202",
                    66
                ],
                [
                    "202201",
                    83
                ]
            ],
            "rank_gap":17
        },
        {
            "index":217,
            "아파트명":"제일까치샘",
            "투자타입":"일반",
            "전용면적(m2)":"121.48",
            "전용면적(평)":"36평",
            "법정동주소":"전라북도 익산시 부송동 1084-1",
            "도로명주소":"전라북도 익산시 무왕로21길 18",
            "세대수":0,
            "입주년차":20,
            "용적률점수":"--",
            "건폐율점수":"--",
            "세대당주차수":60,
            "난방방식":30,
            "공급면적":"--",
            "전용률":"--",
            "욕실수":100,
            "현관타입":100,
            "주거총점":36.0,
            "지역구공급총점":0.0,
            "역세권":"NA",
            "30분내 이동가능 거점":"NA",
            "1시간내 이동가능 거점":"NA",
            "교통총점":"NA",
            "백화점":0,
            "아울렛몰":0,
            "대형마트":0,
            "은행":0,
            "병원":60,
            "종합병원":100,
            "공원":100,
            "혐오시설":-50,
            "인프라총점":28.0,
            "초등학군":90.0,
            "중학군":48.46,
            "학군총점":56.768,
            "인구수":29.52,
            "인구증감":-6.36,
            "인구총점":18.756,
            "일자리":17.37,
            "소득수준":55.25,
            "일자리총점":28.734,
            "가치 총점":37.992,
            "매매실거래년":20211220.0,
            "매매실거래가":30000.0,
            "전세실거래년":20200316.0,
            "전세실거래가":23000.0,
            "전세가율":83.03,
            "장기전세가율평균":77.82,
            "전세가율거품지수":-5.21,
            "검색코드":26858,
            "세대수":179.0,
            "준공년월":"2003-09-15",
            "준공년차":20.0,
            "가까운역이름":"NA",
            "가까운역거리":"NA",
            "역세권여부":"NA",
            "30분이내주요거점역":"NA",
            "30분거점역이름":"NA",
            "1시간이내주요거점역":"NA",
            "1시간거점역이름":"NA",
            "3km이내백화점수":0,
            "5km이내아울렛몰수":0,
            "1km이내대형먀트수":0,
            "500m이내은행수":1,
            "500m이내병원수":21,
            "5km이내대형병원수":2,
            "500m이내공원수":8,
            "3km이내혐오시설수":1,
            "초등학교학업성취도":90.0,
            "중학교학업성취도":79.7,
            "용적률":227,
            "건폐율":20,
            "Y":35.961005,
            "X":126.987188,
            "rank":67.0,
            "area_info":"36평(121.48), 42평(139.39)",
            "last_sales":"2021-12-20,30000.0,42평(139.39)",
            "rank_history":[
                [
                    "202202",
                    67
                ],
                [
                    "202201",
                    72
                ]
            ],
            "rank_gap":5
        },
        {
            "index":349,
            "아파트명":"영등제일2차1단지",
            "투자타입":"일반",
            "전용면적(m2)":"74.44",
            "전용면적(평)":"22평",
            "법정동주소":"전라북도 익산시 영등동 767-8",
            "도로명주소":"전라북도 익산시 고봉로24길 30",
            "세대수":0,
            "입주년차":0,
            "용적률점수":"--",
            "건폐율점수":"--",
            "세대당주차수":0,
            "난방방식":30,
            "공급면적":"--",
            "전용률":"--",
            "욕실수":50,
            "현관타입":100,
            "주거총점":18.0,
            "지역구공급총점":0.0,
            "역세권":"NA",
            "30분내 이동가능 거점":"NA",
            "1시간내 이동가능 거점":"NA",
            "교통총점":"NA",
            "백화점":0,
            "아울렛몰":0,
            "대형마트":100,
            "은행":0,
            "병원":80,
            "종합병원":100,
            "공원":100,
            "혐오시설":-50,
            "인프라총점":45.0,
            "초등학군":90.0,
            "중학군":45.78,
            "학군총점":54.624,
            "인구수":29.52,
            "인구증감":-6.36,
            "인구총점":18.756,
            "일자리":17.37,
            "소득수준":55.25,
            "일자리총점":28.734,
            "가치 총점":37.956,
            "매매실거래년":20220119.0,
            "매매실거래가":15900.0,
            "전세실거래년":20210810.0,
            "전세실거래가":15000.0,
            "전세가율":94.34,
            "장기전세가율평균":77.82,
            "전세가율거품지수":-16.52,
            "검색코드":8032,
            "세대수":297.0,
            "준공년월":"1997-03-26",
            "준공년차":26.0,
            "가까운역이름":"NA",
            "가까운역거리":"NA",
            "역세권여부":"NA",
            "30분이내주요거점역":"NA",
            "30분거점역이름":"NA",
            "1시간이내주요거점역":"NA",
            "1시간거점역이름":"NA",
            "3km이내백화점수":0,
            "5km이내아울렛몰수":0,
            "1km이내대형먀트수":2,
            "500m이내은행수":1,
            "500m이내병원수":40,
            "5km이내대형병원수":2,
            "500m이내공원수":6,
            "3km이내혐오시설수":1,
            "초등학교학업성취도":90.0,
            "중학교학업성취도":74.7,
            "용적률":0,
            "건폐율":0,
            "Y":35.955272,
            "X":126.97223,
            "rank":68.0,
            "area_info":"22평(74.44), 31평(105.27)",
            "last_sales":"2022-01-19,15900.0,22평(74.44)",
            "rank_history":[
                [
                    "202202",
                    68
                ],
                [
                    "202201",
                    73
                ]
            ],
            "rank_gap":5
        },
        {
            "index":410,
            "아파트명":"해담",
            "투자타입":"일반",
            "전용면적(m2)":"51.99",
            "전용면적(평)":"15평",
            "법정동주소":"전라북도 익산시 황등면 황등리 1043-2",
            "도로명주소":"전라북도 익산시 황등3길 15",
            "세대수":50,
            "입주년차":20,
            "용적률점수":"--",
            "건폐율점수":"--",
            "세대당주차수":0,
            "난방방식":30,
            "공급면적":"--",
            "전용률":"--",
            "욕실수":50,
            "현관타입":100,
            "주거총점":39.5,
            "지역구공급총점":0.0,
            "역세권":"NA",
            "30분내 이동가능 거점":"NA",
            "1시간내 이동가능 거점":"NA",
            "교통총점":"NA",
            "백화점":0,
            "아울렛몰":0,
            "대형마트":80,
            "은행":0,
            "병원":0,
            "종합병원":100,
            "공원":0,
            "혐오시설":0,
            "인프라총점":32.0,
            "초등학군":90.01,
            "중학군":34.08,
            "학군총점":45.266,
            "인구수":29.52,
            "인구증감":-6.36,
            "인구총점":18.756,
            "일자리":17.37,
            "소득수준":55.25,
            "일자리총점":28.734,
            "가치 총점":37.9415,
            "매매실거래년":20220127.0,
            "매매실거래가":5200.0,
            "전세실거래년":20180629.0,
            "전세실거래가":3000.0,
            "전세가율":69.77,
            "장기전세가율평균":77.82,
            "전세가율거품지수":8.05,
            "검색코드":106502,
            "세대수":424.0,
            "준공년월":"1999-12-23",
            "준공년차":24.0,
            "가까운역이름":"NA",
            "가까운역거리":"NA",
            "역세권여부":"NA",
            "30분이내주요거점역":"NA",
            "30분거점역이름":"NA",
            "1시간이내주요거점역":"NA",
            "1시간거점역이름":"NA",
            "3km이내백화점수":0,
            "5km이내아울렛몰수":0,
            "1km이내대형먀트수":1,
            "500m이내은행수":0,
            "500m이내병원수":1,
            "5km이내대형병원수":2,
            "500m이내공원수":0,
            "3km이내혐오시설수":0,
            "초등학교학업성취도":90.01,
            "중학교학업성취도":56.8,
            "용적률":257,
            "건폐율":25,
            "Y":35.997621,
            "X":126.945096,
            "rank":69.0,
            "area_info":"15평(51.99), 15평(51.67), 19평(64.64), 19평(64.32)",
            "last_sales":"2022-01-27,5200.0,19평(64.64)",
            "rank_history":[
                [
                    "202202",
                    69
                ],
                [
                    "202201",
                    61
                ]
            ],
            "rank_gap":-8
        },
        {
            "index":407,
            "아파트명":"평화제일오투그란데에버",
            "투자타입":"일반",
            "전용면적(m2)":"100.98",
            "전용면적(평)":"30평",
            "법정동주소":"전라북도 익산시 평화동 393",
            "도로명주소":"전라북도 익산시 번영로10길 31",
            "세대수":0,
            "입주년차":80,
            "용적률점수":"--",
            "건폐율점수":"--",
            "세대당주차수":30,
            "난방방식":30,
            "공급면적":"--",
            "전용률":"--",
            "욕실수":100,
            "현관타입":100,
            "주거총점":43.5,
            "지역구공급총점":0.0,
            "역세권":"NA",
            "30분내 이동가능 거점":"NA",
            "1시간내 이동가능 거점":"NA",
            "교통총점":"NA",
            "백화점":0,
            "아울렛몰":0,
            "대형마트":0,
            "은행":0,
            "병원":0,
            "종합병원":100,
            "공원":100,
            "혐오시설":0,
            "인프라총점":23.0,
            "초등학군":89.99,
            "중학군":44.44,
            "학군총점":53.55,
            "인구수":29.52,
            "인구증감":-6.36,
            "인구총점":18.756,
            "일자리":17.37,
            "소득수준":55.25,
            "일자리총점":28.734,
            "가치 총점":37.8125,
            "매매실거래년":20220112.0,
            "매매실거래가":24000.0,
            "전세실거래년":20181020.0,
            "전세실거래가":18000.0,
            "전세가율":80.0,
            "장기전세가율평균":77.82,
            "전세가율거품지수":-2.18,
            "검색코드":114412,
            "세대수":171.0,
            "준공년월":"2018-09-14",
            "준공년차":5.0,
            "가까운역이름":"NA",
            "가까운역거리":"NA",
            "역세권여부":"NA",
            "30분이내주요거점역":"NA",
            "30분거점역이름":"NA",
            "1시간이내주요거점역":"NA",
            "1시간거점역이름":"NA",
            "3km이내백화점수":0,
            "5km이내아울렛몰수":0,
            "1km이내대형먀트수":0,
            "500m이내은행수":0,
            "500m이내병원수":0,
            "5km이내대형병원수":2,
            "500m이내공원수":2,
            "3km이내혐오시설수":0,
            "초등학교학업성취도":89.99,
            "중학교학업성취도":73.4,
            "용적률":149,
            "건폐율":20,
            "Y":35.932973,
            "X":126.93865,
            "rank":70.0,
            "area_info":"30평(100.98), 32평(107.8)",
            "last_sales":"2022-01-12,24000.0,32평(107.8)",
            "rank_history":[
                [
                    "202202",
                    70
                ],
                [
                    "202201",
                    74
                ]
            ],
            "rank_gap":4
        },
        {
            "index":199,
            "아파트명":"부송우남",
            "투자타입":"일반",
            "전용면적(m2)":"69.24",
            "전용면적(평)":"20평",
            "법정동주소":"전라북도 익산시 부송동 216-2",
            "도로명주소":"전라북도 익산시 무왕로26길 11-5",
            "세대수":90,
            "입주년차":0,
            "용적률점수":"--",
            "건폐율점수":"--",
            "세대당주차수":0,
            "난방방식":30,
            "공급면적":"--",
            "전용률":"--",
            "욕실수":50,
            "현관타입":10,
            "주거총점":40.5,
            "지역구공급총점":0.0,
            "역세권":"NA",
            "30분내 이동가능 거점":"NA",
            "1시간내 이동가능 거점":"NA",
            "교통총점":"NA",
            "백화점":0,
            "아울렛몰":0,
            "대형마트":0,
            "은행":0,
            "병원":30,
            "종합병원":100,
            "공원":80,
            "혐오시설":0,
            "인프라총점":25.4,
            "초등학군":90.0,
            "중학군":43.78,
            "학군총점":53.024,
            "인구수":29.52,
            "인구증감":-6.36,
            "인구총점":18.756,
            "일자리":17.37,
            "소득수준":55.25,
            "일자리총점":28.734,
            "가치 총점":37.591,
            "매매실거래년":20220124.0,
            "매매실거래가":6000.0,
            "전세실거래년":20220126.0,
            "전세실거래가":5000.0,
            "전세가율":83.33,
            "장기전세가율평균":77.82,
            "전세가율거품지수":-5.51,
            "검색코드":5191,
            "세대수":1075.0,
            "준공년월":"1995-11-16",
            "준공년차":28.0,
            "가까운역이름":"NA",
            "가까운역거리":"NA",
            "역세권여부":"NA",
            "30분이내주요거점역":"NA",
            "30분거점역이름":"NA",
            "1시간이내주요거점역":"NA",
            "1시간거점역이름":"NA",
            "3km이내백화점수":0,
            "5km이내아울렛몰수":0,
            "1km이내대형먀트수":0,
            "500m이내은행수":0,
            "500m이내병원수":6,
            "5km이내대형병원수":2,
            "500m이내공원수":1,
            "3km이내혐오시설수":0,
            "초등학교학업성취도":90.0,
            "중학교학업성취도":71.9,
            "용적률":0,
            "건폐율":0,
            "Y":35.960121,
            "X":126.998895,
            "rank":71.0,
            "area_info":"20평(69.24), 23평(76.52), 25평(83.48), 31평(103.16), 38평(128.55)",
            "last_sales":"2022-01-24,6000.0,20평(69.24)",
            "rank_history":[
                [
                    "202202",
                    71
                ],
                [
                    "202201",
                    48
                ]
            ],
            "rank_gap":-23
        },
        {
            "index":261,
            "아파트명":"위너스파크(도시형)",
            "투자타입":"일반",
            "전용면적(m2)":"28.82",
            "전용면적(평)":"8평",
            "법정동주소":"전라북도 익산시 신동 765-35",
            "도로명주소":"전라북도 익산시 무왕로 930",
            "세대수":0,
            "입주년차":100,
            "용적률점수":"--",
            "건폐율점수":"--",
            "세대당주차수":0,
            "난방방식":30,
            "공급면적":"--",
            "전용률":"--",
            "욕실수":50,
            "현관타입":100,
            "주거총점":38.0,
            "지역구공급총점":0.0,
            "역세권":"NA",
            "30분내 이동가능 거점":"NA",
            "1시간내 이동가능 거점":"NA",
            "교통총점":"NA",
            "백화점":0,
            "아울렛몰":0,
            "대형마트":0,
            "은행":0,
            "병원":30,
            "종합병원":100,
            "공원":100,
            "혐오시설":0,
            "인프라총점":26.0,
            "초등학군":90.02,
            "중학군":46.2,
            "학군총점":54.964,
            "인구수":29.52,
            "인구증감":-6.36,
            "인구총점":18.756,
            "일자리":17.37,
            "소득수준":55.25,
            "일자리총점":28.734,
            "가치 총점":37.441,
            "매매실거래년":20211222.0,
            "매매실거래가":13000.0,
            "전세실거래년":20211108.0,
            "전세실거래가":9970.0,
            "전세가율":76.69,
            "장기전세가율평균":77.82,
            "전세가율거품지수":1.13,
            "검색코드":125915,
            "세대수":120.0,
            "준공년월":"2019-02-19",
            "준공년차":4.0,
            "가까운역이름":"NA",
            "가까운역거리":"NA",
            "역세권여부":"NA",
            "30분이내주요거점역":"NA",
            "30분거점역이름":"NA",
            "1시간이내주요거점역":"NA",
            "1시간거점역이름":"NA",
            "3km이내백화점수":0,
            "5km이내아울렛몰수":0,
            "1km이내대형먀트수":0,
            "500m이내은행수":0,
            "500m이내병원수":6,
            "5km이내대형병원수":2,
            "500m이내공원수":8,
            "3km이내혐오시설수":0,
            "초등학교학업성취도":90.02,
            "중학교학업성취도":76.4,
            "용적률":243,
            "건폐율":25,
            "Y":35.962451,
            "X":126.96156,
            "rank":72.0,
            "area_info":"8평(28.82)",
            "last_sales":"2021-12-22,13000.0,8평(28.82)",
            "rank_history":[
                [
                    "202202",
                    72
                ],
                [
                    "202201",
                    76
                ]
            ],
            "rank_gap":4
        },
        {
            "index":197,
            "아파트명":"부송오투그란데",
            "투자타입":"일반",
            "전용면적(m2)":"132.79",
            "전용면적(평)":"40평",
            "법정동주소":"전라북도 익산시 부송동 216-6",
            "도로명주소":"전라북도 익산시 선화로73길 38",
            "세대수":0,
            "입주년차":40,
            "용적률점수":"--",
            "건폐율점수":"--",
            "세대당주차수":60,
            "난방방식":30,
            "공급면적":"--",
            "전용률":"--",
            "욕실수":100,
            "현관타입":100,
            "주거총점":40.0,
            "지역구공급총점":0.0,
            "역세권":"NA",
            "30분내 이동가능 거점":"NA",
            "1시간내 이동가능 거점":"NA",
            "교통총점":"NA",
            "백화점":0,
            "아울렛몰":0,
            "대형마트":0,
            "은행":0,
            "병원":30,
            "종합병원":100,
            "공원":80,
            "혐오시설":0,
            "인프라총점":25.4,
            "초등학군":90.0,
            "중학군":43.78,
            "학군총점":53.024,
            "인구수":29.52,
            "인구증감":-6.36,
            "인구총점":18.756,
            "일자리":17.37,
            "소득수준":55.25,
            "일자리총점":28.734,
            "가치 총점":37.416,
            "매매실거래년":20211225.0,
            "매매실거래가":32700.0,
            "전세실거래년":20220112.0,
            "전세실거래가":27000.0,
            "전세가율":82.57,
            "장기전세가율평균":77.82,
            "전세가율거품지수":-4.75,
            "검색코드":27805,
            "세대수":214.0,
            "준공년월":"2007-06-27",
            "준공년차":16.0,
            "가까운역이름":"NA",
            "가까운역거리":"NA",
            "역세권여부":"NA",
            "30분이내주요거점역":"NA",
            "30분거점역이름":"NA",
            "1시간이내주요거점역":"NA",
            "1시간거점역이름":"NA",
            "3km이내백화점수":0,
            "5km이내아울렛몰수":0,
            "1km이내대형먀트수":0,
            "500m이내은행수":0,
            "500m이내병원수":6,
            "5km이내대형병원수":2,
            "500m이내공원수":1,
            "3km이내혐오시설수":0,
            "초등학교학업성취도":90.0,
            "중학교학업성취도":71.9,
            "용적률":229,
            "건폐율":21,
            "Y":35.959137,
            "X":126.997622,
            "rank":73.0,
            "area_info":"40평(132.79), 45평(151.59)",
            "last_sales":"2021-12-25,32700.0,40평(132.79)",
            "rank_history":[
                [
                    "202202",
                    73
                ],
                [
                    "202201",
                    50
                ]
            ],
            "rank_gap":-23
        },
        {
            "index":211,
            "아파트명":"아름드리",
            "투자타입":"일반",
            "전용면적(m2)":"82.03",
            "전용면적(평)":"24평",
            "법정동주소":"전라북도 익산시 부송동 1075",
            "도로명주소":"전라북도 익산시 무왕로22길 27",
            "세대수":80,
            "입주년차":0,
            "용적률점수":"--",
            "건폐율점수":"--",
            "세대당주차수":0,
            "난방방식":30,
            "공급면적":"--",
            "전용률":"--",
            "욕실수":50,
            "현관타입":10,
            "주거총점":37.0,
            "지역구공급총점":0.0,
            "역세권":"NA",
            "30분내 이동가능 거점":"NA",
            "1시간내 이동가능 거점":"NA",
            "교통총점":"NA",
            "백화점":0,
            "아울렛몰":0,
            "대형마트":0,
            "은행":0,
            "병원":60,
            "종합병원":100,
            "공원":100,
            "혐오시설":-50,
            "인프라총점":28.0,
            "초등학군":89.99,
            "중학군":43.06,
            "학군총점":52.446,
            "인구수":29.52,
            "인구증감":-6.36,
            "인구총점":18.756,
            "일자리":17.37,
            "소득수준":55.25,
            "일자리총점":28.734,
            "가치 총점":37.2615,
            "매매실거래년":20211223.0,
            "매매실거래가":9300.0,
            "전세실거래년":20211129.0,
            "전세실거래가":8000.0,
            "전세가율":86.02,
            "장기전세가율평균":77.82,
            "전세가율거품지수":-8.2,
            "검색코드":5193,
            "세대수":840.0,
            "준공년월":"1994-09-13",
            "준공년차":29.0,
            "가까운역이름":"NA",
            "가까운역거리":"NA",
            "역세권여부":"NA",
            "30분이내주요거점역":"NA",
            "30분거점역이름":"NA",
            "1시간이내주요거점역":"NA",
            "1시간거점역이름":"NA",
            "3km이내백화점수":0,
            "5km이내아울렛몰수":0,
            "1km이내대형먀트수":0,
            "500m이내은행수":1,
            "500m이내병원수":21,
            "5km이내대형병원수":2,
            "500m이내공원수":6,
            "3km이내혐오시설수":1,
            "초등학교학업성취도":89.99,
            "중학교학업성취도":71.3,
            "용적률":0,
            "건폐율":0,
            "Y":35.956862,
            "X":126.988649,
            "rank":74.0,
            "area_info":"24평(82.03)",
            "last_sales":"2021-12-23,9300.0,24평(82.03)",
            "rank_history":[
                [
                    "202202",
                    74
                ],
                [
                    "202201",
                    44
                ]
            ],
            "rank_gap":-30
        },
        {
            "index":402,
            "아파트명":"기안파인골드빌2차",
            "투자타입":"일반",
            "전용면적(m2)":"102.47",
            "전용면적(평)":"30평",
            "법정동주소":"전라북도 익산시 팔봉동 313",
            "도로명주소":"전라북도 익산시 무왕로32길 78",
            "세대수":50,
            "입주년차":40,
            "용적률점수":"--",
            "건폐율점수":"--",
            "세대당주차수":0,
            "난방방식":30,
            "공급면적":"--",
            "전용률":"--",
            "욕실수":100,
            "현관타입":100,
            "주거총점":48.5,
            "지역구공급총점":0.0,
            "역세권":"NA",
            "30분내 이동가능 거점":"NA",
            "1시간내 이동가능 거점":"NA",
            "교통총점":"NA",
            "백화점":0,
            "아울렛몰":0,
            "대형마트":0,
            "은행":0,
            "병원":0,
            "종합병원":80,
            "공원":0,
            "혐오시설":0,
            "인프라총점":16.0,
            "초등학군":90.01,
            "중학군":46.76,
            "학군총점":55.41,
            "인구수":29.52,
            "인구증감":-6.36,
            "인구총점":18.756,
            "일자리":17.37,
            "소득수준":55.25,
            "일자리총점":28.734,
            "가치 총점":37.2275,
            "매매실거래년":20220119.0,
            "매매실거래가":16300.0,
            "전세실거래년":20211117.0,
            "전세실거래가":16000.0,
            "전세가율":98.16,
            "장기전세가율평균":77.82,
            "전세가율거품지수":-20.34,
            "검색코드":101016,
            "세대수":496.0,
            "준공년월":"2005-07-01",
            "준공년차":18.0,
            "가까운역이름":"NA",
            "가까운역거리":"NA",
            "역세권여부":"NA",
            "30분이내주요거점역":"NA",
            "30분거점역이름":"NA",
            "1시간이내주요거점역":"NA",
            "1시간거점역이름":"NA",
            "3km이내백화점수":0,
            "5km이내아울렛몰수":0,
            "1km이내대형먀트수":0,
            "500m이내은행수":0,
            "500m이내병원수":0,
            "5km이내대형병원수":1,
            "500m이내공원수":0,
            "3km이내혐오시설수":0,
            "초등학교학업성취도":90.01,
            "중학교학업성취도":77.0,
            "용적률":0,
            "건폐율":0,
            "Y":35.965823,
            "X":127.015952,
            "rank":75.0,
            "area_info":"30평(102.47), 32평(109.09)",
            "last_sales":"2022-01-19,16300.0,30평(102.47)",
            "rank_history":[
                [
                    "202202",
                    75
                ],
                [
                    "202201",
                    77
                ]
            ],
            "rank_gap":2
        },
        {
            "index":320,
            "아파트명":"현대",
            "투자타입":"재건축",
            "전용면적(m2)":"86.04",
            "전용면적(평)":"26평",
            "법정동주소":"전라북도 익산시 어양동 493-7",
            "도로명주소":"전라북도 익산시 동서로61길 41",
            "세대수":30,
            "입주년차":"--",
            "용적률점수":0,
            "건폐율점수":0,
            "세대당주차수":"--",
            "난방방식":"--",
            "공급면적":70,
            "전용률":80,
            "욕실수":"--",
            "현관타입":"--",
            "주거총점":16.5,
            "지역구공급총점":0.0,
            "역세권":"NA",
            "30분내 이동가능 거점":"NA",
            "1시간내 이동가능 거점":"NA",
            "교통총점":"NA",
            "백화점":0,
            "아울렛몰":0,
            "대형마트":100,
            "은행":0,
            "병원":80,
            "종합병원":100,
            "공원":100,
            "혐오시설":-50,
            "인프라총점":45.0,
            "초등학군":90.0,
            "중학군":43.06,
            "학군총점":52.448,
            "인구수":29.52,
            "인구증감":-6.36,
            "인구총점":18.756,
            "일자리":17.37,
            "소득수준":55.25,
            "일자리총점":28.734,
            "가치 총점":36.887,
            "매매실거래년":20211126.0,
            "매매실거래가":16700.0,
            "전세실거래년":20170418.0,
            "전세실거래가":5000.0,
            "전세가율":40.0,
            "장기전세가율평균":77.82,
            "전세가율거품지수":37.82,
            "검색코드":5219,
            "세대수":350.0,
            "준공년월":"1990-11-14",
            "준공년차":33.0,
            "가까운역이름":"NA",
            "가까운역거리":"NA",
            "역세권여부":"NA",
            "30분이내주요거점역":"NA",
            "30분거점역이름":"NA",
            "1시간이내주요거점역":"NA",
            "1시간거점역이름":"NA",
            "3km이내백화점수":0,
            "5km이내아울렛몰수":0,
            "1km이내대형먀트수":2,
            "500m이내은행수":0,
            "500m이내병원수":43,
            "5km이내대형병원수":2,
            "500m이내공원수":10,
            "3km이내혐오시설수":1,
            "초등학교학업성취도":90.0,
            "중학교학업성취도":71.3,
            "용적률":0,
            "건폐율":0,
            "Y":35.955369,
            "X":126.980465,
            "rank":76.0,
            "area_info":"26평(86.04), 31평(102.69), 46평(153.14)",
            "last_sales":"2021-11-26,16700.0,31평(102.69)",
            "rank_history":[
                [
                    "202202",
                    76
                ],
                [
                    "202201",
                    80
                ]
            ],
            "rank_gap":4
        },
        {
            "index":315,
            "아파트명":"우미",
            "투자타입":"일반",
            "전용면적(m2)":"80.85",
            "전용면적(평)":"24평",
            "법정동주소":"전라북도 익산시 어양동 84",
            "도로명주소":"전라북도 익산시 무왕로22길 43",
            "세대수":50,
            "입주년차":0,
            "용적률점수":"--",
            "건폐율점수":"--",
            "세대당주차수":0,
            "난방방식":30,
            "공급면적":"--",
            "전용률":"--",
            "욕실수":50,
            "현관타입":100,
            "주거총점":35.5,
            "지역구공급총점":0.0,
            "역세권":"NA",
            "30분내 이동가능 거점":"NA",
            "1시간내 이동가능 거점":"NA",
            "교통총점":"NA",
            "백화점":0,
            "아울렛몰":0,
            "대형마트":0,
            "은행":0,
            "병원":60,
            "종합병원":100,
            "공원":100,
            "혐오시설":-50,
            "인프라총점":28.0,
            "초등학군":89.99,
            "중학군":43.06,
            "학군총점":52.446,
            "인구수":29.52,
            "인구증감":-6.36,
            "인구총점":18.756,
            "일자리":17.37,
            "소득수준":55.25,
            "일자리총점":28.734,
            "가치 총점":36.7365,
            "매매실거래년":20211229.0,
            "매매실거래가":9300.0,
            "전세실거래년":20220128.0,
            "전세실거래가":7600.0,
            "전세가율":81.72,
            "장기전세가율평균":77.82,
            "전세가율거품지수":-3.9,
            "검색코드":27806,
            "세대수":497.0,
            "준공년월":"1996-11-15",
            "준공년차":27.0,
            "가까운역이름":"NA",
            "가까운역거리":"NA",
            "역세권여부":"NA",
            "30분이내주요거점역":"NA",
            "30분거점역이름":"NA",
            "1시간이내주요거점역":"NA",
            "1시간거점역이름":"NA",
            "3km이내백화점수":0,
            "5km이내아울렛몰수":0,
            "1km이내대형먀트수":0,
            "500m이내은행수":1,
            "500m이내병원수":21,
            "5km이내대형병원수":2,
            "500m이내공원수":5,
            "3km이내혐오시설수":1,
            "초등학교학업성취도":89.99,
            "중학교학업성취도":71.3,
            "용적률":0,
            "건폐율":0,
            "Y":35.95565,
            "X":126.988088,
            "rank":77.0,
            "area_info":"24평(80.85), 24평(80.8)",
            "last_sales":"2021-12-29,9300.0,24평(80.85)",
            "rank_history":[
                [
                    "202202",
                    77
                ],
                [
                    "202201",
                    79
                ]
            ],
            "rank_gap":2
        },
        {
            "index":406,
            "아파트명":"평화제일",
            "투자타입":"일반",
            "전용면적(m2)":"105.27",
            "전용면적(평)":"31평",
            "법정동주소":"전라북도 익산시 평화동 370",
            "도로명주소":"전라북도 익산시 번영로8길 223",
            "세대수":50,
            "입주년차":20,
            "용적률점수":"--",
            "건폐율점수":"--",
            "세대당주차수":30,
            "난방방식":30,
            "공급면적":"--",
            "전용률":"--",
            "욕실수":100,
            "현관타입":10,
            "주거총점":40.0,
            "지역구공급총점":0.0,
            "역세권":"NA",
            "30분내 이동가능 거점":"NA",
            "1시간내 이동가능 거점":"NA",
            "교통총점":"NA",
            "백화점":0,
            "아울렛몰":0,
            "대형마트":0,
            "은행":0,
            "병원":0,
            "종합병원":100,
            "공원":100,
            "혐오시설":0,
            "인프라총점":23.0,
            "초등학군":89.99,
            "중학군":44.44,
            "학군총점":53.55,
            "인구수":29.52,
            "인구증감":-6.36,
            "인구총점":18.756,
            "일자리":17.37,
            "소득수준":55.25,
            "일자리총점":28.734,
            "가치 총점":36.5875,
            "매매실거래년":20220112.0,
            "매매실거래가":13600.0,
            "전세실거래년":20200807.0,
            "전세실거래가":12000.0,
            "전세가율":88.24,
            "장기전세가율평균":77.82,
            "전세가율거품지수":-10.42,
            "검색코드":101792,
            "세대수":458.0,
            "준공년월":"2002-01-25",
            "준공년차":21.0,
            "가까운역이름":"NA",
            "가까운역거리":"NA",
            "역세권여부":"NA",
            "30분이내주요거점역":"NA",
            "30분거점역이름":"NA",
            "1시간이내주요거점역":"NA",
            "1시간거점역이름":"NA",
            "3km이내백화점수":0,
            "5km이내아울렛몰수":0,
            "1km이내대형먀트수":0,
            "500m이내은행수":0,
            "500m이내병원수":0,
            "5km이내대형병원수":2,
            "500m이내공원수":4,
            "3km이내혐오시설수":0,
            "초등학교학업성취도":89.99,
            "중학교학업성취도":73.4,
            "용적률":189,
            "건폐율":17,
            "Y":35.932542,
            "X":126.941174,
            "rank":78.0,
            "area_info":"31평(105.27)",
            "last_sales":"2022-01-12,13600.0,31평(105.27)",
            "rank_history":[
                [
                    "202202",
                    78
                ],
                [
                    "202201",
                    82
                ]
            ],
            "rank_gap":4
        },
        {
            "index":186,
            "아파트명":"동아2차",
            "투자타입":"일반",
            "전용면적(m2)":"48.69",
            "전용면적(평)":"14평",
            "법정동주소":"전라북도 익산시 부송동 231-26",
            "도로명주소":"전라북도 익산시 무왕로26길 33",
            "세대수":50,
            "입주년차":0,
            "용적률점수":"--",
            "건폐율점수":"--",
            "세대당주차수":0,
            "난방방식":30,
            "공급면적":"--",
            "전용률":"--",
            "욕실수":50,
            "현관타입":100,
            "주거총점":35.5,
            "지역구공급총점":0.0,
            "역세권":"NA",
            "30분내 이동가능 거점":"NA",
            "1시간내 이동가능 거점":"NA",
            "교통총점":"NA",
            "백화점":0,
            "아울렛몰":0,
            "대형마트":0,
            "은행":0,
            "병원":30,
            "종합병원":100,
            "공원":100,
            "혐오시설":0,
            "인프라총점":26.0,
            "초등학군":90.0,
            "중학군":43.78,
            "학군총점":53.024,
            "인구수":29.52,
            "인구증감":-6.36,
            "인구총점":18.756,
            "일자리":17.37,
            "소득수준":55.25,
            "일자리총점":28.734,
            "가치 총점":36.081,
            "매매실거래년":20220127.0,
            "매매실거래가":15300.0,
            "전세실거래년":20200529.0,
            "전세실거래가":3800.0,
            "전세가율":79.17,
            "장기전세가율평균":77.82,
            "전세가율거품지수":-1.35,
            "검색코드":19291,
            "세대수":416.0,
            "준공년월":"1997-10-25",
            "준공년차":26.0,
            "가까운역이름":"NA",
            "가까운역거리":"NA",
            "역세권여부":"NA",
            "30분이내주요거점역":"NA",
            "30분거점역이름":"NA",
            "1시간이내주요거점역":"NA",
            "1시간거점역이름":"NA",
            "3km이내백화점수":0,
            "5km이내아울렛몰수":0,
            "1km이내대형먀트수":0,
            "500m이내은행수":0,
            "500m이내병원수":6,
            "5km이내대형병원수":2,
            "500m이내공원수":2,
            "3km이내혐오시설수":0,
            "초등학교학업성취도":90.0,
            "중학교학업성취도":71.9,
            "용적률":276,
            "건폐율":18,
            "Y":35.958326,
            "X":126.998707,
            "rank":79.0,
            "area_info":"14평(48.69), 20평(66.19), 23평(79.1), 31평(105.74)",
            "last_sales":"2022-01-27,15300.0,31평(105.74)",
            "rank_history":[
                [
                    "202202",
                    79
                ],
                [
                    "202201",
                    59
                ]
            ],
            "rank_gap":-20
        },
        {
            "index":68,
            "아파트명":"한성",
            "투자타입":"재건축",
            "전용면적(m2)":"56.8",
            "전용면적(평)":"17평",
            "법정동주소":"전라북도 익산시 동산동 1061",
            "도로명주소":"전라북도 익산시 동천로7길 47",
            "세대수":0,
            "입주년차":"--",
            "용적률점수":0,
            "건폐율점수":80,
            "세대당주차수":"--",
            "난방방식":"--",
            "공급면적":50,
            "전용률":80,
            "욕실수":"--",
            "현관타입":"--",
            "주거총점":22.5,
            "지역구공급총점":0.0,
            "역세권":"NA",
            "30분내 이동가능 거점":"NA",
            "1시간내 이동가능 거점":"NA",
            "교통총점":"NA",
            "백화점":0,
            "아울렛몰":0,
            "대형마트":80,
            "은행":0,
            "병원":60,
            "종합병원":100,
            "공원":100,
            "혐오시설":0,
            "인프라총점":41.0,
            "초등학군":90.01,
            "중학군":35.28,
            "학군총점":46.226,
            "인구수":29.52,
            "인구증감":-6.36,
            "인구총점":18.756,
            "일자리":17.37,
            "소득수준":55.25,
            "일자리총점":28.734,
            "가치 총점":35.8315,
            "매매실거래년":20220120.0,
            "매매실거래가":3000.0,
            "전세실거래년":20211111.0,
            "전세실거래가":3000.0,
            "전세가율":100.0,
            "장기전세가율평균":77.82,
            "전세가율거품지수":-22.18,
            "검색코드":5134,
            "세대수":190.0,
            "준공년월":"1988-08-16",
            "준공년차":35.0,
            "가까운역이름":"NA",
            "가까운역거리":"NA",
            "역세권여부":"NA",
            "30분이내주요거점역":"NA",
            "30분거점역이름":"NA",
            "1시간이내주요거점역":"NA",
            "1시간거점역이름":"NA",
            "3km이내백화점수":0,
            "5km이내아울렛몰수":0,
            "1km이내대형먀트수":1,
            "500m이내은행수":1,
            "500m이내병원수":14,
            "5km이내대형병원수":2,
            "500m이내공원수":5,
            "3km이내혐오시설수":0,
            "초등학교학업성취도":90.01,
            "중학교학업성취도":58.8,
            "용적률":0,
            "건폐율":25,
            "Y":35.93236,
            "X":126.967883,
            "rank":80.0,
            "area_info":"17평(56.8), 17평(57.82)",
            "last_sales":"2022-01-20,3000.0,17평(56.8)",
            "rank_history":[
                [
                    "202202",
                    80
                ],
                [
                    "202201",
                    84
                ]
            ],
            "rank_gap":4
        },
        {
            "index":109,
            "아파트명":"배산제일",
            "투자타입":"일반",
            "전용면적(m2)":"75.91",
            "전용면적(평)":"22평",
            "법정동주소":"전라북도 익산시 모현동1가 514-1",
            "도로명주소":"전라북도 익산시 선화로13길 62",
            "세대수":0,
            "입주년차":0,
            "용적률점수":"--",
            "건폐율점수":"--",
            "세대당주차수":0,
            "난방방식":30,
            "공급면적":"--",
            "전용률":"--",
            "욕실수":50,
            "현관타입":100,
            "주거총점":18.0,
            "지역구공급총점":0.0,
            "역세권":"NA",
            "30분내 이동가능 거점":"NA",
            "1시간내 이동가능 거점":"NA",
            "교통총점":"NA",
            "백화점":0,
            "아울렛몰":0,
            "대형마트":100,
            "은행":0,
            "병원":10,
            "종합병원":100,
            "공원":100,
            "혐오시설":0,
            "인프라총점":39.0,
            "초등학군":90.01,
            "중학군":46.24,
            "학군총점":54.994,
            "인구수":29.52,
            "인구증감":-6.36,
            "인구총점":18.756,
            "일자리":17.37,
            "소득수준":55.25,
            "일자리총점":28.734,
            "가치 총점":35.6485,
            "매매실거래년":20220107.0,
            "매매실거래가":14700.0,
            "전세실거래년":20200331.0,
            "전세실거래가":7000.0,
            "전세가율":77.78,
            "장기전세가율평균":77.82,
            "전세가율거품지수":0.04,
            "검색코드":5151,
            "세대수":229.0,
            "준공년월":"1994-06-24",
            "준공년차":29.0,
            "가까운역이름":"NA",
            "가까운역거리":"NA",
            "역세권여부":"NA",
            "30분이내주요거점역":"NA",
            "30분거점역이름":"NA",
            "1시간이내주요거점역":"NA",
            "1시간거점역이름":"NA",
            "3km이내백화점수":0,
            "5km이내아울렛몰수":0,
            "1km이내대형먀트수":2,
            "500m이내은행수":0,
            "500m이내병원수":4,
            "5km이내대형병원수":2,
            "500m이내공원수":3,
            "3km이내혐오시설수":0,
            "초등학교학업성취도":90.01,
            "중학교학업성취도":76.8,
            "용적률":0,
            "건폐율":23,
            "Y":35.953566,
            "X":126.943919,
            "rank":81.0,
            "area_info":"22평(75.91), 31평(104.69), 31평(104.49)",
            "last_sales":"2022-01-07,14700.0,31평(104.69)",
            "rank_history":[
                [
                    "202202",
                    81
                ],
                [
                    "202201",
                    88
                ]
            ],
            "rank_gap":7
        },
        {
            "index":144,
            "아파트명":"현대1차",
            "투자타입":"재건축",
            "전용면적(m2)":"87.75",
            "전용면적(평)":"26평",
            "법정동주소":"전라북도 익산시 모현동1가 2-1",
            "도로명주소":"전라북도 익산시 익산대로17길 16",
            "세대수":50,
            "입주년차":"--",
            "용적률점수":0,
            "건폐율점수":0,
            "세대당주차수":"--",
            "난방방식":"--",
            "공급면적":70,
            "전용률":80,
            "욕실수":"--",
            "현관타입":"--",
            "주거총점":22.5,
            "지역구공급총점":0.0,
            "역세권":"NA",
            "30분내 이동가능 거점":"NA",
            "1시간내 이동가능 거점":"NA",
            "교통총점":"NA",
            "백화점":0,
            "아울렛몰":0,
            "대형마트":100,
            "은행":0,
            "병원":0,
            "종합병원":100,
            "공원":0,
            "혐오시설":0,
            "인프라총점":35.0,
            "초등학군":90.01,
            "중학군":46.24,
            "학군총점":54.994,
            "인구수":29.52,
            "인구증감":-6.36,
            "인구총점":18.756,
            "일자리":17.37,
            "소득수준":55.25,
            "일자리총점":28.734,
            "가치 총점":35.6235,
            "매매실거래년":20220128.0,
            "매매실거래가":13000.0,
            "전세실거래년":20181217.0,
            "전세실거래가":10000.0,
            "전세가율":78.12,
            "장기전세가율평균":77.82,
            "전세가율거품지수":-0.3,
            "검색코드":5169,
            "세대수":488.0,
            "준공년월":"1991-08-21",
            "준공년차":32.0,
            "가까운역이름":"NA",
            "가까운역거리":"NA",
            "역세권여부":"NA",
            "30분이내주요거점역":"NA",
            "30분거점역이름":"NA",
            "1시간이내주요거점역":"NA",
            "1시간거점역이름":"NA",
            "3km이내백화점수":0,
            "5km이내아울렛몰수":0,
            "1km이내대형먀트수":2,
            "500m이내은행수":0,
            "500m이내병원수":0,
            "5km이내대형병원수":2,
            "500m이내공원수":0,
            "3km이내혐오시설수":0,
            "초등학교학업성취도":90.01,
            "중학교학업성취도":76.8,
            "용적률":0,
            "건폐율":0,
            "Y":35.953209,
            "X":126.95052,
            "rank":82.0,
            "area_info":"26평(87.75), 31평(104.72), 47평(156.18)",
            "last_sales":"2022-01-28,13000.0,31평(104.72)",
            "rank_history":[
                [
                    "202202",
                    82
                ],
                [
                    "202201",
                    89
                ]
            ],
            "rank_gap":7
        },
        {
            "index":298,
            "아파트명":"어양센트럴파크(도시형)",
            "투자타입":"일반",
            "전용면적(m2)":"40.95",
            "전용면적(평)":"12평",
            "법정동주소":"전라북도 익산시 어양동 748",
            "도로명주소":"전라북도 익산시 하나로 337",
            "세대수":0,
            "입주년차":100,
            "용적률점수":"--",
            "건폐율점수":"--",
            "세대당주차수":0,
            "난방방식":30,
            "공급면적":"--",
            "전용률":"--",
            "욕실수":50,
            "현관타입":100,
            "주거총점":38.0,
            "지역구공급총점":0.0,
            "역세권":"NA",
            "30분내 이동가능 거점":"NA",
            "1시간내 이동가능 거점":"NA",
            "교통총점":"NA",
            "백화점":0,
            "아울렛몰":0,
            "대형마트":0,
            "은행":0,
            "병원":10,
            "종합병원":100,
            "공원":100,
            "혐오시설":-50,
            "인프라총점":23.0,
            "초등학군":90.0,
            "중학군":43.06,
            "학군총점":52.448,
            "인구수":29.52,
            "인구증감":-6.36,
            "인구총점":18.756,
            "일자리":17.37,
            "소득수준":55.25,
            "일자리총점":28.734,
            "가치 총점":35.612,
            "매매실거래년":20210726.0,
            "매매실거래가":21500.0,
            "전세실거래년":null,
            "전세실거래가":null,
            "전세가율":null,
            "장기전세가율평균":77.82,
            "전세가율거품지수":null,
            "검색코드":118901,
            "세대수":200.0,
            "준공년월":"2020-06-04",
            "준공년차":3.0,
            "가까운역이름":"NA",
            "가까운역거리":"NA",
            "역세권여부":"NA",
            "30분이내주요거점역":"NA",
            "30분거점역이름":"NA",
            "1시간이내주요거점역":"NA",
            "1시간거점역이름":"NA",
            "3km이내백화점수":0,
            "5km이내아울렛몰수":0,
            "1km이내대형먀트수":0,
            "500m이내은행수":0,
            "500m이내병원수":3,
            "5km이내대형병원수":2,
            "500m이내공원수":3,
            "3km이내혐오시설수":1,
            "초등학교학업성취도":90.0,
            "중학교학업성취도":71.3,
            "용적률":0,
            "건폐율":0,
            "Y":35.951073,
            "X":126.983621,
            "rank":83.0,
            "area_info":"12평(40.95), 12평(40.95), 23평(77.84)",
            "last_sales":"2021-07-26,21500.0,23평(77.84)",
            "rank_history":[
                [
                    "202202",
                    83
                ],
                [
                    "202201",
                    85
                ]
            ],
            "rank_gap":2
        },
        {
            "index":396,
            "아파트명":"창인",
            "투자타입":"재건축",
            "전용면적(m2)":"57.42",
            "전용면적(평)":"17평",
            "법정동주소":"전라북도 익산시 창인동2가 1-112",
            "도로명주소":"전라북도 익산시 익산대로 181",
            "세대수":0,
            "입주년차":"--",
            "용적률점수":0,
            "건폐율점수":0,
            "세대당주차수":"--",
            "난방방식":"--",
            "공급면적":50,
            "전용률":100,
            "욕실수":"--",
            "현관타입":"--",
            "주거총점":7.5,
            "지역구공급총점":0.0,
            "역세권":"NA",
            "30분내 이동가능 거점":"NA",
            "1시간내 이동가능 거점":"NA",
            "교통총점":"NA",
            "백화점":0,
            "아울렛몰":0,
            "대형마트":100,
            "은행":70,
            "병원":80,
            "종합병원":100,
            "공원":0,
            "혐오시설":0,
            "인프라총점":50.0,
            "초등학군":90.0,
            "중학군":42.06,
            "학군총점":51.648,
            "인구수":29.52,
            "인구증감":-6.36,
            "인구총점":18.756,
            "일자리":17.37,
            "소득수준":55.25,
            "일자리총점":28.734,
            "가치 총점":35.537,
            "매매실거래년":20211229.0,
            "매매실거래가":18000.0,
            "전세실거래년":20171230.0,
            "전세실거래가":3500.0,
            "전세가율":19.44,
            "장기전세가율평균":77.82,
            "전세가율거품지수":58.38,
            "검색코드":5272,
            "세대수":150.0,
            "준공년월":"1979-06-05",
            "준공년차":44.0,
            "가까운역이름":"NA",
            "가까운역거리":"NA",
            "역세권여부":"NA",
            "30분이내주요거점역":"NA",
            "30분거점역이름":"NA",
            "1시간이내주요거점역":"NA",
            "1시간거점역이름":"NA",
            "3km이내백화점수":0,
            "5km이내아울렛몰수":0,
            "1km이내대형먀트수":2,
            "500m이내은행수":4,
            "500m이내병원수":37,
            "5km이내대형병원수":2,
            "500m이내공원수":0,
            "3km이내혐오시설수":0,
            "초등학교학업성취도":90.0,
            "중학교학업성취도":69.5,
            "용적률":0,
            "건폐율":0,
            "Y":35.94435,
            "X":126.94797,
            "rank":84.0,
            "area_info":"17평(57.42)",
            "last_sales":"2021-12-29,18000.0,17평(57.42)",
            "rank_history":[
                [
                    "202202",
                    84
                ],
                [
                    "202201",
                    87
                ]
            ],
            "rank_gap":3
        },
        {
            "index":99,
            "아파트명":"모현우림한솔맨션",
            "투자타입":"일반",
            "전용면적(m2)":"80.13",
            "전용면적(평)":"24평",
            "법정동주소":"전라북도 익산시 모현동1가 19",
            "도로명주소":"전라북도 익산시 동서로 146-8",
            "세대수":50,
            "입주년차":0,
            "용적률점수":"--",
            "건폐율점수":"--",
            "세대당주차수":0,
            "난방방식":30,
            "공급면적":"--",
            "전용률":"--",
            "욕실수":50,
            "현관타입":100,
            "주거총점":35.5,
            "지역구공급총점":0.0,
            "역세권":"NA",
            "30분내 이동가능 거점":"NA",
            "1시간내 이동가능 거점":"NA",
            "교통총점":"NA",
            "백화점":0,
            "아울렛몰":0,
            "대형마트":0,
            "은행":0,
            "병원":0,
            "종합병원":100,
            "공원":100,
            "혐오시설":0,
            "인프라총점":23.0,
            "초등학군":90.01,
            "중학군":46.24,
            "학군총점":54.994,
            "인구수":29.52,
            "인구증감":-6.36,
            "인구총점":18.756,
            "일자리":17.37,
            "소득수준":55.25,
            "일자리총점":28.734,
            "가치 총점":35.3735,
            "매매실거래년":20220114.0,
            "매매실거래가":10500.0,
            "전세실거래년":20211214.0,
            "전세실거래가":10000.0,
            "전세가율":95.24,
            "장기전세가율평균":77.82,
            "전세가율거품지수":-17.42,
            "검색코드":5152,
            "세대수":524.0,
            "준공년월":"1995-03-30",
            "준공년차":28.0,
            "가까운역이름":"NA",
            "가까운역거리":"NA",
            "역세권여부":"NA",
            "30분이내주요거점역":"NA",
            "30분거점역이름":"NA",
            "1시간이내주요거점역":"NA",
            "1시간거점역이름":"NA",
            "3km이내백화점수":0,
            "5km이내아울렛몰수":0,
            "1km이내대형먀트수":0,
            "500m이내은행수":0,
            "500m이내병원수":0,
            "5km이내대형병원수":2,
            "500m이내공원수":2,
            "3km이내혐오시설수":0,
            "초등학교학업성취도":90.01,
            "중학교학업성취도":76.8,
            "용적률":249,
            "건폐율":23,
            "Y":35.955029,
            "X":126.950429,
            "rank":85.0,
            "area_info":"24평(80.13), 32평(106.14), 49평(163.51)",
            "last_sales":"2022-01-14,10500.0,24평(80.13)",
            "rank_history":[
                [
                    "202202",
                    85
                ],
                [
                    "202201",
                    86
                ]
            ],
            "rank_gap":1
        },
        {
            "index":93,
            "아파트명":"명일",
            "투자타입":"일반",
            "전용면적(m2)":"54.39",
            "전용면적(평)":"16평",
            "법정동주소":"전라북도 익산시 모현동1가 111-1",
            "도로명주소":"전라북도 익산시 배산로24길 64",
            "세대수":0,
            "입주년차":0,
            "용적률점수":"--",
            "건폐율점수":"--",
            "세대당주차수":0,
            "난방방식":30,
            "공급면적":"--",
            "전용률":"--",
            "욕실수":50,
            "현관타입":100,
            "주거총점":18.0,
            "지역구공급총점":0.0,
            "역세권":"NA",
            "30분내 이동가능 거점":"NA",
            "1시간내 이동가능 거점":"NA",
            "교통총점":"NA",
            "백화점":0,
            "아울렛몰":0,
            "대형마트":100,
            "은행":0,
            "병원":10,
            "종합병원":100,
            "공원":0,
            "혐오시설":0,
            "인프라총점":36.0,
            "초등학군":90.01,
            "중학군":46.24,
            "학군총점":54.994,
            "인구수":29.52,
            "인구증감":-6.36,
            "인구총점":18.756,
            "일자리":17.37,
            "소득수준":55.25,
            "일자리총점":28.734,
            "가치 총점":34.4485,
            "매매실거래년":20211106.0,
            "매매실거래가":6800.0,
            "전세실거래년":20171023.0,
            "전세실거래가":3000.0,
            "전세가율":81.08,
            "장기전세가율평균":77.82,
            "전세가율거품지수":-3.26,
            "검색코드":106486,
            "세대수":182.0,
            "준공년월":"1994-08-06",
            "준공년차":29.0,
            "가까운역이름":"NA",
            "가까운역거리":"NA",
            "역세권여부":"NA",
            "30분이내주요거점역":"NA",
            "30분거점역이름":"NA",
            "1시간이내주요거점역":"NA",
            "1시간거점역이름":"NA",
            "3km이내백화점수":0,
            "5km이내아울렛몰수":0,
            "1km이내대형먀트수":2,
            "500m이내은행수":0,
            "500m이내병원수":4,
            "5km이내대형병원수":2,
            "500m이내공원수":0,
            "3km이내혐오시설수":0,
            "초등학교학업성취도":90.01,
            "중학교학업성취도":76.8,
            "용적률":285,
            "건폐율":24,
            "Y":35.950262,
            "X":126.94843,
            "rank":86.0,
            "area_info":"16평(54.39), 24평(81.57)",
            "last_sales":"2021-11-06,6800.0,24평(81.57)",
            "rank_history":[
                [
                    "202202",
                    86
                ],
                [
                    "202201",
                    96
                ]
            ],
            "rank_gap":10
        },
        {
            "index":269,
            "아파트명":"청솔",
            "투자타입":"재건축",
            "전용면적(m2)":"66.15",
            "전용면적(평)":"20평",
            "법정동주소":"전라북도 익산시 신동 142-111",
            "도로명주소":"전라북도 익산시 신동로 142",
            "세대수":0,
            "입주년차":"--",
            "용적률점수":0,
            "건폐율점수":0,
            "세대당주차수":"--",
            "난방방식":"--",
            "공급면적":50,
            "전용률":80,
            "욕실수":"--",
            "현관타입":"--",
            "주거총점":6.5,
            "지역구공급총점":0.0,
            "역세권":"NA",
            "30분내 이동가능 거점":"NA",
            "1시간내 이동가능 거점":"NA",
            "교통총점":"NA",
            "백화점":0,
            "아울렛몰":0,
            "대형마트":100,
            "은행":20,
            "병원":60,
            "종합병원":100,
            "공원":100,
            "혐오시설":0,
            "인프라총점":46.0,
            "초등학군":89.99,
            "중학군":46.2,
            "학군총점":54.958,
            "인구수":29.52,
            "인구증감":-6.36,
            "인구총점":18.756,
            "일자리":17.37,
            "소득수준":55.25,
            "일자리총점":28.734,
            "가치 총점":34.4145,
            "매매실거래년":20220118.0,
            "매매실거래가":9500.0,
            "전세실거래년":20210630.0,
            "전세실거래가":2000.0,
            "전세가율":23.53,
            "장기전세가율평균":77.82,
            "전세가율거품지수":54.29,
            "검색코드":5210,
            "세대수":285.0,
            "준공년월":"1988-11-11",
            "준공년차":35.0,
            "가까운역이름":"NA",
            "가까운역거리":"NA",
            "역세권여부":"NA",
            "30분이내주요거점역":"NA",
            "30분거점역이름":"NA",
            "1시간이내주요거점역":"NA",
            "1시간거점역이름":"NA",
            "3km이내백화점수":0,
            "5km이내아울렛몰수":0,
            "1km이내대형먀트수":2,
            "500m이내은행수":2,
            "500m이내병원수":19,
            "5km이내대형병원수":2,
            "500m이내공원수":7,
            "3km이내혐오시설수":0,
            "초등학교학업성취도":89.99,
            "중학교학업성취도":76.4,
            "용적률":0,
            "건폐율":0,
            "Y":35.958636,
            "X":126.967242,
            "rank":87.0,
            "area_info":"20평(66.15), 22평(75.13)",
            "last_sales":"2022-01-18,9500.0,22평(75.13)",
            "rank_history":[
                [
                    "202202",
                    87
                ],
                [
                    "202201",
                    91
                ]
            ],
            "rank_gap":4
        },
        {
            "index":253,
            "아파트명":"씨즈퍼스트(도시형)",
            "투자타입":"일반",
            "전용면적(m2)":"22.07",
            "전용면적(평)":"6평",
            "법정동주소":"전라북도 익산시 신동 764-4",
            "도로명주소":"전라북도 익산시 익산대로68길 51",
            "세대수":0,
            "입주년차":60,
            "용적률점수":"--",
            "건폐율점수":"--",
            "세대당주차수":0,
            "난방방식":30,
            "공급면적":"--",
            "전용률":"--",
            "욕실수":50,
            "현관타입":100,
            "주거총점":30.0,
            "지역구공급총점":0.0,
            "역세권":"NA",
            "30분내 이동가능 거점":"NA",
            "1시간내 이동가능 거점":"NA",
            "교통총점":"NA",
            "백화점":0,
            "아울렛몰":0,
            "대형마트":0,
            "은행":0,
            "병원":30,
            "종합병원":100,
            "공원":100,
            "혐오시설":0,
            "인프라총점":26.0,
            "초등학군":90.02,
            "중학군":44.98,
            "학군총점":53.988,
            "인구수":29.52,
            "인구증감":-6.36,
            "인구총점":18.756,
            "일자리":17.37,
            "소득수준":55.25,
            "일자리총점":28.734,
            "가치 총점":34.397,
            "매매실거래년":20220108.0,
            "매매실거래가":10950.0,
            "전세실거래년":20210507.0,
            "전세실거래가":7000.0,
            "전세가율":70.0,
            "장기전세가율평균":77.82,
            "전세가율거품지수":7.82,
            "검색코드":106036,
            "세대수":290.0,
            "준공년월":"2013-08-28",
            "준공년차":10.0,
            "가까운역이름":"NA",
            "가까운역거리":"NA",
            "역세권여부":"NA",
            "30분이내주요거점역":"NA",
            "30분거점역이름":"NA",
            "1시간이내주요거점역":"NA",
            "1시간거점역이름":"NA",
            "3km이내백화점수":0,
            "5km이내아울렛몰수":0,
            "1km이내대형먀트수":0,
            "500m이내은행수":0,
            "500m이내병원수":5,
            "5km이내대형병원수":2,
            "500m이내공원수":8,
            "3km이내혐오시설수":0,
            "초등학교학업성취도":90.02,
            "중학교학업성취도":73.9,
            "용적률":229,
            "건폐율":53,
            "Y":35.961944,
            "X":126.959018,
            "rank":88.0,
            "area_info":"6평(22.07), 6평(22.05), 8평(28.02), 8평(29.26), 8평(29.24)",
            "last_sales":"2022-01-08,10950.0,8평(29.24)",
            "rank_history":[
                [
                    "202202",
                    88
                ],
                [
                    "202201",
                    94
                ]
            ],
            "rank_gap":6
        },
        {
            "index":51,
            "아파트명":"우남남부",
            "투자타입":"일반",
            "전용면적(m2)":"85.2",
            "전용면적(평)":"25평",
            "법정동주소":"전라북도 익산시 동산동 609-42",
            "도로명주소":"전라북도 익산시 목천로 346",
            "세대수":0,
            "입주년차":0,
            "용적률점수":"--",
            "건폐율점수":"--",
            "세대당주차수":0,
            "난방방식":30,
            "공급면적":"--",
            "전용률":"--",
            "욕실수":50,
            "현관타입":100,
            "주거총점":18.0,
            "지역구공급총점":0.0,
            "역세권":"NA",
            "30분내 이동가능 거점":"NA",
            "1시간내 이동가능 거점":"NA",
            "교통총점":"NA",
            "백화점":0,
            "아울렛몰":0,
            "대형마트":100,
            "은행":0,
            "병원":30,
            "종합병원":100,
            "공원":100,
            "혐오시설":0,
            "인프라총점":41.0,
            "초등학군":90.0,
            "중학군":35.28,
            "학군총점":46.224,
            "인구수":29.52,
            "인구증감":-6.36,
            "인구총점":18.756,
            "일자리":17.37,
            "소득수준":55.25,
            "일자리총점":28.734,
            "가치 총점":34.256,
            "매매실거래년":20211213.0,
            "매매실거래가":13900.0,
            "전세실거래년":null,
            "전세실거래가":null,
            "전세가율":null,
            "장기전세가율평균":77.82,
            "전세가율거품지수":null,
            "검색코드":5128,
            "세대수":210.0,
            "준공년월":"1994-11-01",
            "준공년차":29.0,
            "가까운역이름":"NA",
            "가까운역거리":"NA",
            "역세권여부":"NA",
            "30분이내주요거점역":"NA",
            "30분거점역이름":"NA",
            "1시간이내주요거점역":"NA",
            "1시간거점역이름":"NA",
            "3km이내백화점수":0,
            "5km이내아울렛몰수":0,
            "1km이내대형먀트수":2,
            "500m이내은행수":0,
            "500m이내병원수":9,
            "5km이내대형병원수":2,
            "500m이내공원수":6,
            "3km이내혐오시설수":0,
            "초등학교학업성취도":90.0,
            "중학교학업성취도":58.8,
            "용적률":375,
            "건폐율":31,
            "Y":35.92628,
            "X":126.95891,
            "rank":89.0,
            "area_info":"25평(85.2), 25평(85.13), 34평(115.44)",
            "last_sales":"2021-12-13,13900.0,34평(115.44)",
            "rank_history":[
                [
                    "202202",
                    89
                ],
                [
                    "202201",
                    90
                ]
            ],
            "rank_gap":1
        },
        {
            "index":386,
            "아파트명":"쌍방울한양",
            "투자타입":"재건축",
            "전용면적(m2)":"92.6",
            "전용면적(평)":"28평",
            "법정동주소":"전라북도 익산시 주현동 202",
            "도로명주소":"전라북도 익산시 주현로 40",
            "세대수":30,
            "입주년차":"--",
            "용적률점수":0,
            "건폐율점수":0,
            "세대당주차수":"--",
            "난방방식":"--",
            "공급면적":70,
            "전용률":80,
            "욕실수":"--",
            "현관타입":"--",
            "주거총점":16.5,
            "지역구공급총점":0.0,
            "역세권":"NA",
            "30분내 이동가능 거점":"NA",
            "1시간내 이동가능 거점":"NA",
            "교통총점":"NA",
            "백화점":0,
            "아울렛몰":0,
            "대형마트":100,
            "은행":0,
            "병원":30,
            "종합병원":100,
            "공원":100,
            "혐오시설":0,
            "인프라총점":41.0,
            "초등학군":89.99,
            "중학군":37.64,
            "학군총점":48.11,
            "인구수":29.52,
            "인구증감":-6.36,
            "인구총점":18.756,
            "일자리":17.37,
            "소득수준":55.25,
            "일자리총점":28.734,
            "가치 총점":34.2025,
            "매매실거래년":20211103.0,
            "매매실거래가":16500.0,
            "전세실거래년":20150630.0,
            "전세실거래가":2500.0,
            "전세가율":25.25,
            "장기전세가율평균":77.82,
            "전세가율거품지수":52.57,
            "검색코드":5270,
            "세대수":304.0,
            "준공년월":"1990-10-27",
            "준공년차":33.0,
            "가까운역이름":"NA",
            "가까운역거리":"NA",
            "역세권여부":"NA",
            "30분이내주요거점역":"NA",
            "30분거점역이름":"NA",
            "1시간이내주요거점역":"NA",
            "1시간거점역이름":"NA",
            "3km이내백화점수":0,
            "5km이내아울렛몰수":0,
            "1km이내대형먀트수":2,
            "500m이내은행수":0,
            "500m이내병원수":9,
            "5km이내대형병원수":2,
            "500m이내공원수":6,
            "3km이내혐오시설수":0,
            "초등학교학업성취도":89.99,
            "중학교학업성취도":61.8,
            "용적률":0,
            "건폐율":0,
            "Y":35.933981,
            "X":126.95729,
            "rank":90.0,
            "area_info":"28평(92.6), 30평(100.44), 31평(103.01), 41평(138.81)",
            "last_sales":"2021-11-03,16500.0,41평(138.81)",
            "rank_history":[
                [
                    "202202",
                    90
                ],
                [
                    "202201",
                    95
                ]
            ],
            "rank_gap":5
        },
        {
            "index":209,
            "아파트명":"삼성",
            "투자타입":"일반",
            "전용면적(m2)":"79.98",
            "전용면적(평)":"24평",
            "법정동주소":"전라북도 익산시 부송동 1038-1",
            "도로명주소":"전라북도 익산시 선화로69길 59",
            "세대수":50,
            "입주년차":0,
            "용적률점수":"--",
            "건폐율점수":"--",
            "세대당주차수":0,
            "난방방식":30,
            "공급면적":"--",
            "전용률":"--",
            "욕실수":50,
            "현관타입":10,
            "주거총점":26.5,
            "지역구공급총점":0.0,
            "역세권":"NA",
            "30분내 이동가능 거점":"NA",
            "1시간내 이동가능 거점":"NA",
            "교통총점":"NA",
            "백화점":0,
            "아울렛몰":0,
            "대형마트":0,
            "은행":0,
            "병원":60,
            "종합병원":100,
            "공원":100,
            "혐오시설":0,
            "인프라총점":29.0,
            "초등학군":90.0,
            "중학군":43.78,
            "학군총점":53.024,
            "인구수":29.52,
            "인구증감":-6.36,
            "인구총점":18.756,
            "일자리":17.37,
            "소득수준":55.25,
            "일자리총점":28.734,
            "가치 총점":34.131,
            "매매실거래년":20220122.0,
            "매매실거래가":10300.0,
            "전세실거래년":20211022.0,
            "전세실거래가":12000.0,
            "전세가율":116.5,
            "장기전세가율평균":77.82,
            "전세가율거품지수":-38.68,
            "검색코드":5187,
            "세대수":555.0,
            "준공년월":"1994-12-15",
            "준공년차":29.0,
            "가까운역이름":"NA",
            "가까운역거리":"NA",
            "역세권여부":"NA",
            "30분이내주요거점역":"NA",
            "30분거점역이름":"NA",
            "1시간이내주요거점역":"NA",
            "1시간거점역이름":"NA",
            "3km이내백화점수":0,
            "5km이내아울렛몰수":0,
            "1km이내대형먀트수":0,
            "500m이내은행수":0,
            "500m이내병원수":14,
            "5km이내대형병원수":2,
            "500m이내공원수":7,
            "3km이내혐오시설수":0,
            "초등학교학업성취도":90.0,
            "중학교학업성취도":71.9,
            "용적률":0,
            "건폐율":0,
            "Y":35.959069,
            "X":126.992745,
            "rank":91.0,
            "area_info":"24평(79.98), 31평(103.88)",
            "last_sales":"2022-01-22,10300.0,24평(79.98)",
            "rank_history":[
                [
                    "202202",
                    91
                ],
                [
                    "202201",
                    68
                ]
            ],
            "rank_gap":-23
        },
        {
            "index":176,
            "아파트명":"동신",
            "투자타입":"일반",
            "전용면적(m2)":"70.62",
            "전용면적(평)":"21평",
            "법정동주소":"전라북도 익산시 부송동 1038",
            "도로명주소":"전라북도 익산시 부송1로 83",
            "세대수":50,
            "입주년차":0,
            "용적률점수":"--",
            "건폐율점수":"--",
            "세대당주차수":0,
            "난방방식":30,
            "공급면적":"--",
            "전용률":"--",
            "욕실수":50,
            "현관타입":10,
            "주거총점":26.5,
            "지역구공급총점":0.0,
            "역세권":"NA",
            "30분내 이동가능 거점":"NA",
            "1시간내 이동가능 거점":"NA",
            "교통총점":"NA",
            "백화점":0,
            "아울렛몰":0,
            "대형마트":0,
            "은행":0,
            "병원":60,
            "종합병원":100,
            "공원":100,
            "혐오시설":0,
            "인프라총점":29.0,
            "초등학군":90.0,
            "중학군":43.78,
            "학군총점":53.024,
            "인구수":29.52,
            "인구증감":-6.36,
            "인구총점":18.756,
            "일자리":17.37,
            "소득수준":55.25,
            "일자리총점":28.734,
            "가치 총점":34.131,
            "매매실거래년":20211104.0,
            "매매실거래가":7300.0,
            "전세실거래년":20211130.0,
            "전세실거래가":9000.0,
            "전세가율":123.29,
            "장기전세가율평균":77.82,
            "전세가율거품지수":-45.47,
            "검색코드":5181,
            "세대수":552.0,
            "준공년월":"1993-10-29",
            "준공년차":30.0,
            "가까운역이름":"NA",
            "가까운역거리":"NA",
            "역세권여부":"NA",
            "30분이내주요거점역":"NA",
            "30분거점역이름":"NA",
            "1시간이내주요거점역":"NA",
            "1시간거점역이름":"NA",
            "3km이내백화점수":0,
            "5km이내아울렛몰수":0,
            "1km이내대형먀트수":0,
            "500m이내은행수":1,
            "500m이내병원수":17,
            "5km이내대형병원수":2,
            "500m이내공원수":6,
            "3km이내혐오시설수":0,
            "초등학교학업성취도":90.0,
            "중학교학업성취도":71.9,
            "용적률":0,
            "건폐율":0,
            "Y":35.95932,
            "X":126.991478,
            "rank":91.0,
            "area_info":"21평(70.62), 28평(92.73), 31평(102.7), 31평(103.34), 31평(103.39)",
            "last_sales":"2021-11-04,7300.0,21평(70.62)",
            "rank_history":[
                [
                    "202202",
                    91
                ],
                [
                    "202201",
                    68
                ]
            ],
            "rank_gap":-23
        },
        {
            "index":226,
            "아파트명":"푸른솔",
            "투자타입":"일반",
            "전용면적(m2)":"70.05",
            "전용면적(평)":"21평",
            "법정동주소":"전라북도 익산시 부송동 1040",
            "도로명주소":"전라북도 익산시 부송로 52",
            "세대수":50,
            "입주년차":0,
            "용적률점수":"--",
            "건폐율점수":"--",
            "세대당주차수":0,
            "난방방식":30,
            "공급면적":"--",
            "전용률":"--",
            "욕실수":50,
            "현관타입":10,
            "주거총점":26.5,
            "지역구공급총점":0.0,
            "역세권":"NA",
            "30분내 이동가능 거점":"NA",
            "1시간내 이동가능 거점":"NA",
            "교통총점":"NA",
            "백화점":0,
            "아울렛몰":0,
            "대형마트":0,
            "은행":0,
            "병원":60,
            "종합병원":100,
            "공원":100,
            "혐오시설":0,
            "인프라총점":29.0,
            "초등학군":90.0,
            "중학군":43.06,
            "학군총점":52.448,
            "인구수":29.52,
            "인구증감":-6.36,
            "인구총점":18.756,
            "일자리":17.37,
            "소득수준":55.25,
            "일자리총점":28.734,
            "가치 총점":33.987,
            "매매실거래년":20220118.0,
            "매매실거래가":7700.0,
            "전세실거래년":20211104.0,
            "전세실거래가":7800.0,
            "전세가율":101.3,
            "장기전세가율평균":77.82,
            "전세가율거품지수":-23.48,
            "검색코드":5190,
            "세대수":496.0,
            "준공년월":"1993-04-10",
            "준공년차":30.0,
            "가까운역이름":"NA",
            "가까운역거리":"NA",
            "역세권여부":"NA",
            "30분이내주요거점역":"NA",
            "30분거점역이름":"NA",
            "1시간이내주요거점역":"NA",
            "1시간거점역이름":"NA",
            "3km이내백화점수":0,
            "5km이내아울렛몰수":0,
            "1km이내대형먀트수":0,
            "500m이내은행수":1,
            "500m이내병원수":14,
            "5km이내대형병원수":2,
            "500m이내공원수":5,
            "3km이내혐오시설수":0,
            "초등학교학업성취도":90.0,
            "중학교학업성취도":71.3,
            "용적률":0,
            "건폐율":0,
            "Y":35.956556,
            "X":126.991879,
            "rank":92.0,
            "area_info":"21평(70.05), 25평(83.94)",
            "last_sales":"2022-01-18,7700.0,21평(70.05)",
            "rank_history":[
                [
                    "202202",
                    92
                ],
                [
                    "202201",
                    67
                ]
            ],
            "rank_gap":-25
        },
        {
            "index":133,
            "아파트명":"제일",
            "투자타입":"재건축",
            "전용면적(m2)":"64.53",
            "전용면적(평)":"19평",
            "법정동주소":"전라북도 익산시 모현동1가 186-35",
            "도로명주소":"전라북도 익산시 선화로10길 10",
            "세대수":0,
            "입주년차":"--",
            "용적률점수":0,
            "건폐율점수":0,
            "세대당주차수":"--",
            "난방방식":"--",
            "공급면적":50,
            "전용률":100,
            "욕실수":"--",
            "현관타입":"--",
            "주거총점":7.5,
            "지역구공급총점":0.0,
            "역세권":"NA",
            "30분내 이동가능 거점":"NA",
            "1시간내 이동가능 거점":"NA",
            "교통총점":"NA",
            "백화점":0,
            "아울렛몰":0,
            "대형마트":100,
            "은행":0,
            "병원":80,
            "종합병원":100,
            "공원":0,
            "혐오시설":0,
            "인프라총점":43.0,
            "초등학군":90.0,
            "중학군":47.5,
            "학군총점":56.0,
            "인구수":29.52,
            "인구증감":-6.36,
            "인구총점":18.756,
            "일자리":17.37,
            "소득수준":55.25,
            "일자리총점":28.734,
            "가치 총점":33.825,
            "매매실거래년":20211215.0,
            "매매실거래가":7100.0,
            "전세실거래년":20170322.0,
            "전세실거래가":5000.0,
            "전세가율":85.47,
            "장기전세가율평균":77.82,
            "전세가율거품지수":-7.65,
            "검색코드":5154,
            "세대수":150.0,
            "준공년월":"1988-11-19",
            "준공년차":35.0,
            "가까운역이름":"NA",
            "가까운역거리":"NA",
            "역세권여부":"NA",
            "30분이내주요거점역":"NA",
            "30분거점역이름":"NA",
            "1시간이내주요거점역":"NA",
            "1시간거점역이름":"NA",
            "3km이내백화점수":0,
            "5km이내아울렛몰수":0,
            "1km이내대형먀트수":3,
            "500m이내은행수":1,
            "500m이내병원수":30,
            "5km이내대형병원수":2,
            "500m이내공원수":0,
            "3km이내혐오시설수":0,
            "초등학교학업성취도":90.0,
            "중학교학업성취도":77.5,
            "용적률":0,
            "건폐율":0,
            "Y":35.947698,
            "X":126.944873,
            "rank":93.0,
            "area_info":"19평(64.53), 19평(65.16)",
            "last_sales":"2021-12-15,7100.0,19평(65.16)",
            "rank_history":[
                [
                    "202202",
                    93
                ],
                [
                    "202201",
                    103
                ]
            ],
            "rank_gap":10
        },
        {
            "index":237,
            "아파트명":"영무예다음",
            "투자타입":"일반",
            "전용면적(m2)":"115.34",
            "전용면적(평)":"34평",
            "법정동주소":"전라북도 익산시 송학동 138-24",
            "도로명주소":"전라북도 익산시 배산로2길 28",
            "세대수":0,
            "입주년차":40,
            "용적률점수":"--",
            "건폐율점수":"--",
            "세대당주차수":30,
            "난방방식":30,
            "공급면적":"--",
            "전용률":"--",
            "욕실수":100,
            "현관타입":100,
            "주거총점":35.5,
            "지역구공급총점":0.0,
            "역세권":"NA",
            "30분내 이동가능 거점":"NA",
            "1시간내 이동가능 거점":"NA",
            "교통총점":"NA",
            "백화점":0,
            "아울렛몰":0,
            "대형마트":0,
            "은행":0,
            "병원":0,
            "종합병원":100,
            "공원":0,
            "혐오시설":0,
            "인프라총점":20.0,
            "초등학군":89.99,
            "중학군":44.44,
            "학군총점":53.55,
            "인구수":29.52,
            "인구증감":-6.36,
            "인구총점":18.756,
            "일자리":17.37,
            "소득수준":55.25,
            "일자리총점":28.734,
            "가치 총점":33.8125,
            "매매실거래년":20211210.0,
            "매매실거래가":20000.0,
            "전세실거래년":20211215.0,
            "전세실거래가":19000.0,
            "전세가율":95.0,
            "장기전세가율평균":77.82,
            "전세가율거품지수":-17.18,
            "검색코드":100816,
            "세대수":170.0,
            "준공년월":"2006-08-24",
            "준공년차":17.0,
            "가까운역이름":"NA",
            "가까운역거리":"NA",
            "역세권여부":"NA",
            "30분이내주요거점역":"NA",
            "30분거점역이름":"NA",
            "1시간이내주요거점역":"NA",
            "1시간거점역이름":"NA",
            "3km이내백화점수":0,
            "5km이내아울렛몰수":0,
            "1km이내대형먀트수":0,
            "500m이내은행수":0,
            "500m이내병원수":0,
            "5km이내대형병원수":2,
            "500m이내공원수":0,
            "3km이내혐오시설수":0,
            "초등학교학업성취도":89.99,
            "중학교학업성취도":73.4,
            "용적률":229,
            "건폐율":18,
            "Y":35.938372,
            "X":126.939012,
            "rank":94.0,
            "area_info":"34평(115.34)",
            "last_sales":"2021-12-10,20000.0,34평(115.34)",
            "rank_history":[
                [
                    "202202",
                    94
                ],
                [
                    "202201",
                    92
                ]
            ],
            "rank_gap":-2
        },
        {
            "index":293,
            "아파트명":"쌍용",
            "투자타입":"재건축",
            "전용면적(m2)":"48.1",
            "전용면적(평)":"14평",
            "법정동주소":"전라북도 익산시 어양동 606-1",
            "도로명주소":"전라북도 익산시 하나로 357",
            "세대수":80,
            "입주년차":"--",
            "용적률점수":0,
            "건폐율점수":0,
            "세대당주차수":"--",
            "난방방식":"--",
            "공급면적":50,
            "전용률":80,
            "욕실수":"--",
            "현관타입":"--",
            "주거총점":30.5,
            "지역구공급총점":0.0,
            "역세권":"NA",
            "30분내 이동가능 거점":"NA",
            "1시간내 이동가능 거점":"NA",
            "교통총점":"NA",
            "백화점":0,
            "아울렛몰":0,
            "대형마트":0,
            "은행":0,
            "병원":30,
            "종합병원":100,
            "공원":100,
            "혐오시설":-50,
            "인프라총점":25.0,
            "초등학군":90.0,
            "중학군":43.06,
            "학군총점":52.448,
            "인구수":29.52,
            "인구증감":-6.36,
            "인구총점":18.756,
            "일자리":17.37,
            "소득수준":55.25,
            "일자리총점":28.734,
            "가치 총점":33.787,
            "매매실거래년":20220108.0,
            "매매실거래가":8500.0,
            "전세실거래년":20210331.0,
            "전세실거래가":3000.0,
            "전세가율":35.29,
            "장기전세가율평균":77.82,
            "전세가율거품지수":42.53,
            "검색코드":5211,
            "세대수":810.0,
            "준공년월":"1988-11-11",
            "준공년차":35.0,
            "가까운역이름":"NA",
            "가까운역거리":"NA",
            "역세권여부":"NA",
            "30분이내주요거점역":"NA",
            "30분거점역이름":"NA",
            "1시간이내주요거점역":"NA",
            "1시간거점역이름":"NA",
            "3km이내백화점수":0,
            "5km이내아울렛몰수":0,
            "1km이내대형먀트수":0,
            "500m이내은행수":0,
            "500m이내병원수":5,
            "5km이내대형병원수":2,
            "500m이내공원수":8,
            "3km이내혐오시설수":1,
            "초등학교학업성취도":90.0,
            "중학교학업성취도":71.3,
            "용적률":0,
            "건폐율":0,
            "Y":35.952753,
            "X":126.982339,
            "rank":95.0,
            "area_info":"14평(48.1), 14평(49.18), 16평(54.95), 16평(55.57), 19평(65.4)",
            "last_sales":"2022-01-08,8500.0,14평(48.1)",
            "rank_history":[
                [
                    "202202",
                    95
                ],
                [
                    "202201",
                    99
                ]
            ],
            "rank_gap":4
        },
        {
            "index":54,
            "아파트명":"우성",
            "투자타입":"재건축",
            "전용면적(m2)":"90.19",
            "전용면적(평)":"27평",
            "법정동주소":"전라북도 익산시 동산동 617-5",
            "도로명주소":"전라북도 익산시 서동로2길 48",
            "세대수":30,
            "입주년차":"--",
            "용적률점수":0,
            "건폐율점수":0,
            "세대당주차수":"--",
            "난방방식":"--",
            "공급면적":70,
            "전용률":80,
            "욕실수":"--",
            "현관타입":"--",
            "주거총점":16.5,
            "지역구공급총점":0.0,
            "역세권":"NA",
            "30분내 이동가능 거점":"NA",
            "1시간내 이동가능 거점":"NA",
            "교통총점":"NA",
            "백화점":0,
            "아울렛몰":0,
            "대형마트":100,
            "은행":0,
            "병원":30,
            "종합병원":100,
            "공원":100,
            "혐오시설":0,
            "인프라총점":41.0,
            "초등학군":90.0,
            "중학군":35.28,
            "학군총점":46.224,
            "인구수":29.52,
            "인구증감":-6.36,
            "인구총점":18.756,
            "일자리":17.37,
            "소득수준":55.25,
            "일자리총점":28.734,
            "가치 총점":33.731,
            "매매실거래년":20211220.0,
            "매매실거래가":14800.0,
            "전세실거래년":20150722.0,
            "전세실거래가":7000.0,
            "전세가율":52.24,
            "장기전세가율평균":77.82,
            "전세가율거품지수":25.58,
            "검색코드":5129,
            "세대수":358.0,
            "준공년월":"1990-05-16",
            "준공년차":33.0,
            "가까운역이름":"NA",
            "가까운역거리":"NA",
            "역세권여부":"NA",
            "30분이내주요거점역":"NA",
            "30분거점역이름":"NA",
            "1시간이내주요거점역":"NA",
            "1시간거점역이름":"NA",
            "3km이내백화점수":0,
            "5km이내아울렛몰수":0,
            "1km이내대형먀트수":2,
            "500m이내은행수":0,
            "500m이내병원수":9,
            "5km이내대형병원수":2,
            "500m이내공원수":6,
            "3km이내혐오시설수":0,
            "초등학교학업성취도":90.0,
            "중학교학업성취도":58.8,
            "용적률":0,
            "건폐율":0,
            "Y":35.92736,
            "X":126.960779,
            "rank":96.0,
            "area_info":"27평(90.19), 31평(102.66), 44평(146.78)",
            "last_sales":"2021-12-20,14800.0,31평(102.66)",
            "rank_history":[
                [
                    "202202",
                    96
                ],
                [
                    "202201",
                    93
                ]
            ],
            "rank_gap":-3
        },
        {
            "index":104,
            "아파트명":"모현제일고층",
            "투자타입":"재건축",
            "전용면적(m2)":"89.26",
            "전용면적(평)":"27평",
            "법정동주소":"전라북도 익산시 모현동1가 227-3",
            "도로명주소":"전라북도 익산시 고현로14길 16",
            "세대수":0,
            "입주년차":"--",
            "용적률점수":0,
            "건폐율점수":0,
            "세대당주차수":"--",
            "난방방식":"--",
            "공급면적":70,
            "전용률":60,
            "욕실수":"--",
            "현관타입":"--",
            "주거총점":6.5,
            "지역구공급총점":0.0,
            "역세권":"NA",
            "30분내 이동가능 거점":"NA",
            "1시간내 이동가능 거점":"NA",
            "교통총점":"NA",
            "백화점":0,
            "아울렛몰":0,
            "대형마트":100,
            "은행":0,
            "병원":80,
            "종합병원":100,
            "공원":0,
            "혐오시설":0,
            "인프라총점":43.0,
            "초등학군":90.0,
            "중학군":47.5,
            "학군총점":56.0,
            "인구수":29.52,
            "인구증감":-6.36,
            "인구총점":18.756,
            "일자리":17.37,
            "소득수준":55.25,
            "일자리총점":28.734,
            "가치 총점":33.475,
            "매매실거래년":20220103.0,
            "매매실거래가":12700.0,
            "전세실거래년":20200226.0,
            "전세실거래가":8500.0,
            "전세가율":80.95,
            "장기전세가율평균":77.82,
            "전세가율거품지수":-3.13,
            "검색코드":5158,
            "세대수":157.0,
            "준공년월":"1991-11-02",
            "준공년차":32.0,
            "가까운역이름":"NA",
            "가까운역거리":"NA",
            "역세권여부":"NA",
            "30분이내주요거점역":"NA",
            "30분거점역이름":"NA",
            "1시간이내주요거점역":"NA",
            "1시간거점역이름":"NA",
            "3km이내백화점수":0,
            "5km이내아울렛몰수":0,
            "1km이내대형먀트수":3,
            "500m이내은행수":1,
            "500m이내병원수":32,
            "5km이내대형병원수":2,
            "500m이내공원수":0,
            "3km이내혐오시설수":0,
            "초등학교학업성취도":90.0,
            "중학교학업성취도":77.5,
            "용적률":0,
            "건폐율":0,
            "Y":35.943949,
            "X":126.944856,
            "rank":97.0,
            "area_info":"27평(89.26), 31평(103.66), 35평(116.34)",
            "last_sales":"2022-01-03,12700.0,31평(103.66)",
            "rank_history":[
                [
                    "202202",
                    97
                ],
                [
                    "202201",
                    106
                ]
            ],
            "rank_gap":9
        },
        {
            "index":258,
            "아파트명":"에스타큐브(도시형)",
            "투자타입":"일반",
            "전용면적(m2)":"23.69",
            "전용면적(평)":"7평",
            "법정동주소":"전라북도 익산시 신동 789-7",
            "도로명주소":"전라북도 익산시 익산대로54길 90",
            "세대수":0,
            "입주년차":100,
            "용적률점수":"--",
            "건폐율점수":"--",
            "세대당주차수":0,
            "난방방식":30,
            "공급면적":"--",
            "전용률":"--",
            "욕실수":50,
            "현관타입":10,
            "주거총점":29.0,
            "지역구공급총점":0.0,
            "역세권":"NA",
            "30분내 이동가능 거점":"NA",
            "1시간내 이동가능 거점":"NA",
            "교통총점":"NA",
            "백화점":0,
            "아울렛몰":0,
            "대형마트":0,
            "은행":0,
            "병원":10,
            "종합병원":100,
            "공원":100,
            "혐오시설":0,
            "인프라총점":24.0,
            "초등학군":90.02,
            "중학군":44.98,
            "학군총점":53.988,
            "인구수":29.52,
            "인구증감":-6.36,
            "인구총점":18.756,
            "일자리":17.37,
            "소득수준":55.25,
            "일자리총점":28.734,
            "가치 총점":33.247,
            "매매실거래년":"18000101",
            "매매실거래가":null,
            "전세실거래년":null,
            "전세실거래가":null,
            "전세가율":null,
            "장기전세가율평균":77.82,
            "전세가율거품지수":null,
            "검색코드":142158,
            "세대수":147.0,
            "준공년월":"2021-05-24",
            "준공년차":2.0,
            "가까운역이름":"NA",
            "가까운역거리":"NA",
            "역세권여부":"NA",
            "30분이내주요거점역":"NA",
            "30분거점역이름":"NA",
            "1시간이내주요거점역":"NA",
            "1시간거점역이름":"NA",
            "3km이내백화점수":0,
            "5km이내아울렛몰수":0,
            "1km이내대형먀트수":0,
            "500m이내은행수":0,
            "500m이내병원수":3,
            "5km이내대형병원수":2,
            "500m이내공원수":7,
            "3km이내혐오시설수":0,
            "초등학교학업성취도":90.02,
            "중학교학업성취도":73.9,
            "용적률":249,
            "건폐율":51,
            "Y":35.96248,
            "X":126.95797,
            "rank":98.0,
            "area_info":"7평(23.69), 6평(23.03), 10평(34.0)",
            "last_sales":"1800-01-01,nan,7평(23.69)",
            "rank_history":[
                [
                    "202202",
                    98
                ],
                [
                    "202201",
                    97
                ]
            ],
            "rank_gap":-1
        },
        {
            "index":18,
            "아파트명":"남중이화",
            "투자타입":"일반",
            "전용면적(m2)":"77.89",
            "전용면적(평)":"23평",
            "법정동주소":"전라북도 익산시 남중동 455-5",
            "도로명주소":"전라북도 익산시 익산대로 255",
            "세대수":0,
            "입주년차":0,
            "용적률점수":"--",
            "건폐율점수":"--",
            "세대당주차수":0,
            "난방방식":80,
            "공급면적":"--",
            "전용률":"--",
            "욕실수":50,
            "현관타입":10,
            "주거총점":14.0,
            "지역구공급총점":0.0,
            "역세권":"NA",
            "30분내 이동가능 거점":"NA",
            "1시간내 이동가능 거점":"NA",
            "교통총점":"NA",
            "백화점":0,
            "아울렛몰":0,
            "대형마트":100,
            "은행":0,
            "병원":10,
            "종합병원":100,
            "공원":0,
            "혐오시설":0,
            "인프라총점":36.0,
            "초등학군":90.0,
            "중학군":46.24,
            "학군총점":54.992,
            "인구수":29.52,
            "인구증감":-6.36,
            "인구총점":18.756,
            "일자리":17.37,
            "소득수준":55.25,
            "일자리총점":28.734,
            "가치 총점":33.048,
            "매매실거래년":20211227.0,
            "매매실거래가":7000.0,
            "전세실거래년":20210401.0,
            "전세실거래가":5000.0,
            "전세가율":71.43,
            "장기전세가율평균":77.82,
            "전세가율거품지수":6.39,
            "검색코드":5118,
            "세대수":170.0,
            "준공년월":"1993-02-24",
            "준공년차":30.0,
            "가까운역이름":"NA",
            "가까운역거리":"NA",
            "역세권여부":"NA",
            "30분이내주요거점역":"NA",
            "30분거점역이름":"NA",
            "1시간이내주요거점역":"NA",
            "1시간거점역이름":"NA",
            "3km이내백화점수":0,
            "5km이내아울렛몰수":0,
            "1km이내대형먀트수":2,
            "500m이내은행수":0,
            "500m이내병원수":2,
            "5km이내대형병원수":2,
            "500m이내공원수":0,
            "3km이내혐오시설수":0,
            "초등학교학업성취도":90.0,
            "중학교학업성취도":76.8,
            "용적률":0,
            "건폐율":0,
            "Y":35.94884,
            "X":126.95002,
            "rank":99.0,
            "area_info":"23평(77.89)",
            "last_sales":"2021-12-27,7000.0,23평(77.89)",
            "rank_history":[
                [
                    "202202",
                    99
                ],
                [
                    "202201",
                    107
                ]
            ],
            "rank_gap":8
        },
        {
            "index":0,
            "아파트명":"골드리버파크",
            "투자타입":"일반",
            "전용면적(m2)":"56.2",
            "전용면적(평)":"17평",
            "법정동주소":"전라북도 익산시 금강동 428",
            "도로명주소":"전라북도 익산시 약촌로 25",
            "세대수":0,
            "입주년차":60,
            "용적률점수":"--",
            "건폐율점수":"--",
            "세대당주차수":30,
            "난방방식":30,
            "공급면적":"--",
            "전용률":"--",
            "욕실수":50,
            "현관타입":100,
            "주거총점":34.5,
            "지역구공급총점":0.0,
            "역세권":"NA",
            "30분내 이동가능 거점":"NA",
            "1시간내 이동가능 거점":"NA",
            "교통총점":"NA",
            "백화점":0,
            "아울렛몰":0,
            "대형마트":0,
            "은행":0,
            "병원":0,
            "종합병원":100,
            "공원":100,
            "혐오시설":0,
            "인프라총점":23.0,
            "초등학군":90.03,
            "중학군":35.28,
            "학군총점":46.23,
            "인구수":29.52,
            "인구증감":-6.36,
            "인구총점":18.756,
            "일자리":17.37,
            "소득수준":55.25,
            "일자리총점":28.734,
            "가치 총점":32.8325,
            "매매실거래년":20210927.0,
            "매매실거래가":12400.0,
            "전세실거래년":null,
            "전세실거래가":null,
            "전세가율":null,
            "장기전세가율평균":77.82,
            "전세가율거품지수":null,
            "검색코드":108809,
            "세대수":277.0,
            "준공년월":"2011-07-27",
            "준공년차":12.0,
            "가까운역이름":"NA",
            "가까운역거리":"NA",
            "역세권여부":"NA",
            "30분이내주요거점역":"NA",
            "30분거점역이름":"NA",
            "1시간이내주요거점역":"NA",
            "1시간거점역이름":"NA",
            "3km이내백화점수":0,
            "5km이내아울렛몰수":0,
            "1km이내대형먀트수":0,
            "500m이내은행수":0,
            "500m이내병원수":0,
            "5km이내대형병원수":2,
            "500m이내공원수":2,
            "3km이내혐오시설수":0,
            "초등학교학업성취도":90.03,
            "중학교학업성취도":58.8,
            "용적률":0,
            "건폐율":0,
            "Y":35.936397,
            "X":126.978337,
            "rank":100.0,
            "area_info":"17평(56.2), 18평(61.04), 19평(65.95), 24평(82.42), 33평(109.87), 36평(121.19), 39평(129.45)",
            "last_sales":"2021-09-27,12400.0,36평(121.19)",
            "rank_history":[
                [
                    "202202",
                    100
                ],
                [
                    "202201",
                    98
                ]
            ],
            "rank_gap":-2
        },
        {
            "index":7,
            "아파트명":"대신쉐르빌",
            "투자타입":"일반",
            "전용면적(m2)":"46.23",
            "전용면적(평)":"13평",
            "법정동주소":"전라북도 익산시 금강동 364-1",
            "도로명주소":"전라북도 익산시 약촌로 31",
            "세대수":50,
            "입주년차":20,
            "용적률점수":"--",
            "건폐율점수":"--",
            "세대당주차수":0,
            "난방방식":30,
            "공급면적":"--",
            "전용률":"--",
            "욕실수":50,
            "현관타입":50,
            "주거총점":34.5,
            "지역구공급총점":0.0,
            "역세권":"NA",
            "30분내 이동가능 거점":"NA",
            "1시간내 이동가능 거점":"NA",
            "교통총점":"NA",
            "백화점":0,
            "아울렛몰":0,
            "대형마트":0,
            "은행":0,
            "병원":0,
            "종합병원":100,
            "공원":100,
            "혐오시설":0,
            "인프라총점":23.0,
            "초등학군":90.03,
            "중학군":35.28,
            "학군총점":46.23,
            "인구수":29.52,
            "인구증감":-6.36,
            "인구총점":18.756,
            "일자리":17.37,
            "소득수준":55.25,
            "일자리총점":28.734,
            "가치 총점":32.8325,
            "매매실거래년":20220102.0,
            "매매실거래가":3000.0,
            "전세실거래년":20211201.0,
            "전세실거래가":5000.0,
            "전세가율":166.67,
            "장기전세가율평균":77.82,
            "전세가율거품지수":-88.85,
            "검색코드":106485,
            "세대수":418.0,
            "준공년월":"2001-08-09",
            "준공년차":22.0,
            "가까운역이름":"NA",
            "가까운역거리":"NA",
            "역세권여부":"NA",
            "30분이내주요거점역":"NA",
            "30분거점역이름":"NA",
            "1시간이내주요거점역":"NA",
            "1시간거점역이름":"NA",
            "3km이내백화점수":0,
            "5km이내아울렛몰수":0,
            "1km이내대형먀트수":0,
            "500m이내은행수":0,
            "500m이내병원수":0,
            "5km이내대형병원수":2,
            "500m이내공원수":2,
            "3km이내혐오시설수":0,
            "초등학교학업성취도":90.03,
            "중학교학업성취도":58.8,
            "용적률":0,
            "건폐율":26,
            "Y":35.937071,
            "X":126.97814,
            "rank":100.0,
            "area_info":"13평(46.23)",
            "last_sales":"2022-01-02,3000.0,13평(46.23)",
            "rank_history":[
                [
                    "202202",
                    100
                ],
                [
                    "202201",
                    98
                ]
            ],
            "rank_gap":-2
        },
        {
            "index":26,
            "아파트명":"동산라인",
            "투자타입":"일반",
            "전용면적(m2)":"58.1",
            "전용면적(평)":"17평",
            "법정동주소":"전라북도 익산시 동산동 138",
            "도로명주소":"전라북도 익산시 동천로 81-14",
            "세대수":50,
            "입주년차":0,
            "용적률점수":"--",
            "건폐율점수":"--",
            "세대당주차수":0,
            "난방방식":30,
            "공급면적":"--",
            "전용률":"--",
            "욕실수":50,
            "현관타입":100,
            "주거총점":35.5,
            "지역구공급총점":0.0,
            "역세권":"NA",
            "30분내 이동가능 거점":"NA",
            "1시간내 이동가능 거점":"NA",
            "교통총점":"NA",
            "백화점":0,
            "아울렛몰":0,
            "대형마트":0,
            "은행":0,
            "병원":10,
            "종합병원":100,
            "공원":0,
            "혐오시설":0,
            "인프라총점":21.0,
            "초등학군":90.01,
            "중학군":35.28,
            "학군총점":46.226,
            "인구수":29.52,
            "인구증감":-6.36,
            "인구총점":18.756,
            "일자리":17.37,
            "소득수준":55.25,
            "일자리총점":28.734,
            "가치 총점":32.3815,
            "매매실거래년":20220108.0,
            "매매실거래가":9200.0,
            "전세실거래년":20180502.0,
            "전세실거래가":5000.0,
            "전세가율":85.47,
            "장기전세가율평균":77.82,
            "전세가율거품지수":-7.65,
            "검색코드":101161,
            "세대수":418.0,
            "준공년월":"1997-07-31",
            "준공년차":26.0,
            "가까운역이름":"NA",
            "가까운역거리":"NA",
            "역세권여부":"NA",
            "30분이내주요거점역":"NA",
            "30분거점역이름":"NA",
            "1시간이내주요거점역":"NA",
            "1시간거점역이름":"NA",
            "3km이내백화점수":0,
            "5km이내아울렛몰수":0,
            "1km이내대형먀트수":0,
            "500m이내은행수":0,
            "500m이내병원수":2,
            "5km이내대형병원수":2,
            "500m이내공원수":0,
            "3km이내혐오시설수":0,
            "초등학교학업성취도":90.01,
            "중학교학업성취도":58.8,
            "용적률":250,
            "건폐율":27,
            "Y":35.930402,
            "X":126.971577,
            "rank":101.0,
            "area_info":"17평(58.1), 23평(77.71)",
            "last_sales":"2022-01-08,9200.0,23평(77.71)",
            "rank_history":[
                [
                    "202202",
                    101
                ],
                [
                    "202201",
                    102
                ]
            ],
            "rank_gap":1
        },
        {
            "index":42,
            "아파트명":"삼호1차",
            "투자타입":"재건축",
            "전용면적(m2)":"89.92",
            "전용면적(평)":"27평",
            "법정동주소":"전라북도 익산시 동산동 158-15",
            "도로명주소":"전라북도 익산시 동천로7길 29",
            "세대수":0,
            "입주년차":"--",
            "용적률점수":20,
            "건폐율점수":80,
            "세대당주차수":"--",
            "난방방식":"--",
            "공급면적":70,
            "전용률":80,
            "욕실수":"--",
            "현관타입":"--",
            "주거총점":31.5,
            "지역구공급총점":0.0,
            "역세권":"NA",
            "30분내 이동가능 거점":"NA",
            "1시간내 이동가능 거점":"NA",
            "교통총점":"NA",
            "백화점":0,
            "아울렛몰":0,
            "대형마트":0,
            "은행":0,
            "병원":10,
            "종합병원":100,
            "공원":100,
            "혐오시설":0,
            "인프라총점":24.0,
            "초등학군":90.01,
            "중학군":35.28,
            "학군총점":46.226,
            "인구수":29.52,
            "인구증감":-6.36,
            "인구총점":18.756,
            "일자리":17.37,
            "소득수준":55.25,
            "일자리총점":28.734,
            "가치 총점":32.1815,
            "매매실거래년":20220119.0,
            "매매실거래가":10500.0,
            "전세실거래년":20200609.0,
            "전세실거래가":8000.0,
            "전세가율":76.19,
            "장기전세가율평균":77.82,
            "전세가율거품지수":1.63,
            "검색코드":5125,
            "세대수":248.0,
            "준공년월":"1991-11-30",
            "준공년차":32.0,
            "가까운역이름":"NA",
            "가까운역거리":"NA",
            "역세권여부":"NA",
            "30분이내주요거점역":"NA",
            "30분거점역이름":"NA",
            "1시간이내주요거점역":"NA",
            "1시간거점역이름":"NA",
            "3km이내백화점수":0,
            "5km이내아울렛몰수":0,
            "1km이내대형먀트수":0,
            "500m이내은행수":0,
            "500m이내병원수":3,
            "5km이내대형병원수":2,
            "500m이내공원수":4,
            "3km이내혐오시설수":0,
            "초등학교학업성취도":90.01,
            "중학교학업성취도":58.8,
            "용적률":201,
            "건폐율":20,
            "Y":35.931228,
            "X":126.969383,
            "rank":102.0,
            "area_info":"27평(89.92), 30평(101.55)",
            "last_sales":"2022-01-19,10500.0,27평(89.92)",
            "rank_history":[
                [
                    "202202",
                    102
                ],
                [
                    "202201",
                    100
                ]
            ],
            "rank_gap":-2
        },
        {
            "index":63,
            "아파트명":"제일",
            "투자타입":"재건축",
            "전용면적(m2)":"102.51",
            "전용면적(평)":"31평",
            "법정동주소":"전라북도 익산시 동산동 1053-1",
            "도로명주소":"전라북도 익산시 서동로18길 46-1",
            "세대수":0,
            "입주년차":"--",
            "용적률점수":0,
            "건폐율점수":0,
            "세대당주차수":"--",
            "난방방식":"--",
            "공급면적":90,
            "전용률":80,
            "욕실수":"--",
            "현관타입":"--",
            "주거총점":8.5,
            "지역구공급총점":0.0,
            "역세권":"NA",
            "30분내 이동가능 거점":"NA",
            "1시간내 이동가능 거점":"NA",
            "교통총점":"NA",
            "백화점":0,
            "아울렛몰":0,
            "대형마트":100,
            "은행":0,
            "병원":60,
            "종합병원":100,
            "공원":100,
            "혐오시설":0,
            "인프라총점":44.0,
            "초등학군":89.99,
            "중학군":35.28,
            "학군총점":46.222,
            "인구수":29.52,
            "인구증감":-6.36,
            "인구총점":18.756,
            "일자리":17.37,
            "소득수준":55.25,
            "일자리총점":28.734,
            "가치 총점":32.1305,
            "매매실거래년":20220114.0,
            "매매실거래가":11500.0,
            "전세실거래년":null,
            "전세실거래가":null,
            "전세가율":null,
            "장기전세가율평균":77.82,
            "전세가율거품지수":null,
            "검색코드":5131,
            "세대수":297.0,
            "준공년월":"1992-10-09",
            "준공년차":31.0,
            "가까운역이름":"NA",
            "가까운역거리":"NA",
            "역세권여부":"NA",
            "30분이내주요거점역":"NA",
            "30분거점역이름":"NA",
            "1시간이내주요거점역":"NA",
            "1시간거점역이름":"NA",
            "3km이내백화점수":0,
            "5km이내아울렛몰수":0,
            "1km이내대형먀트수":2,
            "500m이내은행수":1,
            "500m이내병원수":16,
            "5km이내대형병원수":2,
            "500m이내공원수":12,
            "3km이내혐오시설수":0,
            "초등학교학업성취도":89.99,
            "중학교학업성취도":58.8,
            "용적률":0,
            "건폐율":0,
            "Y":35.933549,
            "X":126.963624,
            "rank":103.0,
            "area_info":"31평(102.51), 31평(103.06), 31평(103.37), 31평(103.27), 31평(103.36)",
            "last_sales":"2022-01-14,11500.0,31평(103.06)",
            "rank_history":[
                [
                    "202202",
                    103
                ],
                [
                    "202201",
                    101
                ]
            ],
            "rank_gap":-2
        },
        {
            "index":92,
            "아파트명":"고려",
            "투자타입":"일반",
            "전용면적(m2)":"83.97",
            "전용면적(평)":"25평",
            "법정동주소":"전라북도 익산시 모현동1가 142-2",
            "도로명주소":"전라북도 익산시 선화로21길 32-100",
            "세대수":0,
            "입주년차":0,
            "용적률점수":"--",
            "건폐율점수":"--",
            "세대당주차수":0,
            "난방방식":30,
            "공급면적":"--",
            "전용률":"--",
            "욕실수":50,
            "현관타입":10,
            "주거총점":9.0,
            "지역구공급총점":0.0,
            "역세권":"NA",
            "30분내 이동가능 거점":"NA",
            "1시간내 이동가능 거점":"NA",
            "교통총점":"NA",
            "백화점":0,
            "아울렛몰":0,
            "대형마트":100,
            "은행":0,
            "병원":30,
            "종합병원":100,
            "공원":0,
            "혐오시설":0,
            "인프라총점":38.0,
            "초등학군":90.01,
            "중학군":46.24,
            "학군총점":54.994,
            "인구수":29.52,
            "인구증감":-6.36,
            "인구총점":18.756,
            "일자리":17.37,
            "소득수준":55.25,
            "일자리총점":28.734,
            "가치 총점":32.0985,
            "매매실거래년":20220123.0,
            "매매실거래가":7000.0,
            "전세실거래년":20210820.0,
            "전세실거래가":4000.0,
            "전세가율":57.14,
            "장기전세가율평균":77.82,
            "전세가율거품지수":20.68,
            "검색코드":5147,
            "세대수":124.0,
            "준공년월":"1994-02-14",
            "준공년차":29.0,
            "가까운역이름":"NA",
            "가까운역거리":"NA",
            "역세권여부":"NA",
            "30분이내주요거점역":"NA",
            "30분거점역이름":"NA",
            "1시간이내주요거점역":"NA",
            "1시간거점역이름":"NA",
            "3km이내백화점수":0,
            "5km이내아울렛몰수":0,
            "1km이내대형먀트수":2,
            "500m이내은행수":0,
            "500m이내병원수":6,
            "5km이내대형병원수":2,
            "500m이내공원수":0,
            "3km이내혐오시설수":0,
            "초등학교학업성취도":90.01,
            "중학교학업성취도":76.8,
            "용적률":252,
            "건폐율":26,
            "Y":35.95152,
            "X":126.94624,
            "rank":104.0,
            "area_info":"25평(83.97)",
            "last_sales":"2022-01-23,7000.0,25평(83.97)",
            "rank_history":[
                [
                    "202202",
                    104
                ],
                [
                    "202201",
                    115
                ]
            ],
            "rank_gap":11
        },
        {
            "index":214,
            "아파트명":"우미",
            "투자타입":"재건축",
            "전용면적(m2)":"67.75",
            "전용면적(평)":"20평",
            "법정동주소":"전라북도 익산시 부송동 1040-1",
            "도로명주소":"전라북도 익산시 선화로69길 45",
            "세대수":50,
            "입주년차":"--",
            "용적률점수":0,
            "건폐율점수":0,
            "세대당주차수":"--",
            "난방방식":"--",
            "공급면적":50,
            "전용률":60,
            "욕실수":"--",
            "현관타입":"--",
            "주거총점":20.5,
            "지역구공급총점":0.0,
            "역세권":"NA",
            "30분내 이동가능 거점":"NA",
            "1시간내 이동가능 거점":"NA",
            "교통총점":"NA",
            "백화점":0,
            "아울렛몰":0,
            "대형마트":0,
            "은행":0,
            "병원":60,
            "종합병원":100,
            "공원":100,
            "혐오시설":0,
            "인프라총점":29.0,
            "초등학군":90.0,
            "중학군":43.78,
            "학군총점":53.024,
            "인구수":29.52,
            "인구증감":-6.36,
            "인구총점":18.756,
            "일자리":17.37,
            "소득수준":55.25,
            "일자리총점":28.734,
            "가치 총점":32.031,
            "매매실거래년":20220123.0,
            "매매실거래가":6000.0,
            "전세실거래년":20220124.0,
            "전세실거래가":7200.0,
            "전세가율":120.0,
            "장기전세가율평균":77.82,
            "전세가율거품지수":-42.18,
            "검색코드":5192,
            "세대수":648.0,
            "준공년월":"1992-12-22",
            "준공년차":31.0,
            "가까운역이름":"NA",
            "가까운역거리":"NA",
            "역세권여부":"NA",
            "30분이내주요거점역":"NA",
            "30분거점역이름":"NA",
            "1시간이내주요거점역":"NA",
            "1시간거점역이름":"NA",
            "3km이내백화점수":0,
            "5km이내아울렛몰수":0,
            "1km이내대형먀트수":0,
            "500m이내은행수":0,
            "500m이내병원수":12,
            "5km이내대형병원수":2,
            "500m이내공원수":7,
            "3km이내혐오시설수":0,
            "초등학교학업성취도":90.0,
            "중학교학업성취도":71.9,
            "용적률":0,
            "건폐율":0,
            "Y":35.95722,
            "X":126.99322,
            "rank":105.0,
            "area_info":"20평(67.75)",
            "last_sales":"2022-01-23,6000.0,20평(67.75)",
            "rank_history":[
                [
                    "202202",
                    105
                ],
                [
                    "202201",
                    78
                ]
            ],
            "rank_gap":-27
        },
        {
            "index":112,
            "아파트명":"배산제일2차",
            "투자타입":"일반",
            "전용면적(m2)":"82.19",
            "전용면적(평)":"24평",
            "법정동주소":"전라북도 익산시 모현동1가 48-4",
            "도로명주소":"전라북도 익산시 선화로19길 28",
            "세대수":0,
            "입주년차":0,
            "용적률점수":"--",
            "건폐율점수":"--",
            "세대당주차수":0,
            "난방방식":30,
            "공급면적":"--",
            "전용률":"--",
            "욕실수":50,
            "현관타입":10,
            "주거총점":9.0,
            "지역구공급총점":0.0,
            "역세권":"NA",
            "30분내 이동가능 거점":"NA",
            "1시간내 이동가능 거점":"NA",
            "교통총점":"NA",
            "백화점":0,
            "아울렛몰":0,
            "대형마트":100,
            "은행":0,
            "병원":0,
            "종합병원":100,
            "공원":80,
            "혐오시설":0,
            "인프라총점":37.4,
            "초등학군":90.01,
            "중학군":46.24,
            "학군총점":54.994,
            "인구수":29.52,
            "인구증감":-6.36,
            "인구총점":18.756,
            "일자리":17.37,
            "소득수준":55.25,
            "일자리총점":28.734,
            "가치 총점":31.8585,
            "매매실거래년":20220119.0,
            "매매실거래가":9800.0,
            "전세실거래년":20200813.0,
            "전세실거래가":8000.0,
            "전세가율":81.63,
            "장기전세가율평균":77.82,
            "전세가율거품지수":-3.81,
            "검색코드":17083,
            "세대수":279.0,
            "준공년월":"1996-12-28",
            "준공년차":27.0,
            "가까운역이름":"NA",
            "가까운역거리":"NA",
            "역세권여부":"NA",
            "30분이내주요거점역":"NA",
            "30분거점역이름":"NA",
            "1시간이내주요거점역":"NA",
            "1시간거점역이름":"NA",
            "3km이내백화점수":0,
            "5km이내아울렛몰수":0,
            "1km이내대형먀트수":2,
            "500m이내은행수":0,
            "500m이내병원수":0,
            "5km이내대형병원수":2,
            "500m이내공원수":1,
            "3km이내혐오시설수":0,
            "초등학교학업성취도":90.01,
            "중학교학업성취도":76.8,
            "용적률":250,
            "건폐율":27,
            "Y":35.953825,
            "X":126.946743,
            "rank":106.0,
            "area_info":"24평(82.19), 24평(82.19)",
            "last_sales":"2022-01-19,9800.0,24평(82.19)",
            "rank_history":[
                [
                    "202202",
                    106
                ],
                [
                    "202201",
                    111
                ]
            ],
            "rank_gap":5
        },
        {
            "index":39,
            "아파트명":"삼성",
            "투자타입":"재건축",
            "전용면적(m2)":"90.73",
            "전용면적(평)":"27평",
            "법정동주소":"전라북도 익산시 동산동 610-1",
            "도로명주소":"전라북도 익산시 평동로12길 11",
            "세대수":0,
            "입주년차":"--",
            "용적률점수":0,
            "건폐율점수":0,
            "세대당주차수":"--",
            "난방방식":"--",
            "공급면적":70,
            "전용률":80,
            "욕실수":"--",
            "현관타입":"--",
            "주거총점":7.5,
            "지역구공급총점":0.0,
            "역세권":"NA",
            "30분내 이동가능 거점":"NA",
            "1시간내 이동가능 거점":"NA",
            "교통총점":"NA",
            "백화점":0,
            "아울렛몰":0,
            "대형마트":100,
            "은행":0,
            "병원":60,
            "종합병원":100,
            "공원":100,
            "혐오시설":0,
            "인프라총점":44.0,
            "초등학군":89.99,
            "중학군":35.28,
            "학군총점":46.222,
            "인구수":29.52,
            "인구증감":-6.36,
            "인구총점":18.756,
            "일자리":17.37,
            "소득수준":55.25,
            "일자리총점":28.734,
            "가치 총점":31.7805,
            "매매실거래년":20211103.0,
            "매매실거래가":11000.0,
            "전세실거래년":20200203.0,
            "전세실거래가":7500.0,
            "전세가율":66.96,
            "장기전세가율평균":77.82,
            "전세가율거품지수":10.86,
            "검색코드":5124,
            "세대수":270.0,
            "준공년월":"1991-11-29",
            "준공년차":32.0,
            "가까운역이름":"NA",
            "가까운역거리":"NA",
            "역세권여부":"NA",
            "30분이내주요거점역":"NA",
            "30분거점역이름":"NA",
            "1시간이내주요거점역":"NA",
            "1시간거점역이름":"NA",
            "3km이내백화점수":0,
            "5km이내아울렛몰수":0,
            "1km이내대형먀트수":2,
            "500m이내은행수":0,
            "500m이내병원수":12,
            "5km이내대형병원수":2,
            "500m이내공원수":6,
            "3km이내혐오시설수":0,
            "초등학교학업성취도":89.99,
            "중학교학업성취도":58.8,
            "용적률":0,
            "건폐율":0,
            "Y":35.927905,
            "X":126.959243,
            "rank":107.0,
            "area_info":"27평(90.73), 31평(102.95), 31평(103.09)",
            "last_sales":"2021-11-03,11000.0,31평(102.95)",
            "rank_history":[
                [
                    "202202",
                    107
                ],
                [
                    "202201",
                    113
                ]
            ],
            "rank_gap":6
        },
        {
            "index":404,
            "아파트명":"클래시움",
            "투자타입":"일반",
            "전용면적(m2)":"82.21",
            "전용면적(평)":"24평",
            "법정동주소":"전라북도 익산시 평화동 382",
            "도로명주소":"전라북도 익산시 평동로 530-7",
            "세대수":0,
            "입주년차":40,
            "용적률점수":"--",
            "건폐율점수":"--",
            "세대당주차수":0,
            "난방방식":30,
            "공급면적":"--",
            "전용률":"--",
            "욕실수":50,
            "현관타입":100,
            "주거총점":26.0,
            "지역구공급총점":0.0,
            "역세권":"NA",
            "30분내 이동가능 거점":"NA",
            "1시간내 이동가능 거점":"NA",
            "교통총점":"NA",
            "백화점":0,
            "아울렛몰":0,
            "대형마트":0,
            "은행":0,
            "병원":0,
            "종합병원":100,
            "공원":100,
            "혐오시설":0,
            "인프라총점":23.0,
            "초등학군":89.99,
            "중학군":44.44,
            "학군총점":53.55,
            "인구수":29.52,
            "인구증감":-6.36,
            "인구총점":18.756,
            "일자리":17.37,
            "소득수준":55.25,
            "일자리총점":28.734,
            "가치 총점":31.6875,
            "매매실거래년":20211224.0,
            "매매실거래가":13500.0,
            "전세실거래년":20211224.0,
            "전세실거래가":13200.0,
            "전세가율":97.78,
            "장기전세가율평균":77.82,
            "전세가율거품지수":-19.96,
            "검색코드":100839,
            "세대수":172.0,
            "준공년월":"2006-10-19",
            "준공년차":17.0,
            "가까운역이름":"NA",
            "가까운역거리":"NA",
            "역세권여부":"NA",
            "30분이내주요거점역":"NA",
            "30분거점역이름":"NA",
            "1시간이내주요거점역":"NA",
            "1시간거점역이름":"NA",
            "3km이내백화점수":0,
            "5km이내아울렛몰수":0,
            "1km이내대형먀트수":0,
            "500m이내은행수":0,
            "500m이내병원수":0,
            "5km이내대형병원수":2,
            "500m이내공원수":2,
            "3km이내혐오시설수":0,
            "초등학교학업성취도":89.99,
            "중학교학업성취도":73.4,
            "용적률":149,
            "건폐율":14,
            "Y":35.934044,
            "X":126.938716,
            "rank":108.0,
            "area_info":"24평(82.21), 32평(108.03)",
            "last_sales":"2021-12-24,13500.0,24평(82.21)",
            "rank_history":[
                [
                    "202202",
                    108
                ],
                [
                    "202201",
                    105
                ]
            ],
            "rank_gap":-3
        },
        {
            "index":8,
            "아파트명":"미륵산더테라스",
            "투자타입":"일반",
            "전용면적(m2)":"105.13",
            "전용면적(평)":"31평",
            "법정동주소":"전라북도 익산시 금마면 동고도리 1180",
            "도로명주소":"전라북도 익산시 고도9길 42",
            "세대수":0,
            "입주년차":100,
            "용적률점수":"--",
            "건폐율점수":"--",
            "세대당주차수":60,
            "난방방식":30,
            "공급면적":"--",
            "전용률":"--",
            "욕실수":100,
            "현관타입":100,
            "주거총점":52.0,
            "지역구공급총점":0.0,
            "역세권":"NA",
            "30분내 이동가능 거점":"NA",
            "1시간내 이동가능 거점":"NA",
            "교통총점":"NA",
            "백화점":0,
            "아울렛몰":0,
            "대형마트":0,
            "은행":0,
            "병원":0,
            "종합병원":0,
            "공원":0,
            "혐오시설":0,
            "인프라총점":0.0,
            "초등학군":89.96,
            "중학군":44.54,
            "학군총점":53.624,
            "인구수":29.52,
            "인구증감":-6.36,
            "인구총점":18.756,
            "일자리":17.37,
            "소득수준":55.25,
            "일자리총점":28.734,
            "가치 총점":31.606,
            "매매실거래년":20190530.0,
            "매매실거래가":28800.0,
            "전세실거래년":null,
            "전세실거래가":null,
            "전세가율":null,
            "장기전세가율평균":77.82,
            "전세가율거품지수":null,
            "검색코드":120511,
            "세대수":134.0,
            "준공년월":"2019-06-01",
            "준공년차":4.0,
            "가까운역이름":"NA",
            "가까운역거리":"NA",
            "역세권여부":"NA",
            "30분이내주요거점역":"NA",
            "30분거점역이름":"NA",
            "1시간이내주요거점역":"NA",
            "1시간거점역이름":"NA",
            "3km이내백화점수":0,
            "5km이내아울렛몰수":0,
            "1km이내대형먀트수":0,
            "500m이내은행수":0,
            "500m이내병원수":0,
            "5km이내대형병원수":0,
            "500m이내공원수":0,
            "3km이내혐오시설수":0,
            "초등학교학업성취도":89.96,
            "중학교학업성취도":72.9,
            "용적률":49,
            "건폐율":25,
            "Y":35.999955,
            "X":127.062645,
            "rank":109.0,
            "area_info":"31평(105.13), 31평(105.13), 32평(108.11)",
            "last_sales":"2019-05-30,28800.0,31평(105.13)",
            "rank_history":[
                [
                    "202202",
                    109
                ],
                [
                    "202201",
                    104
                ]
            ],
            "rank_gap":-5
        },
        {
            "index":19,
            "아파트명":"비사벌맨션",
            "투자타입":"재건축",
            "전용면적(m2)":"108.72",
            "전용면적(평)":"32평",
            "법정동주소":"전라북도 익산시 남중동 352-6",
            "도로명주소":"전라북도 익산시 선화로29길 59",
            "세대수":0,
            "입주년차":"--",
            "용적률점수":0,
            "건폐율점수":0,
            "세대당주차수":"--",
            "난방방식":"--",
            "공급면적":90,
            "전용률":60,
            "욕실수":"--",
            "현관타입":"--",
            "주거총점":7.5,
            "지역구공급총점":0.0,
            "역세권":"NA",
            "30분내 이동가능 거점":"NA",
            "1시간내 이동가능 거점":"NA",
            "교통총점":"NA",
            "백화점":0,
            "아울렛몰":0,
            "대형마트":100,
            "은행":0,
            "병원":30,
            "종합병원":100,
            "공원":0,
            "혐오시설":0,
            "인프라총점":38.0,
            "초등학군":90.01,
            "중학군":46.24,
            "학군총점":54.994,
            "인구수":29.52,
            "인구증감":-6.36,
            "인구총점":18.756,
            "일자리":17.37,
            "소득수준":55.25,
            "일자리총점":28.734,
            "가치 총점":31.5735,
            "매매실거래년":20211102.0,
            "매매실거래가":9000.0,
            "전세실거래년":20210428.0,
            "전세실거래가":6000.0,
            "전세가율":66.67,
            "장기전세가율평균":77.82,
            "전세가율거품지수":11.15,
            "검색코드":5119,
            "세대수":102.0,
            "준공년월":"1990-12-28",
            "준공년차":33.0,
            "가까운역이름":"NA",
            "가까운역거리":"NA",
            "역세권여부":"NA",
            "30분이내주요거점역":"NA",
            "30분거점역이름":"NA",
            "1시간이내주요거점역":"NA",
            "1시간거점역이름":"NA",
            "3km이내백화점수":0,
            "5km이내아울렛몰수":0,
            "1km이내대형먀트수":2,
            "500m이내은행수":0,
            "500m이내병원수":8,
            "5km이내대형병원수":2,
            "500m이내공원수":0,
            "3km이내혐오시설수":0,
            "초등학교학업성취도":90.01,
            "중학교학업성취도":76.8,
            "용적률":0,
            "건폐율":0,
            "Y":35.95101,
            "X":126.95321,
            "rank":110.0,
            "area_info":"32평(108.72)",
            "last_sales":"2021-11-02,9000.0,32평(108.72)",
            "rank_history":[
                [
                    "202202",
                    110
                ],
                [
                    "202201",
                    114
                ]
            ],
            "rank_gap":4
        },
        {
            "index":415,
            "아파트명":"황등대영",
            "투자타입":"일반",
            "전용면적(m2)":"55.65",
            "전용면적(평)":"16평",
            "법정동주소":"전라북도 익산시 황등면 황등리 1038",
            "도로명주소":"전라북도 익산시 황등3길 6",
            "세대수":0,
            "입주년차":0,
            "용적률점수":"--",
            "건폐율점수":"--",
            "세대당주차수":0,
            "난방방식":30,
            "공급면적":"--",
            "전용률":"--",
            "욕실수":50,
            "현관타입":50,
            "주거총점":13.0,
            "지역구공급총점":0.0,
            "역세권":"NA",
            "30분내 이동가능 거점":"NA",
            "1시간내 이동가능 거점":"NA",
            "교통총점":"NA",
            "백화점":0,
            "아울렛몰":0,
            "대형마트":80,
            "은행":0,
            "병원":10,
            "종합병원":100,
            "공원":0,
            "혐오시설":0,
            "인프라총점":33.0,
            "초등학군":90.01,
            "중학군":44.16,
            "학군총점":53.33,
            "인구수":29.52,
            "인구증감":-6.36,
            "인구총점":18.756,
            "일자리":17.37,
            "소득수준":55.25,
            "일자리총점":28.734,
            "가치 총점":31.0825,
            "매매실거래년":20220125.0,
            "매매실거래가":3500.0,
            "전세실거래년":null,
            "전세실거래가":null,
            "전세가율":null,
            "장기전세가율평균":77.82,
            "전세가율거품지수":null,
            "검색코드":105779,
            "세대수":111.0,
            "준공년월":"1996-02-15",
            "준공년차":27.0,
            "가까운역이름":"NA",
            "가까운역거리":"NA",
            "역세권여부":"NA",
            "30분이내주요거점역":"NA",
            "30분거점역이름":"NA",
            "1시간이내주요거점역":"NA",
            "1시간거점역이름":"NA",
            "3km이내백화점수":0,
            "5km이내아울렛몰수":0,
            "1km이내대형먀트수":1,
            "500m이내은행수":0,
            "500m이내병원수":4,
            "5km이내대형병원수":2,
            "500m이내공원수":0,
            "3km이내혐오시설수":0,
            "초등학교학업성취도":90.01,
            "중학교학업성취도":73.6,
            "용적률":231,
            "건폐율":27,
            "Y":35.999068,
            "X":126.944588,
            "rank":111.0,
            "area_info":"16평(55.65), 21평(71.05)",
            "last_sales":"2022-01-25,3500.0,16평(55.65)",
            "rank_history":[
                [
                    "202202",
                    111
                ],
                [
                    "202201",
                    112
                ]
            ],
            "rank_gap":1
        },
        {
            "index":337,
            "아파트명":"영등라인2차",
            "투자타입":"일반",
            "전용면적(m2)":"79.05",
            "전용면적(평)":"23평",
            "법정동주소":"전라북도 익산시 영등동 254-50",
            "도로명주소":"전라북도 익산시 고봉로16길 12",
            "세대수":0,
            "입주년차":0,
            "용적률점수":"--",
            "건폐율점수":"--",
            "세대당주차수":0,
            "난방방식":30,
            "공급면적":"--",
            "전용률":"--",
            "욕실수":100,
            "현관타입":100,
            "주거총점":23.0,
            "지역구공급총점":0.0,
            "역세권":"NA",
            "30분내 이동가능 거점":"NA",
            "1시간내 이동가능 거점":"NA",
            "교통총점":"NA",
            "백화점":0,
            "아울렛몰":0,
            "대형마트":0,
            "은행":0,
            "병원":30,
            "종합병원":100,
            "공원":0,
            "혐오시설":0,
            "인프라총점":23.0,
            "초등학군":89.99,
            "중학군":45.78,
            "학군총점":54.622,
            "인구수":29.52,
            "인구증감":-6.36,
            "인구총점":18.756,
            "일자리":17.37,
            "소득수준":55.25,
            "일자리총점":28.734,
            "가치 총점":30.9055,
            "매매실거래년":20211117.0,
            "매매실거래가":12000.0,
            "전세실거래년":20210917.0,
            "전세실거래가":9500.0,
            "전세가율":79.17,
            "장기전세가율평균":77.82,
            "전세가율거품지수":-1.35,
            "검색코드":5229,
            "세대수":146.0,
            "준공년월":"1995-05-20",
            "준공년차":28.0,
            "가까운역이름":"NA",
            "가까운역거리":"NA",
            "역세권여부":"NA",
            "30분이내주요거점역":"NA",
            "30분거점역이름":"NA",
            "1시간이내주요거점역":"NA",
            "1시간거점역이름":"NA",
            "3km이내백화점수":0,
            "5km이내아울렛몰수":0,
            "1km이내대형먀트수":0,
            "500m이내은행수":1,
            "500m이내병원수":9,
            "5km이내대형병원수":2,
            "500m이내공원수":0,
            "3km이내혐오시설수":0,
            "초등학교학업성취도":89.99,
            "중학교학업성취도":74.7,
            "용적률":0,
            "건폐율":0,
            "Y":35.947507,
            "X":126.968496,
            "rank":112.0,
            "area_info":"23평(79.05), 42평(139.04)",
            "last_sales":"2021-11-17,12000.0,23평(79.05)",
            "rank_history":[
                [
                    "202202",
                    112
                ],
                [
                    "202201",
                    110
                ]
            ],
            "rank_gap":-2
        },
        {
            "index":174,
            "아파트명":"한스빌",
            "투자타입":"일반",
            "전용면적(m2)":"50.87",
            "전용면적(평)":"15평",
            "법정동주소":"전라북도 익산시 목천동 1376-1",
            "도로명주소":"전라북도 익산시 목천로 30-14",
            "세대수":80,
            "입주년차":20,
            "용적률점수":"--",
            "건폐율점수":"--",
            "세대당주차수":0,
            "난방방식":30,
            "공급면적":"--",
            "전용률":"--",
            "욕실수":50,
            "현관타입":100,
            "주거총점":50.0,
            "지역구공급총점":0.0,
            "역세권":"NA",
            "30분내 이동가능 거점":"NA",
            "1시간내 이동가능 거점":"NA",
            "교통총점":"NA",
            "백화점":0,
            "아울렛몰":0,
            "대형마트":0,
            "은행":0,
            "병원":0,
            "종합병원":0,
            "공원":0,
            "혐오시설":0,
            "인프라총점":0.0,
            "초등학군":89.96,
            "중학군":44.44,
            "학군총점":53.544,
            "인구수":29.52,
            "인구증감":-6.36,
            "인구총점":18.756,
            "일자리":17.37,
            "소득수준":55.25,
            "일자리총점":28.734,
            "가치 총점":30.886,
            "매매실거래년":20220114.0,
            "매매실거래가":2200.0,
            "전세실거래년":20190501.0,
            "전세실거래가":1500.0,
            "전세가율":68.18,
            "장기전세가율평균":77.82,
            "전세가율거품지수":9.64,
            "검색코드":100577,
            "세대수":746.0,
            "준공년월":"2001-06-05",
            "준공년차":22.0,
            "가까운역이름":"NA",
            "가까운역거리":"NA",
            "역세권여부":"NA",
            "30분이내주요거점역":"NA",
            "30분거점역이름":"NA",
            "1시간이내주요거점역":"NA",
            "1시간거점역이름":"NA",
            "3km이내백화점수":0,
            "5km이내아울렛몰수":0,
            "1km이내대형먀트수":0,
            "500m이내은행수":0,
            "500m이내병원수":0,
            "5km이내대형병원수":0,
            "500m이내공원수":0,
            "3km이내혐오시설수":0,
            "초등학교학업성취도":89.96,
            "중학교학업성취도":73.4,
            "용적률":195,
            "건폐율":16,
            "Y":35.916256,
            "X":126.934034,
            "rank":113.0,
            "area_info":"15평(50.87), 15평(50.77)",
            "last_sales":"2022-01-14,2200.0,15평(50.87)",
            "rank_history":[
                [
                    "202202",
                    113
                ],
                [
                    "202201",
                    108
                ]
            ],
            "rank_gap":-5
        },
        {
            "index":77,
            "아파트명":"신설지",
            "투자타입":"재건축",
            "전용면적(m2)":"52.08",
            "전용면적(평)":"15평",
            "법정동주소":"전라북도 익산시 마동 132",
            "도로명주소":"전라북도 익산시 서동로21길 13",
            "세대수":50,
            "입주년차":"--",
            "용적률점수":0,
            "건폐율점수":0,
            "세대당주차수":"--",
            "난방방식":"--",
            "공급면적":50,
            "전용률":80,
            "욕실수":"--",
            "현관타입":"--",
            "주거총점":21.5,
            "지역구공급총점":0.0,
            "역세권":"NA",
            "30분내 이동가능 거점":"NA",
            "1시간내 이동가능 거점":"NA",
            "교통총점":"NA",
            "백화점":0,
            "아울렛몰":0,
            "대형마트":0,
            "은행":0,
            "병원":60,
            "종합병원":100,
            "공원":100,
            "혐오시설":0,
            "인프라총점":29.0,
            "초등학군":90.0,
            "중학군":35.28,
            "학군총점":46.224,
            "인구수":29.52,
            "인구증감":-6.36,
            "인구총점":18.756,
            "일자리":17.37,
            "소득수준":55.25,
            "일자리총점":28.734,
            "가치 총점":30.681,
            "매매실거래년":20220126.0,
            "매매실거래가":9000.0,
            "전세실거래년":20211113.0,
            "전세실거래가":4500.0,
            "전세가율":104.65,
            "장기전세가율평균":77.82,
            "전세가율거품지수":-26.83,
            "검색코드":5137,
            "세대수":470.0,
            "준공년월":"1991-01-12",
            "준공년차":32.0,
            "가까운역이름":"NA",
            "가까운역거리":"NA",
            "역세권여부":"NA",
            "30분이내주요거점역":"NA",
            "30분거점역이름":"NA",
            "1시간이내주요거점역":"NA",
            "1시간거점역이름":"NA",
            "3km이내백화점수":0,
            "5km이내아울렛몰수":0,
            "1km이내대형먀트수":0,
            "500m이내은행수":1,
            "500m이내병원수":10,
            "5km이내대형병원수":2,
            "500m이내공원수":4,
            "3km이내혐오시설수":0,
            "초등학교학업성취도":90.0,
            "중학교학업성취도":58.8,
            "용적률":0,
            "건폐율":0,
            "Y":35.938423,
            "X":126.967605,
            "rank":114.0,
            "area_info":"15평(52.08), 18평(62.68), 21평(71.47)",
            "last_sales":"2022-01-26,9000.0,18평(62.68)",
            "rank_history":[
                [
                    "202202",
                    114
                ],
                [
                    "202201",
                    119
                ]
            ],
            "rank_gap":5
        },
        {
            "index":397,
            "아파트명":"익산더반포레",
            "투자타입":"일반",
            "전용면적(m2)":"43.04",
            "전용면적(평)":"13평",
            "법정동주소":"전라북도 익산시 춘포면 쌍정리 160-1",
            "도로명주소":"전라북도 익산시 궁성로 124",
            "세대수":80,
            "입주년차":20,
            "용적률점수":"--",
            "건폐율점수":"--",
            "세대당주차수":0,
            "난방방식":30,
            "공급면적":"--",
            "전용률":"--",
            "욕실수":50,
            "현관타입":100,
            "주거총점":50.0,
            "지역구공급총점":0.0,
            "역세권":"NA",
            "30분내 이동가능 거점":"NA",
            "1시간내 이동가능 거점":"NA",
            "교통총점":"NA",
            "백화점":0,
            "아울렛몰":0,
            "대형마트":0,
            "은행":0,
            "병원":0,
            "종합병원":0,
            "공원":100,
            "혐오시설":0,
            "인프라총점":3.0,
            "초등학군":90.05,
            "중학군":36.12,
            "학군총점":46.906,
            "인구수":29.52,
            "인구증감":-6.36,
            "인구총점":18.756,
            "일자리":17.37,
            "소득수준":55.25,
            "일자리총점":28.734,
            "가치 총점":30.4265,
            "매매실거래년":"18000101",
            "매매실거래가":null,
            "전세실거래년":null,
            "전세실거래가":null,
            "전세가율":null,
            "장기전세가율평균":77.82,
            "전세가율거품지수":null,
            "검색코드":127636,
            "세대수":780.0,
            "준공년월":"2003-02-26",
            "준공년차":20.0,
            "가까운역이름":"NA",
            "가까운역거리":"NA",
            "역세권여부":"NA",
            "30분이내주요거점역":"NA",
            "30분거점역이름":"NA",
            "1시간이내주요거점역":"NA",
            "1시간거점역이름":"NA",
            "3km이내백화점수":0,
            "5km이내아울렛몰수":0,
            "1km이내대형먀트수":0,
            "500m이내은행수":0,
            "500m이내병원수":0,
            "5km이내대형병원수":0,
            "500m이내공원수":6,
            "3km이내혐오시설수":0,
            "초등학교학업성취도":90.05,
            "중학교학업성취도":59.4,
            "용적률":149,
            "건폐율":17,
            "Y":35.924544,
            "X":127.052809,
            "rank":115.0,
            "area_info":"13평(43.04), 20평(69.33), 25평(83.04)",
            "last_sales":"1800-01-01,nan,13평(43.04)",
            "rank_history":[
                [
                    "202202",
                    115
                ],
                [
                    "202201",
                    109
                ]
            ],
            "rank_gap":-6
        },
        {
            "index":102,
            "아파트명":"모현이화",
            "투자타입":"재건축",
            "전용면적(m2)":"63.93",
            "전용면적(평)":"19평",
            "법정동주소":"전라북도 익산시 모현동1가 94-4",
            "도로명주소":"전라북도 익산시 선화로23길 40",
            "세대수":0,
            "입주년차":"--",
            "용적률점수":0,
            "건폐율점수":0,
            "세대당주차수":"--",
            "난방방식":"--",
            "공급면적":50,
            "전용률":60,
            "욕실수":"--",
            "현관타입":"--",
            "주거총점":5.5,
            "지역구공급총점":0.0,
            "역세권":"NA",
            "30분내 이동가능 거점":"NA",
            "1시간내 이동가능 거점":"NA",
            "교통총점":"NA",
            "백화점":0,
            "아울렛몰":0,
            "대형마트":100,
            "은행":0,
            "병원":10,
            "종합병원":100,
            "공원":0,
            "혐오시설":0,
            "인프라총점":36.0,
            "초등학군":90.01,
            "중학군":46.24,
            "학군총점":54.994,
            "인구수":29.52,
            "인구증감":-6.36,
            "인구총점":18.756,
            "일자리":17.37,
            "소득수준":55.25,
            "일자리총점":28.734,
            "가치 총점":30.0735,
            "매매실거래년":20210723.0,
            "매매실거래가":4700.0,
            "전세실거래년":20110727.0,
            "전세실거래가":2000.0,
            "전세가율":54.05,
            "장기전세가율평균":77.82,
            "전세가율거품지수":23.77,
            "검색코드":15002,
            "세대수":180.0,
            "준공년월":"1992-04-14",
            "준공년차":31.0,
            "가까운역이름":"NA",
            "가까운역거리":"NA",
            "역세권여부":"NA",
            "30분이내주요거점역":"NA",
            "30분거점역이름":"NA",
            "1시간이내주요거점역":"NA",
            "1시간거점역이름":"NA",
            "3km이내백화점수":0,
            "5km이내아울렛몰수":0,
            "1km이내대형먀트수":2,
            "500m이내은행수":0,
            "500m이내병원수":2,
            "5km이내대형병원수":2,
            "500m이내공원수":0,
            "3km이내혐오시설수":0,
            "초등학교학업성취도":90.01,
            "중학교학업성취도":76.8,
            "용적률":0,
            "건폐율":0,
            "Y":35.951405,
            "X":126.948216,
            "rank":116.0,
            "area_info":"19평(63.93), 22평(73.61)",
            "last_sales":"2021-07-23,4700.0,22평(73.61)",
            "rank_history":[
                [
                    "202202",
                    116
                ],
                [
                    "202201",
                    126
                ]
            ],
            "rank_gap":10
        },
        {
            "index":114,
            "아파트명":"우남",
            "투자타입":"재건축",
            "전용면적(m2)":"71.82",
            "전용면적(평)":"21평",
            "법정동주소":"전라북도 익산시 모현동1가 99-4",
            "도로명주소":"전라북도 익산시 익산대로15길 11",
            "세대수":0,
            "입주년차":"--",
            "용적률점수":0,
            "건폐율점수":0,
            "세대당주차수":"--",
            "난방방식":"--",
            "공급면적":50,
            "전용률":80,
            "욕실수":"--",
            "현관타입":"--",
            "주거총점":6.5,
            "지역구공급총점":0.0,
            "역세권":"NA",
            "30분내 이동가능 거점":"NA",
            "1시간내 이동가능 거점":"NA",
            "교통총점":"NA",
            "백화점":0,
            "아울렛몰":0,
            "대형마트":100,
            "은행":0,
            "병원":0,
            "종합병원":100,
            "공원":0,
            "혐오시설":0,
            "인프라총점":35.0,
            "초등학군":90.01,
            "중학군":46.24,
            "학군총점":54.994,
            "인구수":29.52,
            "인구증감":-6.36,
            "인구총점":18.756,
            "일자리":17.37,
            "소득수준":55.25,
            "일자리총점":28.734,
            "가치 총점":30.0235,
            "매매실거래년":20200610.0,
            "매매실거래가":5000.0,
            "전세실거래년":20140508.0,
            "전세실거래가":6000.0,
            "전세가율":120.0,
            "장기전세가율평균":77.82,
            "전세가율거품지수":-42.18,
            "검색코드":15001,
            "세대수":103.0,
            "준공년월":"1992-10-30",
            "준공년차":31.0,
            "가까운역이름":"NA",
            "가까운역거리":"NA",
            "역세권여부":"NA",
            "30분이내주요거점역":"NA",
            "30분거점역이름":"NA",
            "1시간이내주요거점역":"NA",
            "1시간거점역이름":"NA",
            "3km이내백화점수":0,
            "5km이내아울렛몰수":0,
            "1km이내대형먀트수":2,
            "500m이내은행수":0,
            "500m이내병원수":0,
            "5km이내대형병원수":2,
            "500m이내공원수":0,
            "3km이내혐오시설수":0,
            "초등학교학업성취도":90.01,
            "중학교학업성취도":76.8,
            "용적률":0,
            "건폐율":0,
            "Y":35.95133,
            "X":126.94999,
            "rank":117.0,
            "area_info":"21평(71.82), 27평(92.16), 29평(99.12), 31평(102.74), 38평(126.02)",
            "last_sales":"2020-06-10,5000.0,21평(71.82)",
            "rank_history":[
                [
                    "202202",
                    117
                ],
                [
                    "202201",
                    122
                ]
            ],
            "rank_gap":5
        },
        {
            "index":409,
            "아파트명":"함열제일",
            "투자타입":"일반",
            "전용면적(m2)":"102.78",
            "전용면적(평)":"31평",
            "법정동주소":"전라북도 익산시 함열읍 와리 163",
            "도로명주소":"전라북도 익산시 함열5길 19-21",
            "세대수":0,
            "입주년차":20,
            "용적률점수":"--",
            "건폐율점수":"--",
            "세대당주차수":30,
            "난방방식":30,
            "공급면적":"--",
            "전용률":"--",
            "욕실수":100,
            "현관타입":100,
            "주거총점":31.5,
            "지역구공급총점":0.0,
            "역세권":"NA",
            "30분내 이동가능 거점":"NA",
            "1시간내 이동가능 거점":"NA",
            "교통총점":"NA",
            "백화점":0,
            "아울렛몰":0,
            "대형마트":100,
            "은행":0,
            "병원":30,
            "종합병원":0,
            "공원":100,
            "혐오시설":0,
            "인프라총점":21.0,
            "초등학군":89.98,
            "중학군":30.18,
            "학군총점":42.14,
            "인구수":29.52,
            "인구증감":-6.36,
            "인구총점":18.756,
            "일자리":17.37,
            "소득수준":55.25,
            "일자리총점":28.734,
            "가치 총점":29.96,
            "매매실거래년":20220113.0,
            "매매실거래가":14700.0,
            "전세실거래년":20181229.0,
            "전세실거래가":11000.0,
            "전세가율":74.83,
            "장기전세가율평균":77.82,
            "전세가율거품지수":2.99,
            "검색코드":118580,
            "세대수":284.0,
            "준공년월":"2003-04-01",
            "준공년차":20.0,
            "가까운역이름":"NA",
            "가까운역거리":"NA",
            "역세권여부":"NA",
            "30분이내주요거점역":"NA",
            "30분거점역이름":"NA",
            "1시간이내주요거점역":"NA",
            "1시간거점역이름":"NA",
            "3km이내백화점수":0,
            "5km이내아울렛몰수":0,
            "1km이내대형먀트수":2,
            "500m이내은행수":1,
            "500m이내병원수":7,
            "5km이내대형병원수":0,
            "500m이내공원수":6,
            "3km이내혐오시설수":0,
            "초등학교학업성취도":89.98,
            "중학교학업성취도":50.3,
            "용적률":213,
            "건폐율":21,
            "Y":36.075265,
            "X":126.962052,
            "rank":118.0,
            "area_info":"31평(102.78)",
            "last_sales":"2022-01-13,14700.0,31평(102.78)",
            "rank_history":[
                [
                    "202202",
                    118
                ],
                [
                    "202201",
                    125
                ]
            ],
            "rank_gap":7
        },
        {
            "index":70,
            "아파트명":"마동주공1단지",
            "투자타입":"재건축",
            "전용면적(m2)":"40.96",
            "전용면적(평)":"12평",
            "법정동주소":"전라북도 익산시 마동 165",
            "도로명주소":"전라북도 익산시 고봉로 144",
            "세대수":50,
            "입주년차":"--",
            "용적률점수":0,
            "건폐율점수":0,
            "세대당주차수":"--",
            "난방방식":"--",
            "공급면적":50,
            "전용률":80,
            "욕실수":"--",
            "현관타입":"--",
            "주거총점":21.5,
            "지역구공급총점":0.0,
            "역세권":"NA",
            "30분내 이동가능 거점":"NA",
            "1시간내 이동가능 거점":"NA",
            "교통총점":"NA",
            "백화점":0,
            "아울렛몰":0,
            "대형마트":0,
            "은행":0,
            "병원":30,
            "종합병원":100,
            "공원":100,
            "혐오시설":0,
            "인프라총점":26.0,
            "초등학군":89.99,
            "중학군":37.64,
            "학군총점":48.11,
            "인구수":29.52,
            "인구증감":-6.36,
            "인구총점":18.756,
            "일자리":17.37,
            "소득수준":55.25,
            "일자리총점":28.734,
            "가치 총점":29.9525,
            "매매실거래년":20220125.0,
            "매매실거래가":8900.0,
            "전세실거래년":20191007.0,
            "전세실거래가":2000.0,
            "전세가율":40.0,
            "장기전세가율평균":77.82,
            "전세가율거품지수":37.82,
            "검색코드":5143,
            "세대수":610.0,
            "준공년월":"1980-09-15",
            "준공년차":43.0,
            "가까운역이름":"NA",
            "가까운역거리":"NA",
            "역세권여부":"NA",
            "30분이내주요거점역":"NA",
            "30분거점역이름":"NA",
            "1시간이내주요거점역":"NA",
            "1시간거점역이름":"NA",
            "3km이내백화점수":0,
            "5km이내아울렛몰수":0,
            "1km이내대형먀트수":0,
            "500m이내은행수":0,
            "500m이내병원수":8,
            "5km이내대형병원수":2,
            "500m이내공원수":2,
            "3km이내혐오시설수":0,
            "초등학교학업성취도":89.99,
            "중학교학업성취도":61.8,
            "용적률":0,
            "건폐율":0,
            "Y":35.94439,
            "X":126.96661,
            "rank":119.0,
            "area_info":"12평(40.96), 12평(41.76), 12평(41.52), 13평(43.31)",
            "last_sales":"2022-01-25,8900.0,12평(41.76)",
            "rank_history":[
                [
                    "202202",
                    119
                ],
                [
                    "202201",
                    116
                ]
            ],
            "rank_gap":-3
        },
        {
            "index":334,
            "아파트명":"영등라인",
            "투자타입":"일반",
            "전용면적(m2)":"83.5",
            "전용면적(평)":"25평",
            "법정동주소":"전라북도 익산시 영등동 255",
            "도로명주소":"전라북도 익산시 고봉로16길 11",
            "세대수":30,
            "입주년차":0,
            "용적률점수":"--",
            "건폐율점수":"--",
            "세대당주차수":0,
            "난방방식":30,
            "공급면적":"--",
            "전용률":"--",
            "욕실수":50,
            "현관타입":10,
            "주거총점":19.5,
            "지역구공급총점":0.0,
            "역세권":"NA",
            "30분내 이동가능 거점":"NA",
            "1시간내 이동가능 거점":"NA",
            "교통총점":"NA",
            "백화점":0,
            "아울렛몰":0,
            "대형마트":0,
            "은행":0,
            "병원":30,
            "종합병원":100,
            "공원":0,
            "혐오시설":0,
            "인프라총점":23.0,
            "초등학군":89.99,
            "중학군":45.78,
            "학군총점":54.622,
            "인구수":29.52,
            "인구증감":-6.36,
            "인구총점":18.756,
            "일자리":17.37,
            "소득수준":55.25,
            "일자리총점":28.734,
            "가치 총점":29.6805,
            "매매실거래년":20220117.0,
            "매매실거래가":8300.0,
            "전세실거래년":20211022.0,
            "전세실거래가":9000.0,
            "전세가율":108.43,
            "장기전세가율평균":77.82,
            "전세가율거품지수":-30.61,
            "검색코드":5227,
            "세대수":342.0,
            "준공년월":"1994-11-30",
            "준공년차":29.0,
            "가까운역이름":"NA",
            "가까운역거리":"NA",
            "역세권여부":"NA",
            "30분이내주요거점역":"NA",
            "30분거점역이름":"NA",
            "1시간이내주요거점역":"NA",
            "1시간거점역이름":"NA",
            "3km이내백화점수":0,
            "5km이내아울렛몰수":0,
            "1km이내대형먀트수":0,
            "500m이내은행수":1,
            "500m이내병원수":9,
            "5km이내대형병원수":2,
            "500m이내공원수":0,
            "3km이내혐오시설수":0,
            "초등학교학업성취도":89.99,
            "중학교학업성취도":74.7,
            "용적률":0,
            "건폐율":0,
            "Y":35.948384,
            "X":126.968795,
            "rank":120.0,
            "area_info":"25평(83.5), 32평(106.11), 37평(122.94)",
            "last_sales":"2022-01-17,8300.0,25평(83.5)",
            "rank_history":[
                [
                    "202202",
                    120
                ],
                [
                    "202201",
                    117
                ]
            ],
            "rank_gap":-3
        },
        {
            "index":44,
            "아파트명":"삼호2차",
            "투자타입":"일반",
            "전용면적(m2)":"91.86",
            "전용면적(평)":"27평",
            "법정동주소":"전라북도 익산시 동산동 87-2",
            "도로명주소":"전라북도 익산시 동천로1길 14-24",
            "세대수":0,
            "입주년차":0,
            "용적률점수":"--",
            "건폐율점수":"--",
            "세대당주차수":0,
            "난방방식":30,
            "공급면적":"--",
            "전용률":"--",
            "욕실수":100,
            "현관타입":100,
            "주거총점":23.0,
            "지역구공급총점":0.0,
            "역세권":"NA",
            "30분내 이동가능 거점":"NA",
            "1시간내 이동가능 거점":"NA",
            "교통총점":"NA",
            "백화점":0,
            "아울렛몰":0,
            "대형마트":0,
            "은행":0,
            "병원":10,
            "종합병원":100,
            "공원":100,
            "혐오시설":0,
            "인프라총점":24.0,
            "초등학군":90.01,
            "중학군":35.28,
            "학군총점":46.226,
            "인구수":29.52,
            "인구증감":-6.36,
            "인구총점":18.756,
            "일자리":17.37,
            "소득수준":55.25,
            "일자리총점":28.734,
            "가치 총점":29.2065,
            "매매실거래년":20210913.0,
            "매매실거래가":13000.0,
            "전세실거래년":20170428.0,
            "전세실거래가":7500.0,
            "전세가율":78.12,
            "장기전세가율평균":77.82,
            "전세가율거품지수":-0.3,
            "검색코드":5126,
            "세대수":216.0,
            "준공년월":"1993-01-06",
            "준공년차":30.0,
            "가까운역이름":"NA",
            "가까운역거리":"NA",
            "역세권여부":"NA",
            "30분이내주요거점역":"NA",
            "30분거점역이름":"NA",
            "1시간이내주요거점역":"NA",
            "1시간거점역이름":"NA",
            "3km이내백화점수":0,
            "5km이내아울렛몰수":0,
            "1km이내대형먀트수":0,
            "500m이내은행수":0,
            "500m이내병원수":3,
            "5km이내대형병원수":2,
            "500m이내공원수":3,
            "3km이내혐오시설수":0,
            "초등학교학업성취도":90.01,
            "중학교학업성취도":58.8,
            "용적률":0,
            "건폐율":0,
            "Y":35.931041,
            "X":126.969552,
            "rank":121.0,
            "area_info":"27평(91.86), 31평(102.57), 31평(102.69)",
            "last_sales":"2021-09-13,13000.0,31평(102.57)",
            "rank_history":[
                [
                    "202202",
                    121
                ],
                [
                    "202201",
                    120
                ]
            ],
            "rank_gap":-1
        },
        {
            "index":11,
            "아파트명":"남성",
            "투자타입":"재건축",
            "전용면적(m2)":"86.96",
            "전용면적(평)":"26평",
            "법정동주소":"전라북도 익산시 남중동 222-5",
            "도로명주소":"전라북도 익산시 선화로33길 10",
            "세대수":50,
            "입주년차":"--",
            "용적률점수":0,
            "건폐율점수":0,
            "세대당주차수":"--",
            "난방방식":"--",
            "공급면적":70,
            "전용률":80,
            "욕실수":"--",
            "현관타입":"--",
            "주거총점":22.5,
            "지역구공급총점":0.0,
            "역세권":"NA",
            "30분내 이동가능 거점":"NA",
            "1시간내 이동가능 거점":"NA",
            "교통총점":"NA",
            "백화점":0,
            "아울렛몰":0,
            "대형마트":0,
            "은행":0,
            "병원":30,
            "종합병원":100,
            "공원":0,
            "혐오시설":0,
            "인프라총점":23.0,
            "초등학군":89.99,
            "중학군":37.64,
            "학군총점":48.11,
            "인구수":29.52,
            "인구증감":-6.36,
            "인구총점":18.756,
            "일자리":17.37,
            "소득수준":55.25,
            "일자리총점":28.734,
            "가치 총점":29.1025,
            "매매실거래년":20210416.0,
            "매매실거래가":19700.0,
            "전세실거래년":null,
            "전세실거래가":null,
            "전세가율":null,
            "장기전세가율평균":77.82,
            "전세가율거품지수":null,
            "검색코드":5117,
            "세대수":400.0,
            "준공년월":"1986-08-21",
            "준공년차":37.0,
            "가까운역이름":"NA",
            "가까운역거리":"NA",
            "역세권여부":"NA",
            "30분이내주요거점역":"NA",
            "30분거점역이름":"NA",
            "1시간이내주요거점역":"NA",
            "1시간거점역이름":"NA",
            "3km이내백화점수":0,
            "5km이내아울렛몰수":0,
            "1km이내대형먀트수":0,
            "500m이내은행수":1,
            "500m이내병원수":8,
            "5km이내대형병원수":2,
            "500m이내공원수":0,
            "3km이내혐오시설수":0,
            "초등학교학업성취도":89.99,
            "중학교학업성취도":61.8,
            "용적률":0,
            "건폐율":0,
            "Y":35.947246,
            "X":126.955065,
            "rank":122.0,
            "area_info":"26평(86.96), 27평(91.85), 29평(96.68), 29평(96.62), 33평(111.64), 35평(116.93), 37평(124.92)",
            "last_sales":"2021-04-16,19700.0,35평(116.93)",
            "rank_history":[
                [
                    "202202",
                    122
                ],
                [
                    "202201",
                    121
                ]
            ],
            "rank_gap":-1
        },
        {
            "index":347,
            "아파트명":"영등유원소라",
            "투자타입":"일반",
            "전용면적(m2)":"78.26",
            "전용면적(평)":"23평",
            "법정동주소":"전라북도 익산시 영등동 266-3",
            "도로명주소":"전라북도 익산시 고봉로 204",
            "세대수":0,
            "입주년차":0,
            "용적률점수":"--",
            "건폐율점수":"--",
            "세대당주차수":0,
            "난방방식":30,
            "공급면적":"--",
            "전용률":"--",
            "욕실수":50,
            "현관타입":10,
            "주거총점":9.0,
            "지역구공급총점":0.0,
            "역세권":"NA",
            "30분내 이동가능 거점":"NA",
            "1시간내 이동가능 거점":"NA",
            "교통총점":"NA",
            "백화점":0,
            "아울렛몰":0,
            "대형마트":0,
            "은행":20,
            "병원":60,
            "종합병원":100,
            "공원":80,
            "혐오시설":0,
            "인프라총점":30.4,
            "초등학군":89.99,
            "중학군":45.78,
            "학군총점":54.622,
            "인구수":29.52,
            "인구증감":-6.36,
            "인구총점":18.756,
            "일자리":17.37,
            "소득수준":55.25,
            "일자리총점":28.734,
            "가치 총점":28.9655,
            "매매실거래년":20211220.0,
            "매매실거래가":7950.0,
            "전세실거래년":20210930.0,
            "전세실거래가":7400.0,
            "전세가율":93.08,
            "장기전세가율평균":77.82,
            "전세가율거품지수":-15.26,
            "검색코드":15010,
            "세대수":165.0,
            "준공년월":"1993-02-26",
            "준공년차":30.0,
            "가까운역이름":"NA",
            "가까운역거리":"NA",
            "역세권여부":"NA",
            "30분이내주요거점역":"NA",
            "30분거점역이름":"NA",
            "1시간이내주요거점역":"NA",
            "1시간거점역이름":"NA",
            "3km이내백화점수":0,
            "5km이내아울렛몰수":0,
            "1km이내대형먀트수":0,
            "500m이내은행수":2,
            "500m이내병원수":10,
            "5km이내대형병원수":2,
            "500m이내공원수":1,
            "3km이내혐오시설수":0,
            "초등학교학업성취도":89.99,
            "중학교학업성취도":74.7,
            "용적률":248,
            "건폐율":41,
            "Y":35.9502,
            "X":126.96889,
            "rank":123.0,
            "area_info":"23평(78.26), 33평(111.89)",
            "last_sales":"2021-12-20,7950.0,23평(78.26)",
            "rank_history":[
                [
                    "202202",
                    123
                ],
                [
                    "202201",
                    130
                ]
            ],
            "rank_gap":7
        },
        {
            "index":356,
            "아파트명":"영등주공1단지",
            "투자타입":"재건축",
            "전용면적(m2)":"47.57",
            "전용면적(평)":"14평",
            "법정동주소":"전라북도 익산시 영등동 530-1",
            "도로명주소":"전라북도 익산시 동서로 300",
            "세대수":30,
            "입주년차":"--",
            "용적률점수":0,
            "건폐율점수":0,
            "세대당주차수":"--",
            "난방방식":"--",
            "공급면적":50,
            "전용률":100,
            "욕실수":"--",
            "현관타입":"--",
            "주거총점":16.5,
            "지역구공급총점":0.0,
            "역세권":"NA",
            "30분내 이동가능 거점":"NA",
            "1시간내 이동가능 거점":"NA",
            "교통총점":"NA",
            "백화점":0,
            "아울렛몰":0,
            "대형마트":0,
            "은행":0,
            "병원":10,
            "종합병원":100,
            "공원":80,
            "혐오시설":0,
            "인프라총점":23.4,
            "초등학군":89.99,
            "중학군":45.78,
            "학군총점":54.622,
            "인구수":29.52,
            "인구증감":-6.36,
            "인구총점":18.756,
            "일자리":17.37,
            "소득수준":55.25,
            "일자리총점":28.734,
            "가치 총점":28.7905,
            "매매실거래년":20220110.0,
            "매매실거래가":15500.0,
            "전세실거래년":20170701.0,
            "전세실거래가":3500.0,
            "전세가율":36.84,
            "장기전세가율평균":77.82,
            "전세가율거품지수":40.98,
            "검색코드":5237,
            "세대수":320.0,
            "준공년월":"1984-10-30",
            "준공년차":39.0,
            "가까운역이름":"NA",
            "가까운역거리":"NA",
            "역세권여부":"NA",
            "30분이내주요거점역":"NA",
            "30분거점역이름":"NA",
            "1시간이내주요거점역":"NA",
            "1시간거점역이름":"NA",
            "3km이내백화점수":0,
            "5km이내아울렛몰수":0,
            "1km이내대형먀트수":0,
            "500m이내은행수":0,
            "500m이내병원수":4,
            "5km이내대형병원수":2,
            "500m이내공원수":1,
            "3km이내혐오시설수":0,
            "초등학교학업성취도":89.99,
            "중학교학업성취도":74.7,
            "용적률":0,
            "건폐율":0,
            "Y":35.950746,
            "X":126.966835,
            "rank":124.0,
            "area_info":"14평(47.57), 16평(54.12), 16평(55.47), 19평(65.2)",
            "last_sales":"2022-01-10,15500.0,19평(65.2)",
            "rank_history":[
                [
                    "202202",
                    124
                ],
                [
                    "202201",
                    123
                ]
            ],
            "rank_gap":-1
        },
        {
            "index":86,
            "아파트명":"전원",
            "투자타입":"일반",
            "전용면적(m2)":"56.16",
            "전용면적(평)":"16평",
            "법정동주소":"전라북도 익산시 마동 153-83",
            "도로명주소":"전라북도 익산시 고봉로 129",
            "세대수":0,
            "입주년차":0,
            "용적률점수":"--",
            "건폐율점수":"--",
            "세대당주차수":0,
            "난방방식":30,
            "공급면적":"--",
            "전용률":"--",
            "욕실수":50,
            "현관타입":100,
            "주거총점":18.0,
            "지역구공급총점":0.0,
            "역세권":"NA",
            "30분내 이동가능 거점":"NA",
            "1시간내 이동가능 거점":"NA",
            "교통총점":"NA",
            "백화점":0,
            "아울렛몰":0,
            "대형마트":0,
            "은행":0,
            "병원":30,
            "종합병원":100,
            "공원":100,
            "혐오시설":0,
            "인프라총점":26.0,
            "초등학군":89.99,
            "중학군":37.64,
            "학군총점":48.11,
            "인구수":29.52,
            "인구증감":-6.36,
            "인구총점":18.756,
            "일자리":17.37,
            "소득수준":55.25,
            "일자리총점":28.734,
            "가치 총점":28.7275,
            "매매실거래년":20211213.0,
            "매매실거래가":4400.0,
            "전세실거래년":20200511.0,
            "전세실거래가":4500.0,
            "전세가율":123.29,
            "장기전세가율평균":77.82,
            "전세가율거품지수":-45.47,
            "검색코드":113655,
            "세대수":125.0,
            "준공년월":"1994-10-17",
            "준공년차":29.0,
            "가까운역이름":"NA",
            "가까운역거리":"NA",
            "역세권여부":"NA",
            "30분이내주요거점역":"NA",
            "30분거점역이름":"NA",
            "1시간이내주요거점역":"NA",
            "1시간거점역이름":"NA",
            "3km이내백화점수":0,
            "5km이내아울렛몰수":0,
            "1km이내대형먀트수":0,
            "500m이내은행수":0,
            "500m이내병원수":8,
            "5km이내대형병원수":2,
            "500m이내공원수":2,
            "3km이내혐오시설수":0,
            "초등학교학업성취도":89.99,
            "중학교학업성취도":61.8,
            "용적률":0,
            "건폐율":0,
            "Y":35.944084,
            "X":126.965559,
            "rank":125.0,
            "area_info":"16평(56.16), 18평(62.46), 19평(64.92), 19평(65.01)",
            "last_sales":"2021-12-13,4400.0,19평(64.92)",
            "rank_history":[
                [
                    "202202",
                    125
                ],
                [
                    "202201",
                    124
                ]
            ],
            "rank_gap":-1
        },
        {
            "index":20,
            "아파트명":"신일",
            "투자타입":"재건축",
            "전용면적(m2)":"104.23",
            "전용면적(평)":"31평",
            "법정동주소":"전라북도 익산시 남중동 370-4",
            "도로명주소":"전라북도 익산시 인북로9길 19",
            "세대수":0,
            "입주년차":"--",
            "용적률점수":0,
            "건폐율점수":0,
            "세대당주차수":"--",
            "난방방식":"--",
            "공급면적":90,
            "전용률":80,
            "욕실수":"--",
            "현관타입":"--",
            "주거총점":8.5,
            "지역구공급총점":0.0,
            "역세권":"NA",
            "30분내 이동가능 거점":"NA",
            "1시간내 이동가능 거점":"NA",
            "교통총점":"NA",
            "백화점":0,
            "아울렛몰":0,
            "대형마트":0,
            "은행":0,
            "병원":60,
            "종합병원":100,
            "공원":100,
            "혐오시설":0,
            "인프라총점":29.0,
            "초등학군":89.97,
            "중학군":45.78,
            "학군총점":54.618,
            "인구수":29.52,
            "인구증감":-6.36,
            "인구총점":18.756,
            "일자리":17.37,
            "소득수준":55.25,
            "일자리총점":28.734,
            "가치 총점":28.2295,
            "매매실거래년":20211230.0,
            "매매실거래가":13300.0,
            "전세실거래년":20121129.0,
            "전세실거래가":5500.0,
            "전세가율":49.11,
            "장기전세가율평균":77.82,
            "전세가율거품지수":28.71,
            "검색코드":5120,
            "세대수":113.0,
            "준공년월":"1989-12-30",
            "준공년차":34.0,
            "가까운역이름":"NA",
            "가까운역거리":"NA",
            "역세권여부":"NA",
            "30분이내주요거점역":"NA",
            "30분거점역이름":"NA",
            "1시간이내주요거점역":"NA",
            "1시간거점역이름":"NA",
            "3km이내백화점수":0,
            "5km이내아울렛몰수":0,
            "1km이내대형먀트수":0,
            "500m이내은행수":0,
            "500m이내병원수":18,
            "5km이내대형병원수":2,
            "500m이내공원수":2,
            "3km이내혐오시설수":0,
            "초등학교학업성취도":89.97,
            "중학교학업성취도":74.7,
            "용적률":0,
            "건폐율":0,
            "Y":35.952682,
            "X":126.956202,
            "rank":126.0,
            "area_info":"31평(104.23), 37평(123.8)",
            "last_sales":"2021-12-30,13300.0,37평(123.8)",
            "rank_history":[
                [
                    "202202",
                    126
                ],
                [
                    "202201",
                    127
                ]
            ],
            "rank_gap":1
        },
        {
            "index":74,
            "아파트명":"마동주공2단지",
            "투자타입":"재건축",
            "전용면적(m2)":"45.87",
            "전용면적(평)":"13평",
            "법정동주소":"전라북도 익산시 마동 137-1",
            "도로명주소":"전라북도 익산시 고봉로 116",
            "세대수":30,
            "입주년차":"--",
            "용적률점수":0,
            "건폐율점수":0,
            "세대당주차수":"--",
            "난방방식":"--",
            "공급면적":50,
            "전용률":100,
            "욕실수":"--",
            "현관타입":"--",
            "주거총점":16.5,
            "지역구공급총점":0.0,
            "역세권":"NA",
            "30분내 이동가능 거점":"NA",
            "1시간내 이동가능 거점":"NA",
            "교통총점":"NA",
            "백화점":0,
            "아울렛몰":0,
            "대형마트":0,
            "은행":0,
            "병원":30,
            "종합병원":100,
            "공원":100,
            "혐오시설":0,
            "인프라총점":26.0,
            "초등학군":90.0,
            "중학군":37.64,
            "학군총점":48.112,
            "인구수":29.52,
            "인구증감":-6.36,
            "인구총점":18.756,
            "일자리":17.37,
            "소득수준":55.25,
            "일자리총점":28.734,
            "가치 총점":28.203,
            "매매실거래년":20211224.0,
            "매매실거래가":13000.0,
            "전세실거래년":20211226.0,
            "전세실거래가":5000.0,
            "전세가율":48.54,
            "장기전세가율평균":77.82,
            "전세가율거품지수":29.28,
            "검색코드":5144,
            "세대수":330.0,
            "준공년월":"1985-10-25",
            "준공년차":38.0,
            "가까운역이름":"NA",
            "가까운역거리":"NA",
            "역세권여부":"NA",
            "30분이내주요거점역":"NA",
            "30분거점역이름":"NA",
            "1시간이내주요거점역":"NA",
            "1시간거점역이름":"NA",
            "3km이내백화점수":0,
            "5km이내아울렛몰수":0,
            "1km이내대형먀트수":0,
            "500m이내은행수":0,
            "500m이내병원수":7,
            "5km이내대형병원수":2,
            "500m이내공원수":2,
            "3km이내혐오시설수":0,
            "초등학교학업성취도":90.0,
            "중학교학업성취도":61.8,
            "용적률":0,
            "건폐율":0,
            "Y":35.9428,
            "X":126.96574,
            "rank":127.0,
            "area_info":"13평(45.87), 15평(52.37), 15평(52.73)",
            "last_sales":"2021-12-24,13000.0,15평(52.37)",
            "rank_history":[
                [
                    "202202",
                    127
                ],
                [
                    "202201",
                    128
                ]
            ],
            "rank_gap":1
        },
        {
            "index":366,
            "아파트명":"영등현대",
            "투자타입":"재건축",
            "전용면적(m2)":"88.46",
            "전용면적(평)":"26평",
            "법정동주소":"전라북도 익산시 영등동 529-2",
            "도로명주소":"전라북도 익산시 선화로47길 82",
            "세대수":0,
            "입주년차":"--",
            "용적률점수":0,
            "건폐율점수":0,
            "세대당주차수":"--",
            "난방방식":"--",
            "공급면적":70,
            "전용률":80,
            "욕실수":"--",
            "현관타입":"--",
            "주거총점":7.5,
            "지역구공급총점":0.0,
            "역세권":"NA",
            "30분내 이동가능 거점":"NA",
            "1시간내 이동가능 거점":"NA",
            "교통총점":"NA",
            "백화점":0,
            "아울렛몰":0,
            "대형마트":0,
            "은행":0,
            "병원":60,
            "종합병원":100,
            "공원":80,
            "혐오시설":0,
            "인프라총점":28.4,
            "초등학군":89.97,
            "중학군":45.78,
            "학군총점":54.618,
            "인구수":29.52,
            "인구증감":-6.36,
            "인구총점":18.756,
            "일자리":17.37,
            "소득수준":55.25,
            "일자리총점":28.734,
            "가치 총점":27.6395,
            "매매실거래년":20211128.0,
            "매매실거래가":10250.0,
            "전세실거래년":20141017.0,
            "전세실거래가":7500.0,
            "전세가율":89.29,
            "장기전세가율평균":77.82,
            "전세가율거품지수":-11.47,
            "검색코드":5242,
            "세대수":204.0,
            "준공년월":"1989-10-19",
            "준공년차":34.0,
            "가까운역이름":"NA",
            "가까운역거리":"NA",
            "역세권여부":"NA",
            "30분이내주요거점역":"NA",
            "30분거점역이름":"NA",
            "1시간이내주요거점역":"NA",
            "1시간거점역이름":"NA",
            "3km이내백화점수":0,
            "5km이내아울렛몰수":0,
            "1km이내대형먀트수":0,
            "500m이내은행수":0,
            "500m이내병원수":13,
            "5km이내대형병원수":2,
            "500m이내공원수":1,
            "3km이내혐오시설수":0,
            "초등학교학업성취도":89.97,
            "중학교학업성취도":74.7,
            "용적률":0,
            "건폐율":0,
            "Y":35.950829,
            "X":126.963852,
            "rank":128.0,
            "area_info":"26평(88.46), 31평(103.7)",
            "last_sales":"2021-11-28,10250.0,31평(103.7)",
            "rank_history":[
                [
                    "202202",
                    128
                ],
                [
                    "202201",
                    129
                ]
            ],
            "rank_gap":1
        },
        {
            "index":250,
            "아파트명":"신동제일",
            "투자타입":"일반",
            "전용면적(m2)":"75.38",
            "전용면적(평)":"22평",
            "법정동주소":"전라북도 익산시 신동 765-23",
            "도로명주소":"전라북도 익산시 동서로21길 94-19",
            "세대수":0,
            "입주년차":0,
            "용적률점수":"--",
            "건폐율점수":"--",
            "세대당주차수":0,
            "난방방식":30,
            "공급면적":"--",
            "전용률":"--",
            "욕실수":50,
            "현관타입":10,
            "주거총점":9.0,
            "지역구공급총점":0.0,
            "역세권":"NA",
            "30분내 이동가능 거점":"NA",
            "1시간내 이동가능 거점":"NA",
            "교통총점":"NA",
            "백화점":0,
            "아울렛몰":0,
            "대형마트":0,
            "은행":0,
            "병원":30,
            "종합병원":100,
            "공원":100,
            "혐오시설":0,
            "인프라총점":26.0,
            "초등학군":90.02,
            "중학군":46.2,
            "학군총점":54.964,
            "인구수":29.52,
            "인구증감":-6.36,
            "인구총점":18.756,
            "일자리":17.37,
            "소득수준":55.25,
            "일자리총점":28.734,
            "가치 총점":27.291,
            "매매실거래년":20220116.0,
            "매매실거래가":16500.0,
            "전세실거래년":20200325.0,
            "전세실거래가":12000.0,
            "전세가율":86.33,
            "장기전세가율평균":77.82,
            "전세가율거품지수":-8.51,
            "검색코드":5203,
            "세대수":177.0,
            "준공년월":"1996-12-19",
            "준공년차":27.0,
            "가까운역이름":"NA",
            "가까운역거리":"NA",
            "역세권여부":"NA",
            "30분이내주요거점역":"NA",
            "30분거점역이름":"NA",
            "1시간이내주요거점역":"NA",
            "1시간거점역이름":"NA",
            "3km이내백화점수":0,
            "5km이내아울렛몰수":0,
            "1km이내대형먀트수":0,
            "500m이내은행수":0,
            "500m이내병원수":6,
            "5km이내대형병원수":2,
            "500m이내공원수":9,
            "3km이내혐오시설수":0,
            "초등학교학업성취도":90.02,
            "중학교학업성취도":76.4,
            "용적률":270,
            "건폐율":33,
            "Y":35.961999,
            "X":126.961101,
            "rank":129.0,
            "area_info":"22평(75.38), 32평(106.8), 50평(168.26)",
            "last_sales":"2022-01-16,16500.0,32평(106.8)",
            "rank_history":[
                [
                    "202202",
                    129
                ],
                [
                    "202201",
                    131
                ]
            ],
            "rank_gap":2
        },
        {
            "index":80,
            "아파트명":"우림그린맨션",
            "투자타입":"일반",
            "전용면적(m2)":"86.35",
            "전용면적(평)":"26평",
            "법정동주소":"전라북도 익산시 마동 70-1",
            "도로명주소":"전라북도 익산시 서동로 164",
            "세대수":0,
            "입주년차":0,
            "용적률점수":"--",
            "건폐율점수":"--",
            "세대당주차수":0,
            "난방방식":30,
            "공급면적":"--",
            "전용률":"--",
            "욕실수":50,
            "현관타입":10,
            "주거총점":9.0,
            "지역구공급총점":0.0,
            "역세권":"NA",
            "30분내 이동가능 거점":"NA",
            "1시간내 이동가능 거점":"NA",
            "교통총점":"NA",
            "백화점":0,
            "아울렛몰":0,
            "대형마트":0,
            "은행":0,
            "병원":60,
            "종합병원":100,
            "공원":100,
            "혐오시설":0,
            "인프라총점":29.0,
            "초등학군":90.01,
            "중학군":35.28,
            "학군총점":46.226,
            "인구수":29.52,
            "인구증감":-6.36,
            "인구총점":18.756,
            "일자리":17.37,
            "소득수준":55.25,
            "일자리총점":28.734,
            "가치 총점":26.3065,
            "매매실거래년":20211129.0,
            "매매실거래가":15700.0,
            "전세실거래년":20191205.0,
            "전세실거래가":6000.0,
            "전세가율":92.31,
            "장기전세가율평균":77.82,
            "전세가율거품지수":-14.49,
            "검색코드":5139,
            "세대수":200.0,
            "준공년월":"1994-06-24",
            "준공년차":29.0,
            "가까운역이름":"NA",
            "가까운역거리":"NA",
            "역세권여부":"NA",
            "30분이내주요거점역":"NA",
            "30분거점역이름":"NA",
            "1시간이내주요거점역":"NA",
            "1시간거점역이름":"NA",
            "3km이내백화점수":0,
            "5km이내아울렛몰수":0,
            "1km이내대형먀트수":0,
            "500m이내은행수":1,
            "500m이내병원수":12,
            "5km이내대형병원수":2,
            "500m이내공원수":2,
            "3km이내혐오시설수":0,
            "초등학교학업성취도":90.01,
            "중학교학업성취도":58.8,
            "용적률":0,
            "건폐율":0,
            "Y":35.93646,
            "X":126.96945,
            "rank":130.0,
            "area_info":"26평(86.35), 32평(106.01), 40평(134.78)",
            "last_sales":"2021-11-29,15700.0,40평(134.78)",
            "rank_history":[
                [
                    "202202",
                    130
                ],
                [
                    "202201",
                    134
                ]
            ],
            "rank_gap":4
        },
        {
            "index":162,
            "아파트명":"동신",
            "투자타입":"일반",
            "전용면적(m2)":"57.56",
            "전용면적(평)":"17평",
            "법정동주소":"전라북도 익산시 모현동2가 198-2",
            "도로명주소":"전라북도 익산시 동서로 48",
            "세대수":0,
            "입주년차":0,
            "용적률점수":"--",
            "건폐율점수":"--",
            "세대당주차수":0,
            "난방방식":30,
            "공급면적":"--",
            "전용률":"--",
            "욕실수":50,
            "현관타입":10,
            "주거총점":9.0,
            "지역구공급총점":0.0,
            "역세권":"NA",
            "30분내 이동가능 거점":"NA",
            "1시간내 이동가능 거점":"NA",
            "교통총점":"NA",
            "백화점":0,
            "아울렛몰":0,
            "대형마트":0,
            "은행":0,
            "병원":0,
            "종합병원":100,
            "공원":100,
            "혐오시설":0,
            "인프라총점":23.0,
            "초등학군":90.01,
            "중학군":46.24,
            "학군총점":54.994,
            "인구수":29.52,
            "인구증감":-6.36,
            "인구총점":18.756,
            "일자리":17.37,
            "소득수준":55.25,
            "일자리총점":28.734,
            "가치 총점":26.0985,
            "매매실거래년":20220124.0,
            "매매실거래가":6900.0,
            "전세실거래년":20180831.0,
            "전세실거래가":6000.0,
            "전세가율":95.24,
            "장기전세가율평균":77.82,
            "전세가율거품지수":-17.42,
            "검색코드":5149,
            "세대수":299.0,
            "준공년월":"1994-08-30",
            "준공년차":29.0,
            "가까운역이름":"NA",
            "가까운역거리":"NA",
            "역세권여부":"NA",
            "30분이내주요거점역":"NA",
            "30분거점역이름":"NA",
            "1시간이내주요거점역":"NA",
            "1시간거점역이름":"NA",
            "3km이내백화점수":0,
            "5km이내아울렛몰수":0,
            "1km이내대형먀트수":0,
            "500m이내은행수":0,
            "500m이내병원수":0,
            "5km이내대형병원수":2,
            "500m이내공원수":10,
            "3km이내혐오시설수":0,
            "초등학교학업성취도":90.01,
            "중학교학업성취도":76.8,
            "용적률":235,
            "건폐율":22,
            "Y":35.956835,
            "X":126.940617,
            "rank":131.0,
            "area_info":"17평(57.56), 19평(66.04), 27평(91.86)",
            "last_sales":"2022-01-24,6900.0,19평(66.04)",
            "rank_history":[
                [
                    "202202",
                    131
                ],
                [
                    "202201",
                    132
                ]
            ],
            "rank_gap":1
        },
        {
            "index":360,
            "아파트명":"영등주공2단지",
            "투자타입":"재건축",
            "전용면적(m2)":"32.4",
            "전용면적(평)":"9평",
            "법정동주소":"전라북도 익산시 영등동 255-6",
            "도로명주소":"전라북도 익산시 동서로 326-9",
            "세대수":0,
            "입주년차":"--",
            "용적률점수":0,
            "건폐율점수":0,
            "세대당주차수":"--",
            "난방방식":"--",
            "공급면적":50,
            "전용률":60,
            "욕실수":"--",
            "현관타입":"--",
            "주거총점":5.5,
            "지역구공급총점":0.0,
            "역세권":"NA",
            "30분내 이동가능 거점":"NA",
            "1시간내 이동가능 거점":"NA",
            "교통총점":"NA",
            "백화점":0,
            "아울렛몰":0,
            "대형마트":0,
            "은행":20,
            "병원":30,
            "종합병원":100,
            "공원":0,
            "혐오시설":0,
            "인프라총점":25.0,
            "초등학군":89.99,
            "중학군":45.78,
            "학군총점":54.622,
            "인구수":29.52,
            "인구증감":-6.36,
            "인구총점":18.756,
            "일자리":17.37,
            "소득수준":55.25,
            "일자리총점":28.734,
            "가치 총점":25.5805,
            "매매실거래년":20211028.0,
            "매매실거래가":9000.0,
            "전세실거래년":20110908.0,
            "전세실거래가":1400.0,
            "전세가율":51.85,
            "장기전세가율평균":77.82,
            "전세가율거품지수":25.97,
            "검색코드":5239,
            "세대수":290.0,
            "준공년월":"1988-07-22",
            "준공년차":35.0,
            "가까운역이름":"NA",
            "가까운역거리":"NA",
            "역세권여부":"NA",
            "30분이내주요거점역":"NA",
            "30분거점역이름":"NA",
            "1시간이내주요거점역":"NA",
            "1시간거점역이름":"NA",
            "3km이내백화점수":0,
            "5km이내아울렛몰수":0,
            "1km이내대형먀트수":0,
            "500m이내은행수":2,
            "500m이내병원수":7,
            "5km이내대형병원수":2,
            "500m이내공원수":0,
            "3km이내혐오시설수":0,
            "초등학교학업성취도":89.99,
            "중학교학업성취도":74.7,
            "용적률":0,
            "건폐율":0,
            "Y":35.950046,
            "X":126.970303,
            "rank":132.0,
            "area_info":"9평(32.4), 12평(41.46), 15평(50.66), 15평(50.87), 17평(57.93), 17평(57.57)",
            "last_sales":"2021-10-28,9000.0,17평(57.57)",
            "rank_history":[
                [
                    "202202",
                    132
                ],
                [
                    "202201",
                    118
                ]
            ],
            "rank_gap":-14
        },
        {
            "index":243,
            "아파트명":"신동동북",
            "투자타입":"재건축",
            "전용면적(m2)":"82.32",
            "전용면적(평)":"24평",
            "법정동주소":"전라북도 익산시 신동 620-3",
            "도로명주소":"전라북도 익산시 동서로 179-14",
            "세대수":0,
            "입주년차":"--",
            "용적률점수":0,
            "건폐율점수":0,
            "세대당주차수":"--",
            "난방방식":"--",
            "공급면적":70,
            "전용률":80,
            "욕실수":"--",
            "현관타입":"--",
            "주거총점":7.5,
            "지역구공급총점":0.0,
            "역세권":"NA",
            "30분내 이동가능 거점":"NA",
            "1시간내 이동가능 거점":"NA",
            "교통총점":"NA",
            "백화점":0,
            "아울렛몰":0,
            "대형마트":0,
            "은행":0,
            "병원":0,
            "종합병원":100,
            "공원":100,
            "혐오시설":0,
            "인프라총점":23.0,
            "초등학군":89.97,
            "중학군":44.98,
            "학군총점":53.978,
            "인구수":29.52,
            "인구증감":-6.36,
            "인구총점":18.756,
            "일자리":17.37,
            "소득수준":55.25,
            "일자리총점":28.734,
            "가치 총점":25.3195,
            "매매실거래년":20210916.0,
            "매매실거래가":7500.0,
            "전세실거래년":null,
            "전세실거래가":null,
            "전세가율":null,
            "장기전세가율평균":77.82,
            "전세가율거품지수":null,
            "검색코드":5202,
            "세대수":115.0,
            "준공년월":"1989-11-29",
            "준공년차":34.0,
            "가까운역이름":"NA",
            "가까운역거리":"NA",
            "역세권여부":"NA",
            "30분이내주요거점역":"NA",
            "30분거점역이름":"NA",
            "1시간이내주요거점역":"NA",
            "1시간거점역이름":"NA",
            "3km이내백화점수":0,
            "5km이내아울렛몰수":0,
            "1km이내대형먀트수":0,
            "500m이내은행수":0,
            "500m이내병원수":1,
            "5km이내대형병원수":2,
            "500m이내공원수":5,
            "3km이내혐오시설수":0,
            "초등학교학업성취도":89.97,
            "중학교학업성취도":73.9,
            "용적률":0,
            "건폐율":0,
            "Y":35.95608,
            "X":126.954173,
            "rank":133.0,
            "area_info":"24평(82.32), 26평(86.8), 26평(87.42), 26평(88.1), 27평(91.74), 28평(94.47), 29평(98.37)",
            "last_sales":"2021-09-16,7500.0,29평(98.37)",
            "rank_history":[
                [
                    "202202",
                    133
                ],
                [
                    "202201",
                    133
                ]
            ],
            "rank_gap":0
        },
        {
            "index":90,
            "아파트명":"조공전원맨션",
            "투자타입":"재건축",
            "전용면적(m2)":"117.03",
            "전용면적(평)":"35평",
            "법정동주소":"전라북도 익산시 마동 153-1",
            "도로명주소":"전라북도 익산시 선화로 316-4",
            "세대수":0,
            "입주년차":"--",
            "용적률점수":0,
            "건폐율점수":0,
            "세대당주차수":"--",
            "난방방식":"--",
            "공급면적":100,
            "전용률":60,
            "욕실수":"--",
            "현관타입":"--",
            "주거총점":8.0,
            "지역구공급총점":0.0,
            "역세권":"NA",
            "30분내 이동가능 거점":"NA",
            "1시간내 이동가능 거점":"NA",
            "교통총점":"NA",
            "백화점":0,
            "아울렛몰":0,
            "대형마트":0,
            "은행":0,
            "병원":30,
            "종합병원":100,
            "공원":80,
            "혐오시설":0,
            "인프라총점":25.4,
            "초등학군":89.99,
            "중학군":37.64,
            "학군총점":48.11,
            "인구수":29.52,
            "인구증감":-6.36,
            "인구총점":18.756,
            "일자리":17.37,
            "소득수준":55.25,
            "일자리총점":28.734,
            "가치 총점":24.9875,
            "매매실거래년":20211005.0,
            "매매실거래가":6600.0,
            "전세실거래년":20190614.0,
            "전세실거래가":6000.0,
            "전세가율":90.91,
            "장기전세가율평균":77.82,
            "전세가율거품지수":-13.09,
            "검색코드":5141,
            "세대수":120.0,
            "준공년월":"1985-05-15",
            "준공년차":38.0,
            "가까운역이름":"NA",
            "가까운역거리":"NA",
            "역세권여부":"NA",
            "30분이내주요거점역":"NA",
            "30분거점역이름":"NA",
            "1시간이내주요거점역":"NA",
            "1시간거점역이름":"NA",
            "3km이내백화점수":0,
            "5km이내아울렛몰수":0,
            "1km이내대형먀트수":0,
            "500m이내은행수":0,
            "500m이내병원수":8,
            "5km이내대형병원수":2,
            "500m이내공원수":1,
            "3km이내혐오시설수":0,
            "초등학교학업성취도":89.99,
            "중학교학업성취도":61.8,
            "용적률":0,
            "건폐율":0,
            "Y":35.94502,
            "X":126.96439,
            "rank":134.0,
            "area_info":"35평(117.03), 48평(160.82)",
            "last_sales":"2021-10-05,6600.0,35평(117.03)",
            "rank_history":[
                [
                    "202202",
                    134
                ],
                [
                    "202201",
                    135
                ]
            ],
            "rank_gap":1
        },
        {
            "index":277,
            "아파트명":"동남",
            "투자타입":"재건축",
            "전용면적(m2)":"56.78",
            "전용면적(평)":"17평",
            "법정동주소":"전라북도 익산시 어양동 511-16",
            "도로명주소":"전라북도 익산시 동서로 465",
            "세대수":0,
            "입주년차":"--",
            "용적률점수":0,
            "건폐율점수":0,
            "세대당주차수":"--",
            "난방방식":"--",
            "공급면적":50,
            "전용률":80,
            "욕실수":"--",
            "현관타입":"--",
            "주거총점":6.5,
            "지역구공급총점":0.0,
            "역세권":"NA",
            "30분내 이동가능 거점":"NA",
            "1시간내 이동가능 거점":"NA",
            "교통총점":"NA",
            "백화점":0,
            "아울렛몰":0,
            "대형마트":0,
            "은행":0,
            "병원":10,
            "종합병원":100,
            "공원":100,
            "혐오시설":-50,
            "인프라총점":23.0,
            "초등학군":89.99,
            "중학군":43.06,
            "학군총점":52.446,
            "인구수":29.52,
            "인구증감":-6.36,
            "인구총점":18.756,
            "일자리":17.37,
            "소득수준":55.25,
            "일자리총점":28.734,
            "가치 총점":24.5865,
            "매매실거래년":20210916.0,
            "매매실거래가":7000.0,
            "전세실거래년":20201224.0,
            "전세실거래가":3500.0,
            "전세가율":63.64,
            "장기전세가율평균":77.82,
            "전세가율거품지수":14.18,
            "검색코드":15006,
            "세대수":165.0,
            "준공년월":"1986-05-01",
            "준공년차":37.0,
            "가까운역이름":"NA",
            "가까운역거리":"NA",
            "역세권여부":"NA",
            "30분이내주요거점역":"NA",
            "30분거점역이름":"NA",
            "1시간이내주요거점역":"NA",
            "1시간거점역이름":"NA",
            "3km이내백화점수":0,
            "5km이내아울렛몰수":0,
            "1km이내대형먀트수":0,
            "500m이내은행수":0,
            "500m이내병원수":4,
            "5km이내대형병원수":2,
            "500m이내공원수":5,
            "3km이내혐오시설수":1,
            "초등학교학업성취도":89.99,
            "중학교학업성취도":71.3,
            "용적률":0,
            "건폐율":0,
            "Y":35.952394,
            "X":126.984605,
            "rank":135.0,
            "area_info":"17평(56.78), 17평(58.9), 18평(61.47), 20평(66.38), 20평(68.49), 21평(71.05)",
            "last_sales":"2021-09-16,7000.0,21평(71.05)",
            "rank_history":[
                [
                    "202202",
                    135
                ],
                [
                    "202201",
                    136
                ]
            ],
            "rank_gap":1
        },
        {
            "index":167,
            "아파트명":"목천원주",
            "투자타입":"일반",
            "전용면적(m2)":"38.83",
            "전용면적(평)":"11평",
            "법정동주소":"전라북도 익산시 목천동 396-1",
            "도로명주소":"전라북도 익산시 목천로 48",
            "세대수":0,
            "입주년차":0,
            "용적률점수":"--",
            "건폐율점수":"--",
            "세대당주차수":0,
            "난방방식":30,
            "공급면적":"--",
            "전용률":"--",
            "욕실수":50,
            "현관타입":50,
            "주거총점":13.0,
            "지역구공급총점":0.0,
            "역세권":"NA",
            "30분내 이동가능 거점":"NA",
            "1시간내 이동가능 거점":"NA",
            "교통총점":"NA",
            "백화점":0,
            "아울렛몰":0,
            "대형마트":0,
            "은행":0,
            "병원":0,
            "종합병원":0,
            "공원":0,
            "혐오시설":0,
            "인프라총점":0.0,
            "초등학군":89.96,
            "중학군":44.44,
            "학군총점":53.544,
            "인구수":29.52,
            "인구증감":-6.36,
            "인구총점":18.756,
            "일자리":17.37,
            "소득수준":55.25,
            "일자리총점":28.734,
            "가치 총점":17.936,
            "매매실거래년":20211119.0,
            "매매실거래가":6500.0,
            "전세실거래년":null,
            "전세실거래가":null,
            "전세가율":null,
            "장기전세가율평균":77.82,
            "전세가율거품지수":null,
            "검색코드":106639,
            "세대수":222.0,
            "준공년월":"1995-02-24",
            "준공년차":28.0,
            "가까운역이름":"NA",
            "가까운역거리":"NA",
            "역세권여부":"NA",
            "30분이내주요거점역":"NA",
            "30분거점역이름":"NA",
            "1시간이내주요거점역":"NA",
            "1시간거점역이름":"NA",
            "3km이내백화점수":0,
            "5km이내아울렛몰수":0,
            "1km이내대형먀트수":0,
            "500m이내은행수":0,
            "500m이내병원수":0,
            "5km이내대형병원수":0,
            "500m이내공원수":0,
            "3km이내혐오시설수":0,
            "초등학교학업성취도":89.96,
            "중학교학업성취도":73.4,
            "용적률":306,
            "건폐율":32,
            "Y":35.918231,
            "X":126.934218,
            "rank":136.0,
            "area_info":"11평(38.83), 11평(39.33), 13평(44.75), 17평(57.89), 19평(63.05), 21평(72.72), 23평(77.2)",
            "last_sales":"2021-11-19,6500.0,23평(77.2)",
            "rank_history":[
                [
                    "202202",
                    136
                ],
                [
                    "202201",
                    137
                ]
            ],
            "rank_gap":1
        },
        {
            "index":414,
            "아파트명":"황등",
            "투자타입":"일반",
            "전용면적(m2)":"43.01",
            "전용면적(평)":"13평",
            "법정동주소":"전라북도 익산시 황등면 율촌리 522-50",
            "도로명주소":"전라북도 익산시 익산대로 1220",
            "세대수":0,
            "입주년차":0,
            "용적률점수":"--",
            "건폐율점수":"--",
            "세대당주차수":0,
            "난방방식":30,
            "공급면적":"--",
            "전용률":"--",
            "욕실수":50,
            "현관타입":10,
            "주거총점":9.0,
            "지역구공급총점":0.0,
            "역세권":"NA",
            "30분내 이동가능 거점":"NA",
            "1시간내 이동가능 거점":"NA",
            "교통총점":"NA",
            "백화점":0,
            "아울렛몰":0,
            "대형마트":0,
            "은행":0,
            "병원":0,
            "종합병원":0,
            "공원":0,
            "혐오시설":0,
            "인프라총점":0.0,
            "초등학군":90.0,
            "중학군":44.16,
            "학군총점":53.328,
            "인구수":29.52,
            "인구증감":-6.36,
            "인구총점":18.756,
            "일자리":17.37,
            "소득수준":55.25,
            "일자리총점":28.734,
            "가치 총점":16.482,
            "매매실거래년":"18000101",
            "매매실거래가":null,
            "전세실거래년":null,
            "전세실거래가":null,
            "전세가율":null,
            "장기전세가율평균":77.82,
            "전세가율거품지수":null,
            "검색코드":127267,
            "세대수":100.0,
            "준공년월":"1993-06-29",
            "준공년차":30.0,
            "가까운역이름":"NA",
            "가까운역거리":"NA",
            "역세권여부":"NA",
            "30분이내주요거점역":"NA",
            "30분거점역이름":"NA",
            "1시간이내주요거점역":"NA",
            "1시간거점역이름":"NA",
            "3km이내백화점수":0,
            "5km이내아울렛몰수":0,
            "1km이내대형먀트수":0,
            "500m이내은행수":0,
            "500m이내병원수":0,
            "5km이내대형병원수":0,
            "500m이내공원수":0,
            "3km이내혐오시설수":0,
            "초등학교학업성취도":90.0,
            "중학교학업성취도":73.6,
            "용적률":0,
            "건폐율":0,
            "Y":36.029945,
            "X":126.948342,
            "rank":137.0,
            "area_info":"13평(43.01)",
            "last_sales":"1800-01-01,nan,13평(43.01)",
            "rank_history":[
                [
                    "202202",
                    137
                ],
                [
                    "202201",
                    138
                ]
            ],
            "rank_gap":1
        }
    ]
}