{
    "schema":{
        "fields":[
            {
                "name":"index",
                "type":"integer"
            },
            {
                "name":"아파트명",
                "type":"string"
            },
            {
                "name":"투자타입",
                "type":"string"
            },
            {
                "name":"전용면적(m2)",
                "type":"string"
            },
            {
                "name":"전용면적(평)",
                "type":"string"
            },
            {
                "name":"법정동주소",
                "type":"string"
            },
            {
                "name":"도로명주소",
                "type":"string"
            },
            {
                "name":"세대수",
                "type":"integer"
            },
            {
                "name":"입주년차",
                "type":"string"
            },
            {
                "name":"용적률점수",
                "type":"string"
            },
            {
                "name":"건폐율점수",
                "type":"string"
            },
            {
                "name":"세대당주차수",
                "type":"string"
            },
            {
                "name":"난방방식",
                "type":"string"
            },
            {
                "name":"공급면적",
                "type":"string"
            },
            {
                "name":"전용률",
                "type":"string"
            },
            {
                "name":"욕실수",
                "type":"string"
            },
            {
                "name":"현관타입",
                "type":"string"
            },
            {
                "name":"주거총점",
                "type":"number"
            },
            {
                "name":"지역구공급총점",
                "type":"number"
            },
            {
                "name":"역세권",
                "type":"string"
            },
            {
                "name":"30분내 이동가능 거점",
                "type":"string"
            },
            {
                "name":"1시간내 이동가능 거점",
                "type":"string"
            },
            {
                "name":"교통총점",
                "type":"string"
            },
            {
                "name":"백화점",
                "type":"integer"
            },
            {
                "name":"아울렛몰",
                "type":"integer"
            },
            {
                "name":"대형마트",
                "type":"integer"
            },
            {
                "name":"은행",
                "type":"integer"
            },
            {
                "name":"병원",
                "type":"integer"
            },
            {
                "name":"종합병원",
                "type":"integer"
            },
            {
                "name":"공원",
                "type":"integer"
            },
            {
                "name":"혐오시설",
                "type":"integer"
            },
            {
                "name":"인프라총점",
                "type":"number"
            },
            {
                "name":"초등학군",
                "type":"number"
            },
            {
                "name":"중학군",
                "type":"number"
            },
            {
                "name":"학군총점",
                "type":"number"
            },
            {
                "name":"인구수",
                "type":"number"
            },
            {
                "name":"인구증감",
                "type":"number"
            },
            {
                "name":"인구총점",
                "type":"number"
            },
            {
                "name":"일자리",
                "type":"number"
            },
            {
                "name":"소득수준",
                "type":"number"
            },
            {
                "name":"일자리총점",
                "type":"number"
            },
            {
                "name":"가치 총점",
                "type":"number"
            },
            {
                "name":"매매실거래년",
                "type":"string"
            },
            {
                "name":"매매실거래가",
                "type":"number"
            },
            {
                "name":"전세실거래년",
                "type":"number"
            },
            {
                "name":"전세실거래가",
                "type":"number"
            },
            {
                "name":"전세가율",
                "type":"number"
            },
            {
                "name":"장기전세가율평균",
                "type":"number"
            },
            {
                "name":"전세가율거품지수",
                "type":"number"
            },
            {
                "name":"검색코드",
                "type":"integer"
            },
            {
                "name":"세대수",
                "type":"number"
            },
            {
                "name":"준공년월",
                "type":"string"
            },
            {
                "name":"준공년차",
                "type":"number"
            },
            {
                "name":"가까운역이름",
                "type":"string"
            },
            {
                "name":"가까운역거리",
                "type":"string"
            },
            {
                "name":"역세권여부",
                "type":"string"
            },
            {
                "name":"30분이내주요거점역",
                "type":"string"
            },
            {
                "name":"30분거점역이름",
                "type":"string"
            },
            {
                "name":"1시간이내주요거점역",
                "type":"string"
            },
            {
                "name":"1시간거점역이름",
                "type":"string"
            },
            {
                "name":"3km이내백화점수",
                "type":"integer"
            },
            {
                "name":"5km이내아울렛몰수",
                "type":"integer"
            },
            {
                "name":"1km이내대형먀트수",
                "type":"integer"
            },
            {
                "name":"500m이내은행수",
                "type":"integer"
            },
            {
                "name":"500m이내병원수",
                "type":"integer"
            },
            {
                "name":"5km이내대형병원수",
                "type":"integer"
            },
            {
                "name":"500m이내공원수",
                "type":"integer"
            },
            {
                "name":"3km이내혐오시설수",
                "type":"integer"
            },
            {
                "name":"초등학교학업성취도",
                "type":"number"
            },
            {
                "name":"중학교학업성취도",
                "type":"number"
            },
            {
                "name":"용적률",
                "type":"integer"
            },
            {
                "name":"건폐율",
                "type":"integer"
            },
            {
                "name":"Y",
                "type":"number"
            },
            {
                "name":"X",
                "type":"number"
            },
            {
                "name":"rank",
                "type":"number"
            },
            {
                "name":"area_info",
                "type":"string"
            },
            {
                "name":"last_sales",
                "type":"string"
            },
            {
                "name":"rank_history",
                "type":"string"
            },
            {
                "name":"rank_gap",
                "type":"integer"
            }
        ],
        "primaryKey":[
            "index"
        ],
        "pandas_version":"1.4.0"
    },
    "data":[
        {
            "index":232,
            "아파트명":"중마주공1차",
            "투자타입":"재건축",
            "전용면적(m2)":"45.15",
            "전용면적(평)":"13평",
            "법정동주소":"전라남도 광양시 중동 1294",
            "도로명주소":"전라남도 광양시 중마청룡길 40",
            "세대수":50,
            "입주년차":"--",
            "용적률점수":100,
            "건폐율점수":100,
            "세대당주차수":"--",
            "난방방식":"--",
            "공급면적":50,
            "전용률":80,
            "욕실수":"--",
            "현관타입":"--",
            "주거총점":81.5,
            "지역구공급총점":0.0,
            "역세권":"NA",
            "30분내 이동가능 거점":"NA",
            "1시간내 이동가능 거점":"NA",
            "교통총점":"NA",
            "백화점":0,
            "아울렛몰":0,
            "대형마트":100,
            "은행":100,
            "병원":30,
            "종합병원":80,
            "공원":100,
            "혐오시설":0,
            "인프라총점":47.0,
            "초등학군":90.0,
            "중학군":46.64,
            "학군총점":55.312,
            "인구수":16.88,
            "인구증감":-5.16,
            "인구총점":10.268,
            "일자리":10.85,
            "소득수준":65.11,
            "일자리총점":27.128,
            "가치 총점":61.153,
            "매매실거래년":20220120.0,
            "매매실거래가":4508.0,
            "전세실거래년":20210104.0,
            "전세실거래가":2000.0,
            "전세가율":44.37,
            "장기전세가율평균":76.14,
            "전세가율거품지수":31.77,
            "검색코드":4470,
            "세대수":450.0,
            "준공년월":"1990-01-09",
            "준공년차":33.0,
            "가까운역이름":"NA",
            "가까운역거리":"NA",
            "역세권여부":"NA",
            "30분이내주요거점역":"NA",
            "30분거점역이름":"NA",
            "1시간이내주요거점역":"NA",
            "1시간거점역이름":"NA",
            "3km이내백화점수":0,
            "5km이내아울렛몰수":0,
            "1km이내대형먀트수":3,
            "500m이내은행수":7,
            "500m이내병원수":8,
            "5km이내대형병원수":1,
            "500m이내공원수":8,
            "3km이내혐오시설수":0,
            "초등학교학업성취도":90.0,
            "중학교학업성취도":77.2,
            "용적률":95,
            "건폐율":19,
            "Y":34.943312,
            "X":127.699909,
            "rank":1.0,
            "area_info":"13평(45.15), 13평(45.54), 15평(52.53), 15평(52.86)",
            "last_sales":"2022-01-20,4508.0,13평(45.15)",
            "rank_history":[
                [
                    "202202",
                    1
                ],
                [
                    "202201",
                    2
                ]
            ],
            "rank_gap":1
        },
        {
            "index":191,
            "아파트명":"e편한세상광양",
            "투자타입":"일반",
            "전용면적(m2)":"119.48",
            "전용면적(평)":"36평",
            "법정동주소":"전라남도 광양시 중동 1309-1",
            "도로명주소":"전라남도 광양시 시청로 62",
            "세대수":50,
            "입주년차":80,
            "용적률점수":"--",
            "건폐율점수":"--",
            "세대당주차수":30,
            "난방방식":30,
            "공급면적":"--",
            "전용률":"--",
            "욕실수":100,
            "현관타입":100,
            "주거총점":61.0,
            "지역구공급총점":0.0,
            "역세권":"NA",
            "30분내 이동가능 거점":"NA",
            "1시간내 이동가능 거점":"NA",
            "교통총점":"NA",
            "백화점":0,
            "아울렛몰":0,
            "대형마트":100,
            "은행":100,
            "병원":80,
            "종합병원":80,
            "공원":100,
            "혐오시설":0,
            "인프라총점":52.0,
            "초등학군":90.01,
            "중학군":50.58,
            "학군총점":58.466,
            "인구수":16.88,
            "인구증감":-5.16,
            "인구총점":10.268,
            "일자리":10.85,
            "소득수준":65.11,
            "일자리총점":27.128,
            "가치 총점":56.7665,
            "매매실거래년":20211115.0,
            "매매실거래가":33900.0,
            "전세실거래년":null,
            "전세실거래가":null,
            "전세가율":null,
            "장기전세가율평균":76.14,
            "전세가율거품지수":null,
            "검색코드":107696,
            "세대수":440.0,
            "준공년월":"2016-06-21",
            "준공년차":7.0,
            "가까운역이름":"NA",
            "가까운역거리":"NA",
            "역세권여부":"NA",
            "30분이내주요거점역":"NA",
            "30분거점역이름":"NA",
            "1시간이내주요거점역":"NA",
            "1시간거점역이름":"NA",
            "3km이내백화점수":0,
            "5km이내아울렛몰수":0,
            "1km이내대형먀트수":3,
            "500m이내은행수":6,
            "500m이내병원수":41,
            "5km이내대형병원수":1,
            "500m이내공원수":9,
            "3km이내혐오시설수":0,
            "초등학교학업성취도":90.01,
            "중학교학업성취도":83.9,
            "용적률":910,
            "건폐율":73,
            "Y":34.939244,
            "X":127.698949,
            "rank":2.0,
            "area_info":"36평(119.48), 36평(119.48), 36평(121.35), 36평(121.67)",
            "last_sales":"2021-11-15,33900.0,36평(121.67)",
            "rank_history":[
                [
                    "202202",
                    2
                ],
                [
                    "202201",
                    1
                ]
            ],
            "rank_gap":-1
        },
        {
            "index":249,
            "아파트명":"호반리젠시빌",
            "투자타입":"일반",
            "전용면적(m2)":"105.14",
            "전용면적(평)":"31평",
            "법정동주소":"전라남도 광양시 중동 1655",
            "도로명주소":"전라남도 광양시 공영로 39",
            "세대수":80,
            "입주년차":20,
            "용적률점수":"--",
            "건폐율점수":"--",
            "세대당주차수":30,
            "난방방식":30,
            "공급면적":"--",
            "전용률":"--",
            "욕실수":100,
            "현관타입":100,
            "주거총점":59.5,
            "지역구공급총점":0.0,
            "역세권":"NA",
            "30분내 이동가능 거점":"NA",
            "1시간내 이동가능 거점":"NA",
            "교통총점":"NA",
            "백화점":0,
            "아울렛몰":0,
            "대형마트":100,
            "은행":70,
            "병원":80,
            "종합병원":80,
            "공원":100,
            "혐오시설":0,
            "인프라총점":49.0,
            "초등학군":90.01,
            "중학군":50.58,
            "학군총점":58.466,
            "인구수":16.88,
            "인구증감":-5.16,
            "인구총점":10.268,
            "일자리":10.85,
            "소득수준":65.11,
            "일자리총점":27.128,
            "가치 총점":55.0415,
            "매매실거래년":20211228.0,
            "매매실거래가":21400.0,
            "전세실거래년":20211130.0,
            "전세실거래가":15500.0,
            "전세가율":72.43,
            "장기전세가율평균":76.14,
            "전세가율거품지수":3.71,
            "검색코드":100873,
            "세대수":844.0,
            "준공년월":"2000-12-08",
            "준공년차":23.0,
            "가까운역이름":"NA",
            "가까운역거리":"NA",
            "역세권여부":"NA",
            "30분이내주요거점역":"NA",
            "30분거점역이름":"NA",
            "1시간이내주요거점역":"NA",
            "1시간거점역이름":"NA",
            "3km이내백화점수":0,
            "5km이내아울렛몰수":0,
            "1km이내대형먀트수":4,
            "500m이내은행수":3,
            "500m이내병원수":41,
            "5km이내대형병원수":1,
            "500m이내공원수":5,
            "3km이내혐오시설수":0,
            "초등학교학업성취도":90.01,
            "중학교학업성취도":83.9,
            "용적률":229,
            "건폐율":19,
            "Y":34.936995,
            "X":127.693659,
            "rank":3.0,
            "area_info":"31평(105.14)",
            "last_sales":"2021-12-28,21400.0,31평(105.14)",
            "rank_history":[
                [
                    "202202",
                    3
                ],
                [
                    "202201",
                    3
                ]
            ],
            "rank_gap":0
        },
        {
            "index":197,
            "아파트명":"광양중마2차진아리채",
            "투자타입":"일반",
            "전용면적(m2)":"112.5",
            "전용면적(평)":"34평",
            "법정동주소":"전라남도 광양시 중동 1912",
            "도로명주소":"전라남도 광양시 중마1길 21",
            "세대수":50,
            "입주년차":80,
            "용적률점수":"--",
            "건폐율점수":"--",
            "세대당주차수":30,
            "난방방식":30,
            "공급면적":"--",
            "전용률":"--",
            "욕실수":100,
            "현관타입":100,
            "주거총점":61.0,
            "지역구공급총점":0.0,
            "역세권":"NA",
            "30분내 이동가능 거점":"NA",
            "1시간내 이동가능 거점":"NA",
            "교통총점":"NA",
            "백화점":0,
            "아울렛몰":0,
            "대형마트":100,
            "은행":0,
            "병원":30,
            "종합병원":80,
            "공원":100,
            "혐오시설":0,
            "인프라총점":37.0,
            "초등학군":90.01,
            "중학군":48.54,
            "학군총점":56.834,
            "인구수":16.88,
            "인구증감":-5.16,
            "인구총점":10.268,
            "일자리":10.85,
            "소득수준":65.11,
            "일자리총점":27.128,
            "가치 총점":50.3585,
            "매매실거래년":20220107.0,
            "매매실거래가":28650.0,
            "전세실거래년":20220124.0,
            "전세실거래가":22000.0,
            "전세가율":80.0,
            "장기전세가율평균":76.14,
            "전세가율거품지수":-3.86,
            "검색코드":109393,
            "세대수":616.0,
            "준공년월":"2017-03-13",
            "준공년차":6.0,
            "가까운역이름":"NA",
            "가까운역거리":"NA",
            "역세권여부":"NA",
            "30분이내주요거점역":"NA",
            "30분거점역이름":"NA",
            "1시간이내주요거점역":"NA",
            "1시간거점역이름":"NA",
            "3km이내백화점수":0,
            "5km이내아울렛몰수":0,
            "1km이내대형먀트수":3,
            "500m이내은행수":0,
            "500m이내병원수":6,
            "5km이내대형병원수":1,
            "500m이내공원수":5,
            "3km이내혐오시설수":0,
            "초등학교학업성취도":90.01,
            "중학교학업성취도":80.9,
            "용적률":262,
            "건폐율":18,
            "Y":34.937971,
            "X":127.687139,
            "rank":4.0,
            "area_info":"34평(112.5), 34평(112.44), 34평(112.6)",
            "last_sales":"2022-01-07,28650.0,34평(112.6)",
            "rank_history":[
                [
                    "202202",
                    4
                ],
                [
                    "202201",
                    5
                ]
            ],
            "rank_gap":1
        },
        {
            "index":224,
            "아파트명":"성호2-1차",
            "투자타입":"일반",
            "전용면적(m2)":"55.42",
            "전용면적(평)":"16평",
            "법정동주소":"전라남도 광양시 중동 1665",
            "도로명주소":"전라남도 광양시 광장로 70",
            "세대수":100,
            "입주년차":20,
            "용적률점수":"--",
            "건폐율점수":"--",
            "세대당주차수":60,
            "난방방식":30,
            "공급면적":"--",
            "전용률":"--",
            "욕실수":50,
            "현관타입":100,
            "주거총점":66.0,
            "지역구공급총점":0.0,
            "역세권":"NA",
            "30분내 이동가능 거점":"NA",
            "1시간내 이동가능 거점":"NA",
            "교통총점":"NA",
            "백화점":0,
            "아울렛몰":0,
            "대형마트":100,
            "은행":0,
            "병원":30,
            "종합병원":80,
            "공원":100,
            "혐오시설":0,
            "인프라총점":37.0,
            "초등학군":89.99,
            "중학군":39.72,
            "학군총점":49.774,
            "인구수":16.88,
            "인구증감":-5.16,
            "인구총점":10.268,
            "일자리":10.85,
            "소득수준":65.11,
            "일자리총점":27.128,
            "가치 총점":50.3435,
            "매매실거래년":20220124.0,
            "매매실거래가":6050.0,
            "전세실거래년":20220120.0,
            "전세실거래가":6000.0,
            "전세가율":99.17,
            "장기전세가율평균":76.14,
            "전세가율거품지수":-23.03,
            "검색코드":140939,
            "세대수":1773.0,
            "준공년월":"2003-11-07",
            "준공년차":20.0,
            "가까운역이름":"NA",
            "가까운역거리":"NA",
            "역세권여부":"NA",
            "30분이내주요거점역":"NA",
            "30분거점역이름":"NA",
            "1시간이내주요거점역":"NA",
            "1시간거점역이름":"NA",
            "3km이내백화점수":0,
            "5km이내아울렛몰수":0,
            "1km이내대형먀트수":4,
            "500m이내은행수":1,
            "500m이내병원수":8,
            "5km이내대형병원수":1,
            "500m이내공원수":2,
            "3km이내혐오시설수":0,
            "초등학교학업성취도":89.99,
            "중학교학업성취도":66.2,
            "용적률":412,
            "건폐율":20,
            "Y":34.933234,
            "X":127.690685,
            "rank":5.0,
            "area_info":"16평(55.42), 25평(83.3)",
            "last_sales":"2022-01-24,6050.0,16평(55.42)",
            "rank_history":[
                [
                    "202202",
                    5
                ],
                [
                    "202201",
                    4
                ]
            ],
            "rank_gap":-1
        },
        {
            "index":84,
            "아파트명":"현대저층",
            "투자타입":"재건축",
            "전용면적(m2)":"60.39",
            "전용면적(평)":"18평",
            "법정동주소":"전라남도 광양시 광영동 757-2",
            "도로명주소":"전라남도 광양시 금영로 170",
            "세대수":30,
            "입주년차":"--",
            "용적률점수":100,
            "건폐율점수":80,
            "세대당주차수":"--",
            "난방방식":"--",
            "공급면적":50,
            "전용률":80,
            "욕실수":"--",
            "현관타입":"--",
            "주거총점":71.5,
            "지역구공급총점":0.0,
            "역세권":"NA",
            "30분내 이동가능 거점":"NA",
            "1시간내 이동가능 거점":"NA",
            "교통총점":"NA",
            "백화점":0,
            "아울렛몰":0,
            "대형마트":80,
            "은행":0,
            "병원":10,
            "종합병원":80,
            "공원":100,
            "혐오시설":0,
            "인프라총점":32.0,
            "초등학군":90.01,
            "중학군":37.14,
            "학군총점":47.714,
            "인구수":16.88,
            "인구증감":-5.16,
            "인구총점":10.268,
            "일자리":10.85,
            "소득수준":65.11,
            "일자리총점":27.128,
            "가치 총점":49.7535,
            "매매실거래년":20211102.0,
            "매매실거래가":3000.0,
            "전세실거래년":20181124.0,
            "전세실거래가":2000.0,
            "전세가율":70.18,
            "장기전세가율평균":76.14,
            "전세가율거품지수":5.96,
            "검색코드":4455,
            "세대수":300.0,
            "준공년월":"1989-06-19",
            "준공년차":34.0,
            "가까운역이름":"NA",
            "가까운역거리":"NA",
            "역세권여부":"NA",
            "30분이내주요거점역":"NA",
            "30분거점역이름":"NA",
            "1시간이내주요거점역":"NA",
            "1시간거점역이름":"NA",
            "3km이내백화점수":0,
            "5km이내아울렛몰수":0,
            "1km이내대형먀트수":1,
            "500m이내은행수":0,
            "500m이내병원수":4,
            "5km이내대형병원수":1,
            "500m이내공원수":2,
            "3km이내혐오시설수":0,
            "초등학교학업성취도":90.01,
            "중학교학업성취도":61.9,
            "용적률":134,
            "건폐율":27,
            "Y":34.96649,
            "X":127.71912,
            "rank":6.0,
            "area_info":"18평(60.39), 20평(66.84), 22평(75.36)",
            "last_sales":"2021-11-02,3000.0,20평(66.84)",
            "rank_history":[
                [
                    "202202",
                    6
                ],
                [
                    "202201",
                    9
                ]
            ],
            "rank_gap":3
        },
        {
            "index":183,
            "아파트명":"광양푸르지오더퍼스트",
            "투자타입":"일반",
            "전용면적(m2)":"79.01",
            "전용면적(평)":"23평",
            "법정동주소":"전라남도 광양시 성황동 성황도이지구도시개발지구엘-3블럭",
            "도로명주소":"전라남도 광양시 성황수동로 22",
            "세대수":90,
            "입주년차":100,
            "용적률점수":"--",
            "건폐율점수":"--",
            "세대당주차수":30,
            "난방방식":30,
            "공급면적":"--",
            "전용률":"--",
            "욕실수":100,
            "현관타입":100,
            "주거총점":79.0,
            "지역구공급총점":0.0,
            "역세권":"NA",
            "30분내 이동가능 거점":"NA",
            "1시간내 이동가능 거점":"NA",
            "교통총점":"NA",
            "백화점":0,
            "아울렛몰":0,
            "대형마트":0,
            "은행":0,
            "병원":0,
            "종합병원":80,
            "공원":100,
            "혐오시설":0,
            "인프라총점":19.0,
            "초등학군":89.98,
            "중학군":48.54,
            "학군총점":56.828,
            "인구수":16.88,
            "인구증감":-5.16,
            "인구총점":10.268,
            "일자리":10.85,
            "소득수준":65.11,
            "일자리총점":27.128,
            "가치 총점":49.457,
            "매매실거래년":"18000101",
            "매매실거래가":null,
            "전세실거래년":null,
            "전세실거래가":null,
            "전세가율":null,
            "장기전세가율평균":76.14,
            "전세가율거품지수":null,
            "검색코드":127095,
            "세대수":1140.0,
            "준공년월":"2021-10-01",
            "준공년차":2.0,
            "가까운역이름":"NA",
            "가까운역거리":"NA",
            "역세권여부":"NA",
            "30분이내주요거점역":"NA",
            "30분거점역이름":"NA",
            "1시간이내주요거점역":"NA",
            "1시간거점역이름":"NA",
            "3km이내백화점수":0,
            "5km이내아울렛몰수":0,
            "1km이내대형먀트수":0,
            "500m이내은행수":0,
            "500m이내병원수":0,
            "5km이내대형병원수":1,
            "500m이내공원수":2,
            "3km이내혐오시설수":0,
            "초등학교학업성취도":89.98,
            "중학교학업성취도":80.9,
            "용적률":0,
            "건폐율":0,
            "Y":34.941978,
            "X":127.680255,
            "rank":7.0,
            "area_info":"23평(79.01), 24평(80.01), 29평(97.88), 29평(98.94), 33평(110.56), 33평(110.61), 33평(111.85), 33평(111.55)",
            "last_sales":"1800-01-01,nan,23평(79.01)",
            "rank_history":[
                [
                    "202202",
                    7
                ],
                [
                    "202201",
                    6
                ]
            ],
            "rank_gap":-1
        },
        {
            "index":69,
            "아파트명":"광영목우",
            "투자타입":"재건축",
            "전용면적(m2)":"35.31",
            "전용면적(평)":"10평",
            "법정동주소":"전라남도 광양시 광영동 775-2",
            "도로명주소":"전라남도 광양시 금영로 158",
            "세대수":0,
            "입주년차":"--",
            "용적률점수":100,
            "건폐율점수":80,
            "세대당주차수":"--",
            "난방방식":"--",
            "공급면적":50,
            "전용률":80,
            "욕실수":"--",
            "현관타입":"--",
            "주거총점":62.5,
            "지역구공급총점":0.0,
            "역세권":"NA",
            "30분내 이동가능 거점":"NA",
            "1시간내 이동가능 거점":"NA",
            "교통총점":"NA",
            "백화점":0,
            "아울렛몰":0,
            "대형마트":80,
            "은행":0,
            "병원":60,
            "종합병원":80,
            "공원":100,
            "혐오시설":0,
            "인프라총점":37.0,
            "초등학군":90.01,
            "중학군":37.14,
            "학군총점":47.714,
            "인구수":16.88,
            "인구증감":-5.16,
            "인구총점":10.268,
            "일자리":10.85,
            "소득수준":65.11,
            "일자리총점":27.128,
            "가치 총점":48.6035,
            "매매실거래년":20211216.0,
            "매매실거래가":4700.0,
            "전세실거래년":20151009.0,
            "전세실거래가":1000.0,
            "전세가율":54.05,
            "장기전세가율평균":76.14,
            "전세가율거품지수":22.09,
            "검색코드":116725,
            "세대수":218.0,
            "준공년월":"1990-11-20",
            "준공년차":33.0,
            "가까운역이름":"NA",
            "가까운역거리":"NA",
            "역세권여부":"NA",
            "30분이내주요거점역":"NA",
            "30분거점역이름":"NA",
            "1시간이내주요거점역":"NA",
            "1시간거점역이름":"NA",
            "3km이내백화점수":0,
            "5km이내아울렛몰수":0,
            "1km이내대형먀트수":1,
            "500m이내은행수":0,
            "500m이내병원수":10,
            "5km이내대형병원수":1,
            "500m이내공원수":4,
            "3km이내혐오시설수":0,
            "초등학교학업성취도":90.01,
            "중학교학업성취도":61.9,
            "용적률":107,
            "건폐율":22,
            "Y":34.964806,
            "X":127.720603,
            "rank":8.0,
            "area_info":"10평(35.31), 17평(59.32), 20평(67.63)",
            "last_sales":"2021-12-16,4700.0,20평(67.63)",
            "rank_history":[
                [
                    "202202",
                    8
                ],
                [
                    "202201",
                    16
                ]
            ],
            "rank_gap":8
        },
        {
            "index":177,
            "아파트명":"중마노르웨이숲",
            "투자타입":"일반",
            "전용면적(m2)":"111.89",
            "전용면적(평)":"33평",
            "법정동주소":"전라남도 광양시 마동 1105",
            "도로명주소":"전라남도 광양시 자작길 23",
            "세대수":50,
            "입주년차":80,
            "용적률점수":"--",
            "건폐율점수":"--",
            "세대당주차수":30,
            "난방방식":30,
            "공급면적":"--",
            "전용률":"--",
            "욕실수":100,
            "현관타입":100,
            "주거총점":61.0,
            "지역구공급총점":0.0,
            "역세권":"NA",
            "30분내 이동가능 거점":"NA",
            "1시간내 이동가능 거점":"NA",
            "교통총점":"NA",
            "백화점":0,
            "아울렛몰":0,
            "대형마트":80,
            "은행":0,
            "병원":10,
            "종합병원":80,
            "공원":100,
            "혐오시설":0,
            "인프라총점":32.0,
            "초등학군":90.0,
            "중학군":46.64,
            "학군총점":55.312,
            "인구수":16.88,
            "인구증감":-5.16,
            "인구총점":10.268,
            "일자리":10.85,
            "소득수준":65.11,
            "일자리총점":27.128,
            "가치 총점":47.978,
            "매매실거래년":20220108.0,
            "매매실거래가":27000.0,
            "전세실거래년":20210606.0,
            "전세실거래가":21000.0,
            "전세가율":71.43,
            "장기전세가율평균":76.14,
            "전세가율거품지수":4.71,
            "검색코드":104892,
            "세대수":477.0,
            "준공년월":"2014-06-02",
            "준공년차":9.0,
            "가까운역이름":"NA",
            "가까운역거리":"NA",
            "역세권여부":"NA",
            "30분이내주요거점역":"NA",
            "30분거점역이름":"NA",
            "1시간이내주요거점역":"NA",
            "1시간거점역이름":"NA",
            "3km이내백화점수":0,
            "5km이내아울렛몰수":0,
            "1km이내대형먀트수":1,
            "500m이내은행수":0,
            "500m이내병원수":2,
            "5km이내대형병원수":1,
            "500m이내공원수":8,
            "3km이내혐오시설수":0,
            "초등학교학업성취도":90.0,
            "중학교학업성취도":77.2,
            "용적률":222,
            "건폐율":23,
            "Y":34.951822,
            "X":127.69462,
            "rank":9.0,
            "area_info":"33평(111.89), 33평(111.92), 33평(112.22)",
            "last_sales":"2022-01-08,27000.0,33평(111.92)",
            "rank_history":[
                [
                    "202202",
                    9
                ],
                [
                    "202201",
                    15
                ]
            ],
            "rank_gap":6
        },
        {
            "index":195,
            "아파트명":"광양써니밸리",
            "투자타입":"일반",
            "전용면적(m2)":"109.73",
            "전용면적(평)":"33평",
            "법정동주소":"전라남도 광양시 중동 1590",
            "도로명주소":"전라남도 광양시 사동로 139",
            "세대수":50,
            "입주년차":60,
            "용적률점수":"--",
            "건폐율점수":"--",
            "세대당주차수":30,
            "난방방식":30,
            "공급면적":"--",
            "전용률":"--",
            "욕실수":100,
            "현관타입":100,
            "주거총점":57.0,
            "지역구공급총점":0.0,
            "역세권":"NA",
            "30분내 이동가능 거점":"NA",
            "1시간내 이동가능 거점":"NA",
            "교통총점":"NA",
            "백화점":0,
            "아울렛몰":0,
            "대형마트":80,
            "은행":0,
            "병원":30,
            "종합병원":80,
            "공원":100,
            "혐오시설":0,
            "인프라총점":34.0,
            "초등학군":90.01,
            "중학군":46.64,
            "학군총점":55.314,
            "인구수":16.88,
            "인구증감":-5.16,
            "인구총점":10.268,
            "일자리":10.85,
            "소득수준":65.11,
            "일자리총점":27.128,
            "가치 총점":47.3785,
            "매매실거래년":20211209.0,
            "매매실거래가":19800.0,
            "전세실거래년":20211212.0,
            "전세실거래가":16500.0,
            "전세가율":83.33,
            "장기전세가율평균":76.14,
            "전세가율거품지수":-7.19,
            "검색코드":105198,
            "세대수":449.0,
            "준공년월":"2010-09-20",
            "준공년차":13.0,
            "가까운역이름":"NA",
            "가까운역거리":"NA",
            "역세권여부":"NA",
            "30분이내주요거점역":"NA",
            "30분거점역이름":"NA",
            "1시간이내주요거점역":"NA",
            "1시간거점역이름":"NA",
            "3km이내백화점수":0,
            "5km이내아울렛몰수":0,
            "1km이내대형먀트수":1,
            "500m이내은행수":0,
            "500m이내병원수":5,
            "5km이내대형병원수":1,
            "500m이내공원수":6,
            "3km이내혐오시설수":0,
            "초등학교학업성취도":90.01,
            "중학교학업성취도":77.2,
            "용적률":220,
            "건폐율":13,
            "Y":34.951105,
            "X":127.68741,
            "rank":10.0,
            "area_info":"33평(109.73), 33평(109.73)",
            "last_sales":"2021-12-09,19800.0,33평(109.73)",
            "rank_history":[
                [
                    "202202",
                    10
                ],
                [
                    "202201",
                    17
                ]
            ],
            "rank_gap":7
        },
        {
            "index":222,
            "아파트명":"성호",
            "투자타입":"일반",
            "전용면적(m2)":"75.69",
            "전용면적(평)":"22평",
            "법정동주소":"전라남도 광양시 중동 1686",
            "도로명주소":"전라남도 광양시 광장로 112-20",
            "세대수":90,
            "입주년차":0,
            "용적률점수":"--",
            "건폐율점수":"--",
            "세대당주차수":0,
            "난방방식":30,
            "공급면적":"--",
            "전용률":"--",
            "욕실수":50,
            "현관타입":10,
            "주거총점":40.5,
            "지역구공급총점":0.0,
            "역세권":"NA",
            "30분내 이동가능 거점":"NA",
            "1시간내 이동가능 거점":"NA",
            "교통총점":"NA",
            "백화점":0,
            "아울렛몰":0,
            "대형마트":100,
            "은행":20,
            "병원":80,
            "종합병원":80,
            "공원":100,
            "혐오시설":0,
            "인프라총점":44.0,
            "초등학군":90.01,
            "중학군":50.58,
            "학군총점":58.466,
            "인구수":16.88,
            "인구증감":-5.16,
            "인구총점":10.268,
            "일자리":10.85,
            "소득수준":65.11,
            "일자리총점":27.128,
            "가치 총점":46.3915,
            "매매실거래년":20220125.0,
            "매매실거래가":6600.0,
            "전세실거래년":20220115.0,
            "전세실거래가":6090.0,
            "전세가율":108.75,
            "장기전세가율평균":76.14,
            "전세가율거품지수":-32.61,
            "검색코드":104239,
            "세대수":1362.0,
            "준공년월":"1998-05-09",
            "준공년차":25.0,
            "가까운역이름":"NA",
            "가까운역거리":"NA",
            "역세권여부":"NA",
            "30분이내주요거점역":"NA",
            "30분거점역이름":"NA",
            "1시간이내주요거점역":"NA",
            "1시간거점역이름":"NA",
            "3km이내백화점수":0,
            "5km이내아울렛몰수":0,
            "1km이내대형먀트수":4,
            "500m이내은행수":2,
            "500m이내병원수":31,
            "5km이내대형병원수":1,
            "500m이내공원수":4,
            "3km이내혐오시설수":0,
            "초등학교학업성취도":90.01,
            "중학교학업성취도":83.9,
            "용적률":290,
            "건폐율":21,
            "Y":34.932776,
            "X":127.69709,
            "rank":11.0,
            "area_info":"22평(75.69), 26평(86.84)",
            "last_sales":"2022-01-25,6600.0,26평(86.84)",
            "rank_history":[
                [
                    "202202",
                    11
                ],
                [
                    "202201",
                    8
                ]
            ],
            "rank_gap":-3
        },
        {
            "index":209,
            "아파트명":"대광로제비앙3차",
            "투자타입":"일반",
            "전용면적(m2)":"99.0",
            "전용면적(평)":"29평",
            "법정동주소":"전라남도 광양시 중동 1594",
            "도로명주소":"전라남도 광양시 진등2길 13",
            "세대수":30,
            "입주년차":80,
            "용적률점수":"--",
            "건폐율점수":"--",
            "세대당주차수":30,
            "난방방식":30,
            "공급면적":"--",
            "전용률":"--",
            "욕실수":100,
            "현관타입":100,
            "주거총점":54.0,
            "지역구공급총점":0.0,
            "역세권":"NA",
            "30분내 이동가능 거점":"NA",
            "1시간내 이동가능 거점":"NA",
            "교통총점":"NA",
            "백화점":0,
            "아울렛몰":0,
            "대형마트":80,
            "은행":0,
            "병원":30,
            "종합병원":80,
            "공원":100,
            "혐오시설":0,
            "인프라총점":34.0,
            "초등학군":90.0,
            "중학군":46.64,
            "학군총점":55.312,
            "인구수":16.88,
            "인구증감":-5.16,
            "인구총점":10.268,
            "일자리":10.85,
            "소득수준":65.11,
            "일자리총점":27.128,
            "가치 총점":46.328,
            "매매실거래년":20211015.0,
            "매매실거래가":20000.0,
            "전세실거래년":20210906.0,
            "전세실거래가":20000.0,
            "전세가율":100.0,
            "장기전세가율평균":76.14,
            "전세가율거품지수":-23.86,
            "검색코드":104911,
            "세대수":317.0,
            "준공년월":"2014-06-03",
            "준공년차":9.0,
            "가까운역이름":"NA",
            "가까운역거리":"NA",
            "역세권여부":"NA",
            "30분이내주요거점역":"NA",
            "30분거점역이름":"NA",
            "1시간이내주요거점역":"NA",
            "1시간거점역이름":"NA",
            "3km이내백화점수":0,
            "5km이내아울렛몰수":0,
            "1km이내대형먀트수":1,
            "500m이내은행수":0,
            "500m이내병원수":5,
            "5km이내대형병원수":1,
            "500m이내공원수":10,
            "3km이내혐오시설수":0,
            "초등학교학업성취도":90.0,
            "중학교학업성취도":77.2,
            "용적률":285,
            "건폐율":21,
            "Y":34.951968,
            "X":127.689695,
            "rank":12.0,
            "area_info":"29평(99.0), 34평(114.28)",
            "last_sales":"2021-10-15,20000.0,29평(99.0)",
            "rank_history":[
                [
                    "202202",
                    12
                ],
                [
                    "202201",
                    19
                ]
            ],
            "rank_gap":7
        },
        {
            "index":72,
            "아파트명":"브라운스톤가야",
            "투자타입":"일반",
            "전용면적(m2)":"112.52",
            "전용면적(평)":"34평",
            "법정동주소":"전라남도 광양시 광영동 846",
            "도로명주소":"전라남도 광양시 가야로 345",
            "세대수":50,
            "입주년차":60,
            "용적률점수":"--",
            "건폐율점수":"--",
            "세대당주차수":60,
            "난방방식":30,
            "공급면적":"--",
            "전용률":"--",
            "욕실수":100,
            "현관타입":100,
            "주거총점":61.5,
            "지역구공급총점":0.0,
            "역세권":"NA",
            "30분내 이동가능 거점":"NA",
            "1시간내 이동가능 거점":"NA",
            "교통총점":"NA",
            "백화점":0,
            "아울렛몰":0,
            "대형마트":80,
            "은행":0,
            "병원":10,
            "종합병원":80,
            "공원":100,
            "혐오시설":0,
            "인프라총점":32.0,
            "초등학군":90.0,
            "중학군":37.14,
            "학군총점":47.712,
            "인구수":16.88,
            "인구증감":-5.16,
            "인구총점":10.268,
            "일자리":10.85,
            "소득수준":65.11,
            "일자리총점":27.128,
            "가치 총점":46.253,
            "매매실거래년":20220104.0,
            "매매실거래가":18700.0,
            "전세실거래년":20210729.0,
            "전세실거래가":10000.0,
            "전세가율":54.05,
            "장기전세가율평균":76.14,
            "전세가율거품지수":22.09,
            "검색코드":100265,
            "세대수":488.0,
            "준공년월":"2010-04-30",
            "준공년차":13.0,
            "가까운역이름":"NA",
            "가까운역거리":"NA",
            "역세권여부":"NA",
            "30분이내주요거점역":"NA",
            "30분거점역이름":"NA",
            "1시간이내주요거점역":"NA",
            "1시간거점역이름":"NA",
            "3km이내백화점수":0,
            "5km이내아울렛몰수":0,
            "1km이내대형먀트수":1,
            "500m이내은행수":0,
            "500m이내병원수":2,
            "5km이내대형병원수":1,
            "500m이내공원수":2,
            "3km이내혐오시설수":0,
            "초등학교학업성취도":90.0,
            "중학교학업성취도":61.9,
            "용적률":173,
            "건폐율":14,
            "Y":34.964608,
            "X":127.712479,
            "rank":13.0,
            "area_info":"34평(112.52), 34평(113.19), 46평(155.23), 47평(155.92), 55평(184.5), 82평(273.83)",
            "last_sales":"2022-01-04,18700.0,34평(113.19)",
            "rank_history":[
                [
                    "202202",
                    13
                ],
                [
                    "202201",
                    24
                ]
            ],
            "rank_gap":11
        },
        {
            "index":155,
            "아파트명":"광양송보파인빌5차",
            "투자타입":"일반",
            "전용면적(m2)":"119.36",
            "전용면적(평)":"36평",
            "법정동주소":"전라남도 광양시 마동 1055",
            "도로명주소":"전라남도 광양시 진등길 55-5",
            "세대수":50,
            "입주년차":40,
            "용적률점수":"--",
            "건폐율점수":"--",
            "세대당주차수":30,
            "난방방식":30,
            "공급면적":"--",
            "전용률":"--",
            "욕실수":100,
            "현관타입":100,
            "주거총점":53.0,
            "지역구공급총점":0.0,
            "역세권":"NA",
            "30분내 이동가능 거점":"NA",
            "1시간내 이동가능 거점":"NA",
            "교통총점":"NA",
            "백화점":0,
            "아울렛몰":0,
            "대형마트":80,
            "은행":0,
            "병원":30,
            "종합병원":80,
            "공원":100,
            "혐오시설":0,
            "인프라총점":34.0,
            "초등학군":90.0,
            "중학군":46.64,
            "학군총점":55.312,
            "인구수":16.88,
            "인구증감":-5.16,
            "인구총점":10.268,
            "일자리":10.85,
            "소득수준":65.11,
            "일자리총점":27.128,
            "가치 총점":45.978,
            "매매실거래년":20211215.0,
            "매매실거래가":20900.0,
            "전세실거래년":20220113.0,
            "전세실거래가":20000.0,
            "전세가율":86.96,
            "장기전세가율평균":76.14,
            "전세가율거품지수":-10.82,
            "검색코드":119586,
            "세대수":521.0,
            "준공년월":"2008-03-07",
            "준공년차":15.0,
            "가까운역이름":"NA",
            "가까운역거리":"NA",
            "역세권여부":"NA",
            "30분이내주요거점역":"NA",
            "30분거점역이름":"NA",
            "1시간이내주요거점역":"NA",
            "1시간거점역이름":"NA",
            "3km이내백화점수":0,
            "5km이내아울렛몰수":0,
            "1km이내대형먀트수":1,
            "500m이내은행수":0,
            "500m이내병원수":5,
            "5km이내대형병원수":1,
            "500m이내공원수":10,
            "3km이내혐오시설수":0,
            "초등학교학업성취도":90.0,
            "중학교학업성취도":77.2,
            "용적률":281,
            "건폐율":23,
            "Y":34.953203,
            "X":127.689365,
            "rank":14.0,
            "area_info":"36평(119.36), 36평(119.17), 36평(119.36), 36평(119.36)",
            "last_sales":"2021-12-15,20900.0,36평(119.36)",
            "rank_history":[
                [
                    "202202",
                    14
                ],
                [
                    "202201",
                    21
                ]
            ],
            "rank_gap":7
        },
        {
            "index":159,
            "아파트명":"광양송보파인빌6차",
            "투자타입":"일반",
            "전용면적(m2)":"113.75",
            "전용면적(평)":"34평",
            "법정동주소":"전라남도 광양시 마동 1031",
            "도로명주소":"전라남도 광양시 진등6길 51",
            "세대수":50,
            "입주년차":40,
            "용적률점수":"--",
            "건폐율점수":"--",
            "세대당주차수":30,
            "난방방식":30,
            "공급면적":"--",
            "전용률":"--",
            "욕실수":100,
            "현관타입":100,
            "주거총점":53.0,
            "지역구공급총점":0.0,
            "역세권":"NA",
            "30분내 이동가능 거점":"NA",
            "1시간내 이동가능 거점":"NA",
            "교통총점":"NA",
            "백화점":0,
            "아울렛몰":0,
            "대형마트":80,
            "은행":0,
            "병원":30,
            "종합병원":80,
            "공원":100,
            "혐오시설":0,
            "인프라총점":34.0,
            "초등학군":90.0,
            "중학군":46.64,
            "학군총점":55.312,
            "인구수":16.88,
            "인구증감":-5.16,
            "인구총점":10.268,
            "일자리":10.85,
            "소득수준":65.11,
            "일자리총점":27.128,
            "가치 총점":45.978,
            "매매실거래년":20211227.0,
            "매매실거래가":22800.0,
            "전세실거래년":20211211.0,
            "전세실거래가":17000.0,
            "전세가율":82.93,
            "장기전세가율평균":76.14,
            "전세가율거품지수":-6.79,
            "검색코드":118882,
            "세대수":524.0,
            "준공년월":"2008-10-13",
            "준공년차":15.0,
            "가까운역이름":"NA",
            "가까운역거리":"NA",
            "역세권여부":"NA",
            "30분이내주요거점역":"NA",
            "30분거점역이름":"NA",
            "1시간이내주요거점역":"NA",
            "1시간거점역이름":"NA",
            "3km이내백화점수":0,
            "5km이내아울렛몰수":0,
            "1km이내대형먀트수":1,
            "500m이내은행수":0,
            "500m이내병원수":5,
            "5km이내대형병원수":1,
            "500m이내공원수":7,
            "3km이내혐오시설수":0,
            "초등학교학업성취도":90.0,
            "중학교학업성취도":77.2,
            "용적률":253,
            "건폐율":16,
            "Y":34.956015,
            "X":127.692151,
            "rank":14.0,
            "area_info":"34평(113.75), 35평(118.54), 35평(118.74), 35평(118.73)",
            "last_sales":"2021-12-27,22800.0,35평(118.73)",
            "rank_history":[
                [
                    "202202",
                    14
                ],
                [
                    "202201",
                    21
                ]
            ],
            "rank_gap":7
        },
        {
            "index":63,
            "아파트명":"가야",
            "투자타입":"재건축",
            "전용면적(m2)":"68.61",
            "전용면적(평)":"20평",
            "법정동주소":"전라남도 광양시 광영동 755-1",
            "도로명주소":"전라남도 광양시 가야로 380",
            "세대수":50,
            "입주년차":"--",
            "용적률점수":60,
            "건폐율점수":80,
            "세대당주차수":"--",
            "난방방식":"--",
            "공급면적":50,
            "전용률":60,
            "욕실수":"--",
            "현관타입":"--",
            "주거총점":60.5,
            "지역구공급총점":0.0,
            "역세권":"NA",
            "30분내 이동가능 거점":"NA",
            "1시간내 이동가능 거점":"NA",
            "교통총점":"NA",
            "백화점":0,
            "아울렛몰":0,
            "대형마트":80,
            "은행":0,
            "병원":10,
            "종합병원":80,
            "공원":100,
            "혐오시설":0,
            "인프라총점":32.0,
            "초등학군":90.0,
            "중학군":37.14,
            "학군총점":47.712,
            "인구수":16.88,
            "인구증감":-5.16,
            "인구총점":10.268,
            "일자리":10.85,
            "소득수준":65.11,
            "일자리총점":27.128,
            "가치 총점":45.903,
            "매매실거래년":20220111.0,
            "매매실거래가":3750.0,
            "전세실거래년":20220115.0,
            "전세실거래가":3300.0,
            "전세가율":88.0,
            "장기전세가율평균":76.14,
            "전세가율거품지수":-11.86,
            "검색코드":4448,
            "세대수":680.0,
            "준공년월":"1992-04-03",
            "준공년차":31.0,
            "가까운역이름":"NA",
            "가까운역거리":"NA",
            "역세권여부":"NA",
            "30분이내주요거점역":"NA",
            "30분거점역이름":"NA",
            "1시간이내주요거점역":"NA",
            "1시간거점역이름":"NA",
            "3km이내백화점수":0,
            "5km이내아울렛몰수":0,
            "1km이내대형먀트수":1,
            "500m이내은행수":0,
            "500m이내병원수":3,
            "5km이내대형병원수":1,
            "500m이내공원수":3,
            "3km이내혐오시설수":0,
            "초등학교학업성취도":90.0,
            "중학교학업성취도":61.9,
            "용적률":188,
            "건폐율":20,
            "Y":34.966499,
            "X":127.715407,
            "rank":15.0,
            "area_info":"20평(68.61)",
            "last_sales":"2022-01-11,3750.0,20평(68.61)",
            "rank_history":[
                [
                    "202202",
                    15
                ],
                [
                    "202201",
                    23
                ]
            ],
            "rank_gap":8
        },
        {
            "index":226,
            "아파트명":"성호2-2차",
            "투자타입":"일반",
            "전용면적(m2)":"83.24",
            "전용면적(평)":"25평",
            "법정동주소":"전라남도 광양시 중동 1665",
            "도로명주소":"전라남도 광양시 광장로 70",
            "세대수":100,
            "입주년차":20,
            "용적률점수":"--",
            "건폐율점수":"--",
            "세대당주차수":30,
            "난방방식":30,
            "공급면적":"--",
            "전용률":"--",
            "욕실수":50,
            "현관타입":10,
            "주거총점":52.5,
            "지역구공급총점":0.0,
            "역세권":"NA",
            "30분내 이동가능 거점":"NA",
            "1시간내 이동가능 거점":"NA",
            "교통총점":"NA",
            "백화점":0,
            "아울렛몰":0,
            "대형마트":100,
            "은행":0,
            "병원":30,
            "종합병원":80,
            "공원":100,
            "혐오시설":0,
            "인프라총점":37.0,
            "초등학군":89.99,
            "중학군":39.72,
            "학군총점":49.774,
            "인구수":16.88,
            "인구증감":-5.16,
            "인구총점":10.268,
            "일자리":10.85,
            "소득수준":65.11,
            "일자리총점":27.128,
            "가치 총점":45.6185,
            "매매실거래년":20220123.0,
            "매매실거래가":7300.0,
            "전세실거래년":20220127.0,
            "전세실거래가":9000.0,
            "전세가율":123.29,
            "장기전세가율평균":76.14,
            "전세가율거품지수":-47.15,
            "검색코드":106760,
            "세대수":2352.0,
            "준공년월":"2003-11-07",
            "준공년차":20.0,
            "가까운역이름":"NA",
            "가까운역거리":"NA",
            "역세권여부":"NA",
            "30분이내주요거점역":"NA",
            "30분거점역이름":"NA",
            "1시간이내주요거점역":"NA",
            "1시간거점역이름":"NA",
            "3km이내백화점수":0,
            "5km이내아울렛몰수":0,
            "1km이내대형먀트수":4,
            "500m이내은행수":1,
            "500m이내병원수":6,
            "5km이내대형병원수":1,
            "500m이내공원수":2,
            "3km이내혐오시설수":0,
            "초등학교학업성취도":89.99,
            "중학교학업성취도":66.2,
            "용적률":412,
            "건폐율":20,
            "Y":34.932588,
            "X":127.690304,
            "rank":16.0,
            "area_info":"25평(83.24)",
            "last_sales":"2022-01-23,7300.0,25평(83.24)",
            "rank_history":[
                [
                    "202202",
                    16
                ],
                [
                    "202201",
                    7
                ]
            ],
            "rank_gap":-9
        },
        {
            "index":246,
            "아파트명":"태완노블리안",
            "투자타입":"일반",
            "전용면적(m2)":"109.98",
            "전용면적(평)":"33평",
            "법정동주소":"전라남도 광양시 중동 1734",
            "도로명주소":"전라남도 광양시 마장1길 4",
            "세대수":0,
            "입주년차":60,
            "용적률점수":"--",
            "건폐율점수":"--",
            "세대당주차수":30,
            "난방방식":30,
            "공급면적":"--",
            "전용률":"--",
            "욕실수":100,
            "현관타입":100,
            "주거총점":39.5,
            "지역구공급총점":0.0,
            "역세권":"NA",
            "30분내 이동가능 거점":"NA",
            "1시간내 이동가능 거점":"NA",
            "교통총점":"NA",
            "백화점":0,
            "아울렛몰":0,
            "대형마트":100,
            "은행":70,
            "병원":30,
            "종합병원":80,
            "공원":100,
            "혐오시설":0,
            "인프라총점":44.0,
            "초등학군":90.0,
            "중학군":46.64,
            "학군총점":55.312,
            "인구수":16.88,
            "인구증감":-5.16,
            "인구총점":10.268,
            "일자리":10.85,
            "소득수준":65.11,
            "일자리총점":27.128,
            "가치 총점":45.253,
            "매매실거래년":20211102.0,
            "매매실거래가":20800.0,
            "전세실거래년":20210219.0,
            "전세실거래가":12337.0,
            "전세가율":61.69,
            "장기전세가율평균":76.14,
            "전세가율거품지수":14.45,
            "검색코드":122317,
            "세대수":249.0,
            "준공년월":"2011-10-28",
            "준공년차":12.0,
            "가까운역이름":"NA",
            "가까운역거리":"NA",
            "역세권여부":"NA",
            "30분이내주요거점역":"NA",
            "30분거점역이름":"NA",
            "1시간이내주요거점역":"NA",
            "1시간거점역이름":"NA",
            "3km이내백화점수":0,
            "5km이내아울렛몰수":0,
            "1km이내대형먀트수":3,
            "500m이내은행수":4,
            "500m이내병원수":8,
            "5km이내대형병원수":1,
            "500m이내공원수":7,
            "3km이내혐오시설수":0,
            "초등학교학업성취도":90.0,
            "중학교학업성취도":77.2,
            "용적률":290,
            "건폐율":21,
            "Y":34.943979,
            "X":127.701222,
            "rank":17.0,
            "area_info":"33평(109.98), 33평(110.0), 34평(113.25)",
            "last_sales":"2021-11-02,20800.0,34평(113.25)",
            "rank_history":[
                [
                    "202202",
                    17
                ],
                [
                    "202201",
                    29
                ]
            ],
            "rank_gap":12
        },
        {
            "index":213,
            "아파트명":"동광(사랑으로,민간임대)",
            "투자타입":"재건축",
            "전용면적(m2)":"67.29",
            "전용면적(평)":"20평",
            "법정동주소":"전라남도 광양시 중동 1354",
            "도로명주소":"전라남도 광양시 행정1길 9",
            "세대수":90,
            "입주년차":"--",
            "용적률점수":0,
            "건폐율점수":0,
            "세대당주차수":"--",
            "난방방식":"--",
            "공급면적":50,
            "전용률":60,
            "욕실수":"--",
            "현관타입":"--",
            "주거총점":32.5,
            "지역구공급총점":0.0,
            "역세권":"NA",
            "30분내 이동가능 거점":"NA",
            "1시간내 이동가능 거점":"NA",
            "교통총점":"NA",
            "백화점":0,
            "아울렛몰":0,
            "대형마트":100,
            "은행":100,
            "병원":60,
            "종합병원":80,
            "공원":100,
            "혐오시설":0,
            "인프라총점":50.0,
            "초등학군":90.0,
            "중학군":46.64,
            "학군총점":55.312,
            "인구수":16.88,
            "인구증감":-5.16,
            "인구총점":10.268,
            "일자리":10.85,
            "소득수준":65.11,
            "일자리총점":27.128,
            "가치 총점":45.203,
            "매매실거래년":"18000101",
            "매매실거래가":null,
            "전세실거래년":20211230.0,
            "전세실거래가":3529.0,
            "전세가율":null,
            "장기전세가율평균":76.14,
            "전세가율거품지수":null,
            "검색코드":116724,
            "세대수":1466.0,
            "준공년월":"1992-03-07",
            "준공년차":31.0,
            "가까운역이름":"NA",
            "가까운역거리":"NA",
            "역세권여부":"NA",
            "30분이내주요거점역":"NA",
            "30분거점역이름":"NA",
            "1시간이내주요거점역":"NA",
            "1시간거점역이름":"NA",
            "3km이내백화점수":0,
            "5km이내아울렛몰수":0,
            "1km이내대형먀트수":4,
            "500m이내은행수":5,
            "500m이내병원수":11,
            "5km이내대형병원수":1,
            "500m이내공원수":5,
            "3km이내혐오시설수":0,
            "초등학교학업성취도":90.0,
            "중학교학업성취도":77.2,
            "용적률":0,
            "건폐율":0,
            "Y":34.942384,
            "X":127.693117,
            "rank":18.0,
            "area_info":"20평(67.29), 20평(67.29), 24평(80.52)",
            "last_sales":"1800-01-01,nan,20평(67.29)",
            "rank_history":[
                [
                    "202202",
                    18
                ],
                [
                    "202201",
                    13
                ]
            ],
            "rank_gap":-5
        },
        {
            "index":206,
            "아파트명":"대광로제비앙2차",
            "투자타입":"일반",
            "전용면적(m2)":"99.49",
            "전용면적(평)":"30평",
            "법정동주소":"전라남도 광양시 중동 1592",
            "도로명주소":"전라남도 광양시 진등3길 6",
            "세대수":30,
            "입주년차":60,
            "용적률점수":"--",
            "건폐율점수":"--",
            "세대당주차수":30,
            "난방방식":30,
            "공급면적":"--",
            "전용률":"--",
            "욕실수":100,
            "현관타입":100,
            "주거총점":50.0,
            "지역구공급총점":0.0,
            "역세권":"NA",
            "30분내 이동가능 거점":"NA",
            "1시간내 이동가능 거점":"NA",
            "교통총점":"NA",
            "백화점":0,
            "아울렛몰":0,
            "대형마트":80,
            "은행":0,
            "병원":30,
            "종합병원":80,
            "공원":100,
            "혐오시설":0,
            "인프라총점":34.0,
            "초등학군":90.0,
            "중학군":46.64,
            "학군총점":55.312,
            "인구수":16.88,
            "인구증감":-5.16,
            "인구총점":10.268,
            "일자리":10.85,
            "소득수준":65.11,
            "일자리총점":27.128,
            "가치 총점":44.928,
            "매매실거래년":20211206.0,
            "매매실거래가":18900.0,
            "전세실거래년":20211011.0,
            "전세실거래가":14000.0,
            "전세가율":74.07,
            "장기전세가율평균":76.14,
            "전세가율거품지수":2.07,
            "검색코드":104331,
            "세대수":392.0,
            "준공년월":"2013-12-20",
            "준공년차":10.0,
            "가까운역이름":"NA",
            "가까운역거리":"NA",
            "역세권여부":"NA",
            "30분이내주요거점역":"NA",
            "30분거점역이름":"NA",
            "1시간이내주요거점역":"NA",
            "1시간거점역이름":"NA",
            "3km이내백화점수":0,
            "5km이내아울렛몰수":0,
            "1km이내대형먀트수":1,
            "500m이내은행수":0,
            "500m이내병원수":5,
            "5km이내대형병원수":1,
            "500m이내공원수":10,
            "3km이내혐오시설수":0,
            "초등학교학업성취도":90.0,
            "중학교학업성취도":77.2,
            "용적률":294,
            "건폐율":18,
            "Y":34.951947,
            "X":127.688764,
            "rank":19.0,
            "area_info":"30평(99.49), 30평(99.49), 34평(114.84)",
            "last_sales":"2021-12-06,18900.0,30평(99.49)",
            "rank_history":[
                [
                    "202202",
                    19
                ],
                [
                    "202201",
                    27
                ]
            ],
            "rank_gap":8
        },
        {
            "index":244,
            "아파트명":"태영2차",
            "투자타입":"일반",
            "전용면적(m2)":"78.12",
            "전용면적(평)":"23평",
            "법정동주소":"전라남도 광양시 중동 1682",
            "도로명주소":"전라남도 광양시 광장로 120",
            "세대수":50,
            "입주년차":0,
            "용적률점수":"--",
            "건폐율점수":"--",
            "세대당주차수":0,
            "난방방식":30,
            "공급면적":"--",
            "전용률":"--",
            "욕실수":50,
            "현관타입":100,
            "주거총점":35.5,
            "지역구공급총점":0.0,
            "역세권":"NA",
            "30분내 이동가능 거점":"NA",
            "1시간내 이동가능 거점":"NA",
            "교통총점":"NA",
            "백화점":0,
            "아울렛몰":0,
            "대형마트":100,
            "은행":20,
            "병원":80,
            "종합병원":80,
            "공원":100,
            "혐오시설":0,
            "인프라총점":44.0,
            "초등학군":90.01,
            "중학군":50.58,
            "학군총점":58.466,
            "인구수":16.88,
            "인구증감":-5.16,
            "인구총점":10.268,
            "일자리":10.85,
            "소득수준":65.11,
            "일자리총점":27.128,
            "가치 총점":44.6415,
            "매매실거래년":20211209.0,
            "매매실거래가":9650.0,
            "전세실거래년":20220117.0,
            "전세실거래가":9500.0,
            "전세가율":98.45,
            "장기전세가율평균":76.14,
            "전세가율거품지수":-22.31,
            "검색코드":14891,
            "세대수":484.0,
            "준공년월":"1998-10-20",
            "준공년차":25.0,
            "가까운역이름":"NA",
            "가까운역거리":"NA",
            "역세권여부":"NA",
            "30분이내주요거점역":"NA",
            "30분거점역이름":"NA",
            "1시간이내주요거점역":"NA",
            "1시간거점역이름":"NA",
            "3km이내백화점수":0,
            "5km이내아울렛몰수":0,
            "1km이내대형먀트수":4,
            "500m이내은행수":2,
            "500m이내병원수":44,
            "5km이내대형병원수":1,
            "500m이내공원수":7,
            "3km이내혐오시설수":0,
            "초등학교학업성취도":90.01,
            "중학교학업성취도":83.9,
            "용적률":208,
            "건폐율":23,
            "Y":34.93482,
            "X":127.69579,
            "rank":20.0,
            "area_info":"23평(78.12), 28평(93.89)",
            "last_sales":"2021-12-09,9650.0,23평(78.12)",
            "rank_history":[
                [
                    "202202",
                    20
                ],
                [
                    "202201",
                    11
                ]
            ],
            "rank_gap":-9
        },
        {
            "index":200,
            "아파트명":"금광1차",
            "투자타입":"일반",
            "전용면적(m2)":"55.96",
            "전용면적(평)":"16평",
            "법정동주소":"전라남도 광양시 중동 1663",
            "도로명주소":"전라남도 광양시 공영로 10",
            "세대수":90,
            "입주년차":0,
            "용적률점수":"--",
            "건폐율점수":"--",
            "세대당주차수":0,
            "난방방식":30,
            "공급면적":"--",
            "전용률":"--",
            "욕실수":50,
            "현관타입":100,
            "주거총점":49.5,
            "지역구공급총점":0.0,
            "역세권":"NA",
            "30분내 이동가능 거점":"NA",
            "1시간내 이동가능 거점":"NA",
            "교통총점":"NA",
            "백화점":0,
            "아울렛몰":0,
            "대형마트":100,
            "은행":0,
            "병원":30,
            "종합병원":80,
            "공원":100,
            "혐오시설":0,
            "인프라총점":37.0,
            "초등학군":90.01,
            "중학군":39.72,
            "학군총점":49.778,
            "인구수":16.88,
            "인구증감":-5.16,
            "인구총점":10.268,
            "일자리":10.85,
            "소득수준":65.11,
            "일자리총점":27.128,
            "가치 총점":44.5695,
            "매매실거래년":20220121.0,
            "매매실거래가":10600.0,
            "전세실거래년":20211111.0,
            "전세실거래가":3780.0,
            "전세가율":82.17,
            "장기전세가율평균":76.14,
            "전세가율거품지수":-6.03,
            "검색코드":102113,
            "세대수":1110.0,
            "준공년월":"1998-09-01",
            "준공년차":25.0,
            "가까운역이름":"NA",
            "가까운역거리":"NA",
            "역세권여부":"NA",
            "30분이내주요거점역":"NA",
            "30분거점역이름":"NA",
            "1시간이내주요거점역":"NA",
            "1시간거점역이름":"NA",
            "3km이내백화점수":0,
            "5km이내아울렛몰수":0,
            "1km이내대형먀트수":4,
            "500m이내은행수":1,
            "500m이내병원수":9,
            "5km이내대형병원수":1,
            "500m이내공원수":2,
            "3km이내혐오시설수":0,
            "초등학교학업성취도":90.01,
            "중학교학업성취도":66.2,
            "용적률":258,
            "건폐율":22,
            "Y":34.935318,
            "X":127.690053,
            "rank":21.0,
            "area_info":"16평(55.96), 22평(75.11)",
            "last_sales":"2022-01-21,10600.0,22평(75.11)",
            "rank_history":[
                [
                    "202202",
                    21
                ],
                [
                    "202201",
                    10
                ]
            ],
            "rank_gap":-11
        },
        {
            "index":168,
            "아파트명":"광양중마우림필유",
            "투자타입":"일반",
            "전용면적(m2)":"115.29",
            "전용면적(평)":"34평",
            "법정동주소":"전라남도 광양시 마동 1161",
            "도로명주소":"전라남도 광양시 눈소4길 65",
            "세대수":80,
            "입주년차":60,
            "용적률점수":"--",
            "건폐율점수":"--",
            "세대당주차수":30,
            "난방방식":30,
            "공급면적":"--",
            "전용률":"--",
            "욕실수":100,
            "현관타입":100,
            "주거총점":67.5,
            "지역구공급총점":0.0,
            "역세권":"NA",
            "30분내 이동가능 거점":"NA",
            "1시간내 이동가능 거점":"NA",
            "교통총점":"NA",
            "백화점":0,
            "아울렛몰":0,
            "대형마트":0,
            "은행":0,
            "병원":0,
            "종합병원":80,
            "공원":0,
            "혐오시설":0,
            "인프라총점":16.0,
            "초등학군":90.0,
            "중학군":46.64,
            "학군총점":55.312,
            "인구수":16.88,
            "인구증감":-5.16,
            "인구총점":10.268,
            "일자리":10.85,
            "소득수준":65.11,
            "일자리총점":27.128,
            "가치 총점":43.853,
            "매매실거래년":20211221.0,
            "매매실거래가":21800.0,
            "전세실거래년":20220117.0,
            "전세실거래가":17000.0,
            "전세가율":77.98,
            "장기전세가율평균":76.14,
            "전세가율거품지수":-1.84,
            "검색코드":101533,
            "세대수":803.0,
            "준공년월":"2012-10-15",
            "준공년차":11.0,
            "가까운역이름":"NA",
            "가까운역거리":"NA",
            "역세권여부":"NA",
            "30분이내주요거점역":"NA",
            "30분거점역이름":"NA",
            "1시간이내주요거점역":"NA",
            "1시간거점역이름":"NA",
            "3km이내백화점수":0,
            "5km이내아울렛몰수":0,
            "1km이내대형먀트수":0,
            "500m이내은행수":0,
            "500m이내병원수":0,
            "5km이내대형병원수":1,
            "500m이내공원수":0,
            "3km이내혐오시설수":0,
            "초등학교학업성취도":90.0,
            "중학교학업성취도":77.2,
            "용적률":246,
            "건폐율":20,
            "Y":34.940223,
            "X":127.708514,
            "rank":22.0,
            "area_info":"34평(115.29), 34평(115.34), 34평(115.34), 45평(151.58)",
            "last_sales":"2021-12-21,21800.0,34평(115.29)",
            "rank_history":[
                [
                    "202202",
                    22
                ],
                [
                    "202201",
                    12
                ]
            ],
            "rank_gap":-10
        },
        {
            "index":82,
            "아파트명":"현대",
            "투자타입":"재건축",
            "전용면적(m2)":"95.67",
            "전용면적(평)":"28평",
            "법정동주소":"전라남도 광양시 광영동 755-2",
            "도로명주소":"전라남도 광양시 광영로 141",
            "세대수":80,
            "입주년차":"--",
            "용적률점수":20,
            "건폐율점수":80,
            "세대당주차수":"--",
            "난방방식":"--",
            "공급면적":70,
            "전용률":60,
            "욕실수":"--",
            "현관타입":"--",
            "주거총점":54.5,
            "지역구공급총점":0.0,
            "역세권":"NA",
            "30분내 이동가능 거점":"NA",
            "1시간내 이동가능 거점":"NA",
            "교통총점":"NA",
            "백화점":0,
            "아울렛몰":0,
            "대형마트":80,
            "은행":0,
            "병원":10,
            "종합병원":80,
            "공원":100,
            "혐오시설":0,
            "인프라총점":32.0,
            "초등학군":90.0,
            "중학군":37.14,
            "학군총점":47.712,
            "인구수":16.88,
            "인구증감":-5.16,
            "인구총점":10.268,
            "일자리":10.85,
            "소득수준":65.11,
            "일자리총점":27.128,
            "가치 총점":43.803,
            "매매실거래년":20220122.0,
            "매매실거래가":8400.0,
            "전세실거래년":20190128.0,
            "전세실거래가":1000.0,
            "전세가율":11.24,
            "장기전세가율평균":76.14,
            "전세가율거품지수":64.9,
            "검색코드":4457,
            "세대수":728.0,
            "준공년월":"1991-12-21",
            "준공년차":32.0,
            "가까운역이름":"NA",
            "가까운역거리":"NA",
            "역세권여부":"NA",
            "30분이내주요거점역":"NA",
            "30분거점역이름":"NA",
            "1시간이내주요거점역":"NA",
            "1시간거점역이름":"NA",
            "3km이내백화점수":0,
            "5km이내아울렛몰수":0,
            "1km이내대형먀트수":1,
            "500m이내은행수":0,
            "500m이내병원수":3,
            "5km이내대형병원수":1,
            "500m이내공원수":3,
            "3km이내혐오시설수":0,
            "초등학교학업성취도":90.0,
            "중학교학업성취도":61.9,
            "용적률":210,
            "건폐율":21,
            "Y":34.966094,
            "X":127.715759,
            "rank":23.0,
            "area_info":"28평(95.67), 32평(107.21)",
            "last_sales":"2022-01-22,8400.0,32평(107.21)",
            "rank_history":[
                [
                    "202202",
                    23
                ],
                [
                    "202201",
                    31
                ]
            ],
            "rank_gap":8
        },
        {
            "index":10,
            "아파트명":"덕진광양의봄",
            "투자타입":"일반",
            "전용면적(m2)":"78.85",
            "전용면적(평)":"23평",
            "법정동주소":"전라남도 광양시 광양읍 구산리 832-1",
            "도로명주소":"전라남도 광양시 서평1길 9",
            "세대수":80,
            "입주년차":60,
            "용적률점수":"--",
            "건폐율점수":"--",
            "세대당주차수":30,
            "난방방식":30,
            "공급면적":"--",
            "전용률":"--",
            "욕실수":50,
            "현관타입":100,
            "주거총점":62.5,
            "지역구공급총점":0.0,
            "역세권":"NA",
            "30분내 이동가능 거점":"NA",
            "1시간내 이동가능 거점":"NA",
            "교통총점":"NA",
            "백화점":0,
            "아울렛몰":0,
            "대형마트":0,
            "은행":0,
            "병원":0,
            "종합병원":100,
            "공원":100,
            "혐오시설":0,
            "인프라총점":23.0,
            "초등학군":90.0,
            "중학군":41.1,
            "학군총점":50.88,
            "인구수":16.88,
            "인구증감":-5.16,
            "인구총점":10.268,
            "일자리":10.85,
            "소득수준":65.11,
            "일자리총점":27.128,
            "가치 총점":43.795,
            "매매실거래년":20220121.0,
            "매매실거래가":24800.0,
            "전세실거래년":20220106.0,
            "전세실거래가":14500.0,
            "전세가율":96.67,
            "장기전세가율평균":76.14,
            "전세가율거품지수":-20.53,
            "검색코드":138703,
            "세대수":708.0,
            "준공년월":"2013-01-31",
            "준공년차":10.0,
            "가까운역이름":"NA",
            "가까운역거리":"NA",
            "역세권여부":"NA",
            "30분이내주요거점역":"NA",
            "30분거점역이름":"NA",
            "1시간이내주요거점역":"NA",
            "1시간거점역이름":"NA",
            "3km이내백화점수":0,
            "5km이내아울렛몰수":0,
            "1km이내대형먀트수":0,
            "500m이내은행수":0,
            "500m이내병원수":0,
            "5km이내대형병원수":2,
            "500m이내공원수":10,
            "3km이내혐오시설수":0,
            "초등학교학업성취도":90.0,
            "중학교학업성취도":68.5,
            "용적률":275,
            "건폐율":23,
            "Y":34.976669,
            "X":127.574021,
            "rank":24.0,
            "area_info":"23평(78.85), 29평(98.43), 34평(113.44)",
            "last_sales":"2022-01-21,24800.0,29평(98.43)",
            "rank_history":[
                [
                    "202202",
                    24
                ],
                [
                    "202201",
                    14
                ]
            ],
            "rank_gap":-10
        },
        {
            "index":4,
            "아파트명":"남해오네뜨",
            "투자타입":"일반",
            "전용면적(m2)":"115.37",
            "전용면적(평)":"34평",
            "법정동주소":"전라남도 광양시 광양읍 용강리 용강리 919",
            "도로명주소":"전라남도 광양시 와룡길 43",
            "세대수":80,
            "입주년차":80,
            "용적률점수":"--",
            "건폐율점수":"--",
            "세대당주차수":30,
            "난방방식":30,
            "공급면적":"--",
            "전용률":"--",
            "욕실수":100,
            "현관타입":100,
            "주거총점":71.5,
            "지역구공급총점":0.0,
            "역세권":"NA",
            "30분내 이동가능 거점":"NA",
            "1시간내 이동가능 거점":"NA",
            "교통총점":"NA",
            "백화점":0,
            "아울렛몰":0,
            "대형마트":80,
            "은행":0,
            "병원":10,
            "종합병원":0,
            "공원":100,
            "혐오시설":0,
            "인프라총점":16.0,
            "초등학군":90.0,
            "중학군":38.58,
            "학군총점":48.864,
            "인구수":16.88,
            "인구증감":-5.16,
            "인구총점":10.268,
            "일자리":10.85,
            "소득수준":65.11,
            "일자리총점":27.128,
            "가치 총점":43.641,
            "매매실거래년":20211103.0,
            "매매실거래가":23100.0,
            "전세실거래년":20220128.0,
            "전세실거래가":15017.0,
            "전세가율":null,
            "장기전세가율평균":76.14,
            "전세가율거품지수":null,
            "검색코드":142838,
            "세대수":851.0,
            "준공년월":"2014-02-25",
            "준공년차":9.0,
            "가까운역이름":"NA",
            "가까운역거리":"NA",
            "역세권여부":"NA",
            "30분이내주요거점역":"NA",
            "30분거점역이름":"NA",
            "1시간이내주요거점역":"NA",
            "1시간거점역이름":"NA",
            "3km이내백화점수":0,
            "5km이내아울렛몰수":0,
            "1km이내대형먀트수":1,
            "500m이내은행수":0,
            "500m이내병원수":4,
            "5km이내대형병원수":0,
            "500m이내공원수":6,
            "3km이내혐오시설수":0,
            "초등학교학업성취도":90.0,
            "중학교학업성취도":64.3,
            "용적률":0,
            "건폐율":20,
            "Y":34.968146,
            "X":127.610393,
            "rank":25.0,
            "area_info":"34평(115.37), 34평(115.64), 34평(115.08), 35평(116.12)",
            "last_sales":"2021-11-03,23100.0,35평(116.12)",
            "rank_history":[
                [
                    "202202",
                    25
                ],
                [
                    "202201",
                    33
                ]
            ],
            "rank_gap":8
        },
        {
            "index":205,
            "아파트명":"대광로제비앙1차",
            "투자타입":"일반",
            "전용면적(m2)":"119.18",
            "전용면적(평)":"36평",
            "법정동주소":"전라남도 광양시 중동 1597",
            "도로명주소":"전라남도 광양시 진등길 40",
            "세대수":30,
            "입주년차":40,
            "용적률점수":"--",
            "건폐율점수":"--",
            "세대당주차수":30,
            "난방방식":30,
            "공급면적":"--",
            "전용률":"--",
            "욕실수":100,
            "현관타입":100,
            "주거총점":46.0,
            "지역구공급총점":0.0,
            "역세권":"NA",
            "30분내 이동가능 거점":"NA",
            "1시간내 이동가능 거점":"NA",
            "교통총점":"NA",
            "백화점":0,
            "아울렛몰":0,
            "대형마트":80,
            "은행":0,
            "병원":30,
            "종합병원":80,
            "공원":100,
            "혐오시설":0,
            "인프라총점":34.0,
            "초등학군":90.0,
            "중학군":46.64,
            "학군총점":55.312,
            "인구수":16.88,
            "인구증감":-5.16,
            "인구총점":10.268,
            "일자리":10.85,
            "소득수준":65.11,
            "일자리총점":27.128,
            "가치 총점":43.528,
            "매매실거래년":20211229.0,
            "매매실거래가":21200.0,
            "전세실거래년":20211026.0,
            "전세실거래가":17000.0,
            "전세가율":80.19,
            "장기전세가율평균":76.14,
            "전세가율거품지수":-4.05,
            "검색코드":101150,
            "세대수":352.0,
            "준공년월":"2005-07-14",
            "준공년차":18.0,
            "가까운역이름":"NA",
            "가까운역거리":"NA",
            "역세권여부":"NA",
            "30분이내주요거점역":"NA",
            "30분거점역이름":"NA",
            "1시간이내주요거점역":"NA",
            "1시간거점역이름":"NA",
            "3km이내백화점수":0,
            "5km이내아울렛몰수":0,
            "1km이내대형먀트수":1,
            "500m이내은행수":0,
            "500m이내병원수":5,
            "5km이내대형병원수":1,
            "500m이내공원수":12,
            "3km이내혐오시설수":0,
            "초등학교학업성취도":90.0,
            "중학교학업성취도":77.2,
            "용적률":212,
            "건폐율":19,
            "Y":34.952062,
            "X":127.691205,
            "rank":26.0,
            "area_info":"36평(119.18)",
            "last_sales":"2021-12-29,21200.0,36평(119.18)",
            "rank_history":[
                [
                    "202202",
                    26
                ],
                [
                    "202201",
                    32
                ]
            ],
            "rank_gap":6
        },
        {
            "index":0,
            "아파트명":"광양송보파인빌7차",
            "투자타입":"일반",
            "전용면적(m2)":"102.32",
            "전용면적(평)":"30평",
            "법정동주소":"전라남도 광양시 광양읍 용강리 907",
            "도로명주소":"전라남도 광양시 와룡길 33",
            "세대수":80,
            "입주년차":60,
            "용적률점수":"--",
            "건폐율점수":"--",
            "세대당주차수":30,
            "난방방식":30,
            "공급면적":"--",
            "전용률":"--",
            "욕실수":100,
            "현관타입":100,
            "주거총점":67.5,
            "지역구공급총점":0.0,
            "역세권":"NA",
            "30분내 이동가능 거점":"NA",
            "1시간내 이동가능 거점":"NA",
            "교통총점":"NA",
            "백화점":0,
            "아울렛몰":0,
            "대형마트":80,
            "은행":0,
            "병원":30,
            "종합병원":0,
            "공원":100,
            "혐오시설":0,
            "인프라총점":18.0,
            "초등학군":90.0,
            "중학군":38.58,
            "학군총점":48.864,
            "인구수":16.88,
            "인구증감":-5.16,
            "인구총점":10.268,
            "일자리":10.85,
            "소득수준":65.11,
            "일자리총점":27.128,
            "가치 총점":43.041,
            "매매실거래년":20200709.0,
            "매매실거래가":19900.0,
            "전세실거래년":20211016.0,
            "전세실거래가":11600.0,
            "전세가율":68.08,
            "장기전세가율평균":76.14,
            "전세가율거품지수":8.06,
            "검색코드":129882,
            "세대수":867.0,
            "준공년월":"2011-05-13",
            "준공년차":12.0,
            "가까운역이름":"NA",
            "가까운역거리":"NA",
            "역세권여부":"NA",
            "30분이내주요거점역":"NA",
            "30분거점역이름":"NA",
            "1시간이내주요거점역":"NA",
            "1시간거점역이름":"NA",
            "3km이내백화점수":0,
            "5km이내아울렛몰수":0,
            "1km이내대형먀트수":1,
            "500m이내은행수":0,
            "500m이내병원수":5,
            "5km이내대형병원수":0,
            "500m이내공원수":6,
            "3km이내혐오시설수":0,
            "초등학교학업성취도":90.0,
            "중학교학업성취도":64.3,
            "용적률":261,
            "건폐율":19,
            "Y":34.969618,
            "X":127.61231,
            "rank":27.0,
            "area_info":"30평(102.32), 35평(116.77), 35평(116.58), 35평(117.24)",
            "last_sales":"2020-07-09,19900.0,35평(117.24)",
            "rank_history":[
                [
                    "202202",
                    27
                ],
                [
                    "202201",
                    37
                ]
            ],
            "rank_gap":10
        },
        {
            "index":149,
            "아파트명":"광양마동자연애",
            "투자타입":"일반",
            "전용면적(m2)":"99.97",
            "전용면적(평)":"30평",
            "법정동주소":"전라남도 광양시 마동 1026",
            "도로명주소":"전라남도 광양시 진등5길 1",
            "세대수":0,
            "입주년차":80,
            "용적률점수":"--",
            "건폐율점수":"--",
            "세대당주차수":30,
            "난방방식":30,
            "공급면적":"--",
            "전용률":"--",
            "욕실수":100,
            "현관타입":100,
            "주거총점":43.5,
            "지역구공급총점":0.0,
            "역세권":"NA",
            "30분내 이동가능 거점":"NA",
            "1시간내 이동가능 거점":"NA",
            "교통총점":"NA",
            "백화점":0,
            "아울렛몰":0,
            "대형마트":80,
            "은행":0,
            "병원":30,
            "종합병원":80,
            "공원":100,
            "혐오시설":0,
            "인프라총점":34.0,
            "초등학군":90.0,
            "중학군":46.64,
            "학군총점":55.312,
            "인구수":16.88,
            "인구증감":-5.16,
            "인구총점":10.268,
            "일자리":10.85,
            "소득수준":65.11,
            "일자리총점":27.128,
            "가치 총점":42.653,
            "매매실거래년":20210904.0,
            "매매실거래가":23000.0,
            "전세실거래년":20210720.0,
            "전세실거래가":23000.0,
            "전세가율":100.0,
            "장기전세가율평균":76.14,
            "전세가율거품지수":-23.86,
            "검색코드":109822,
            "세대수":132.0,
            "준공년월":"2016-08-30",
            "준공년차":7.0,
            "가까운역이름":"NA",
            "가까운역거리":"NA",
            "역세권여부":"NA",
            "30분이내주요거점역":"NA",
            "30분거점역이름":"NA",
            "1시간이내주요거점역":"NA",
            "1시간거점역이름":"NA",
            "3km이내백화점수":0,
            "5km이내아울렛몰수":0,
            "1km이내대형먀트수":1,
            "500m이내은행수":0,
            "500m이내병원수":5,
            "5km이내대형병원수":1,
            "500m이내공원수":7,
            "3km이내혐오시설수":0,
            "초등학교학업성취도":90.0,
            "중학교학업성취도":77.2,
            "용적률":258,
            "건폐율":30,
            "Y":34.954968,
            "X":127.689027,
            "rank":28.0,
            "area_info":"30평(99.97), 33평(111.5), 33평(111.78), 33평(111.98), 34평(112.89), 34평(112.93)",
            "last_sales":"2021-09-04,23000.0,30평(99.97)",
            "rank_history":[
                [
                    "202202",
                    28
                ],
                [
                    "202201",
                    34
                ]
            ],
            "rank_gap":6
        },
        {
            "index":35,
            "아파트명":"수시아",
            "투자타입":"일반",
            "전용면적(m2)":"98.81",
            "전용면적(평)":"29평",
            "법정동주소":"전라남도 광양시 광양읍 덕례리 1822",
            "도로명주소":"전라남도 광양시 서산길 43",
            "세대수":50,
            "입주년차":60,
            "용적률점수":"--",
            "건폐율점수":"--",
            "세대당주차수":30,
            "난방방식":30,
            "공급면적":"--",
            "전용률":"--",
            "욕실수":100,
            "현관타입":100,
            "주거총점":57.0,
            "지역구공급총점":0.0,
            "역세권":"NA",
            "30분내 이동가능 거점":"NA",
            "1시간내 이동가능 거점":"NA",
            "교통총점":"NA",
            "백화점":0,
            "아울렛몰":0,
            "대형마트":0,
            "은행":0,
            "병원":10,
            "종합병원":100,
            "공원":100,
            "혐오시설":0,
            "인프라총점":24.0,
            "초등학군":89.99,
            "중학군":41.1,
            "학군총점":50.878,
            "인구수":16.88,
            "인구증감":-5.16,
            "인구총점":10.268,
            "일자리":10.85,
            "소득수준":65.11,
            "일자리총점":27.128,
            "가치 총점":42.2695,
            "매매실거래년":20220126.0,
            "매매실거래가":17500.0,
            "전세실거래년":20201215.0,
            "전세실거래가":15700.0,
            "전세가율":89.71,
            "장기전세가율평균":76.14,
            "전세가율거품지수":-13.57,
            "검색코드":104914,
            "세대수":497.0,
            "준공년월":"2012-12-05",
            "준공년차":11.0,
            "가까운역이름":"NA",
            "가까운역거리":"NA",
            "역세권여부":"NA",
            "30분이내주요거점역":"NA",
            "30분거점역이름":"NA",
            "1시간이내주요거점역":"NA",
            "1시간거점역이름":"NA",
            "3km이내백화점수":0,
            "5km이내아울렛몰수":0,
            "1km이내대형먀트수":0,
            "500m이내은행수":0,
            "500m이내병원수":2,
            "5km이내대형병원수":3,
            "500m이내공원수":6,
            "3km이내혐오시설수":0,
            "초등학교학업성취도":89.99,
            "중학교학업성취도":68.5,
            "용적률":227,
            "건폐율":14,
            "Y":34.969455,
            "X":127.568268,
            "rank":29.0,
            "area_info":"29평(98.81), 36평(120.39)",
            "last_sales":"2022-01-26,17500.0,29평(98.81)",
            "rank_history":[
                [
                    "202202",
                    29
                ],
                [
                    "202201",
                    18
                ]
            ],
            "rank_gap":-11
        },
        {
            "index":227,
            "아파트명":"성호3차",
            "투자타입":"일반",
            "전용면적(m2)":"110.43",
            "전용면적(평)":"33평",
            "법정동주소":"전라남도 광양시 중동 1691",
            "도로명주소":"전라남도 광양시 광장로 84",
            "세대수":30,
            "입주년차":20,
            "용적률점수":"--",
            "건폐율점수":"--",
            "세대당주차수":30,
            "난방방식":30,
            "공급면적":"--",
            "전용률":"--",
            "욕실수":100,
            "현관타입":100,
            "주거총점":42.0,
            "지역구공급총점":0.0,
            "역세권":"NA",
            "30분내 이동가능 거점":"NA",
            "1시간내 이동가능 거점":"NA",
            "교통총점":"NA",
            "백화점":0,
            "아울렛몰":0,
            "대형마트":80,
            "은행":0,
            "병원":30,
            "종합병원":80,
            "공원":0,
            "혐오시설":0,
            "인프라총점":31.0,
            "초등학군":89.99,
            "중학군":50.58,
            "학군총점":58.462,
            "인구수":16.88,
            "인구증감":-5.16,
            "인구총점":10.268,
            "일자리":10.85,
            "소득수준":65.11,
            "일자리총점":27.128,
            "가치 총점":41.7155,
            "매매실거래년":20220108.0,
            "매매실거래가":15000.0,
            "전세실거래년":20211207.0,
            "전세실거래가":14800.0,
            "전세가율":98.67,
            "장기전세가율평균":76.14,
            "전세가율거품지수":-22.53,
            "검색코드":16823,
            "세대수":396.0,
            "준공년월":"1999-11-01",
            "준공년차":24.0,
            "가까운역이름":"NA",
            "가까운역거리":"NA",
            "역세권여부":"NA",
            "30분이내주요거점역":"NA",
            "30분거점역이름":"NA",
            "1시간이내주요거점역":"NA",
            "1시간거점역이름":"NA",
            "3km이내백화점수":0,
            "5km이내아울렛몰수":0,
            "1km이내대형먀트수":1,
            "500m이내은행수":1,
            "500m이내병원수":7,
            "5km이내대형병원수":1,
            "500m이내공원수":0,
            "3km이내혐오시설수":0,
            "초등학교학업성취도":89.99,
            "중학교학업성취도":83.9,
            "용적률":346,
            "건폐율":25,
            "Y":34.931361,
            "X":127.693757,
            "rank":30.0,
            "area_info":"33평(110.43)",
            "last_sales":"2022-01-08,15000.0,33평(110.43)",
            "rank_history":[
                [
                    "202202",
                    30
                ],
                [
                    "202201",
                    25
                ]
            ],
            "rank_gap":-5
        },
        {
            "index":241,
            "아파트명":"태영",
            "투자타입":"일반",
            "전용면적(m2)":"68.0",
            "전용면적(평)":"20평",
            "법정동주소":"전라남도 광양시 중동 1681",
            "도로명주소":"전라남도 광양시 광장로 112-11",
            "세대수":50,
            "입주년차":0,
            "용적률점수":"--",
            "건폐율점수":"--",
            "세대당주차수":0,
            "난방방식":30,
            "공급면적":"--",
            "전용률":"--",
            "욕실수":50,
            "현관타입":10,
            "주거총점":26.5,
            "지역구공급총점":0.0,
            "역세권":"NA",
            "30분내 이동가능 거점":"NA",
            "1시간내 이동가능 거점":"NA",
            "교통총점":"NA",
            "백화점":0,
            "아울렛몰":0,
            "대형마트":100,
            "은행":20,
            "병원":80,
            "종합병원":80,
            "공원":100,
            "혐오시설":0,
            "인프라총점":44.0,
            "초등학군":90.01,
            "중학군":50.58,
            "학군총점":58.466,
            "인구수":16.88,
            "인구증감":-5.16,
            "인구총점":10.268,
            "일자리":10.85,
            "소득수준":65.11,
            "일자리총점":27.128,
            "가치 총점":41.4915,
            "매매실거래년":20211225.0,
            "매매실거래가":10400.0,
            "전세실거래년":20211127.0,
            "전세실거래가":6500.0,
            "전세가율":91.55,
            "장기전세가율평균":76.14,
            "전세가율거품지수":-15.41,
            "검색코드":4474,
            "세대수":508.0,
            "준공년월":"1996-11-01",
            "준공년차":27.0,
            "가까운역이름":"NA",
            "가까운역거리":"NA",
            "역세권여부":"NA",
            "30분이내주요거점역":"NA",
            "30분거점역이름":"NA",
            "1시간이내주요거점역":"NA",
            "1시간거점역이름":"NA",
            "3km이내백화점수":0,
            "5km이내아울렛몰수":0,
            "1km이내대형먀트수":4,
            "500m이내은행수":2,
            "500m이내병원수":41,
            "5km이내대형병원수":1,
            "500m이내공원수":5,
            "3km이내혐오시설수":0,
            "초등학교학업성취도":90.01,
            "중학교학업성취도":83.9,
            "용적률":224,
            "건폐율":23,
            "Y":34.934786,
            "X":127.697039,
            "rank":31.0,
            "area_info":"20평(68.0), 23평(76.76), 32평(106.62)",
            "last_sales":"2021-12-25,10400.0,23평(76.76)",
            "rank_history":[
                [
                    "202202",
                    31
                ],
                [
                    "202201",
                    20
                ]
            ],
            "rank_gap":-11
        },
        {
            "index":163,
            "아파트명":"광양스위트엠르네상스",
            "투자타입":"일반",
            "전용면적(m2)":"78.6",
            "전용면적(평)":"23평",
            "법정동주소":"전라남도 광양시 마동 1159번지",
            "도로명주소":"전라남도 광양시 눈소4길 37",
            "세대수":30,
            "입주년차":100,
            "용적률점수":"--",
            "건폐율점수":"--",
            "세대당주차수":30,
            "난방방식":30,
            "공급면적":"--",
            "전용률":"--",
            "욕실수":100,
            "현관타입":100,
            "주거총점":58.0,
            "지역구공급총점":0.0,
            "역세권":"NA",
            "30분내 이동가능 거점":"NA",
            "1시간내 이동가능 거점":"NA",
            "교통총점":"NA",
            "백화점":0,
            "아울렛몰":0,
            "대형마트":0,
            "은행":0,
            "병원":0,
            "종합병원":80,
            "공원":0,
            "혐오시설":0,
            "인프라총점":16.0,
            "초등학군":90.01,
            "중학군":50.58,
            "학군총점":58.466,
            "인구수":16.88,
            "인구증감":-5.16,
            "인구총점":10.268,
            "일자리":10.85,
            "소득수준":65.11,
            "일자리총점":27.128,
            "가치 총점":41.3165,
            "매매실거래년":20210630.0,
            "매매실거래가":17100.0,
            "전세실거래년":null,
            "전세실거래가":null,
            "전세가율":null,
            "장기전세가율평균":76.14,
            "전세가율거품지수":null,
            "검색코드":125439,
            "세대수":339.0,
            "준공년월":"2021-05-01",
            "준공년차":2.0,
            "가까운역이름":"NA",
            "가까운역거리":"NA",
            "역세권여부":"NA",
            "30분이내주요거점역":"NA",
            "30분거점역이름":"NA",
            "1시간이내주요거점역":"NA",
            "1시간거점역이름":"NA",
            "3km이내백화점수":0,
            "5km이내아울렛몰수":0,
            "1km이내대형먀트수":0,
            "500m이내은행수":0,
            "500m이내병원수":0,
            "5km이내대형병원수":1,
            "500m이내공원수":0,
            "3km이내혐오시설수":0,
            "초등학교학업성취도":90.01,
            "중학교학업성취도":83.9,
            "용적률":0,
            "건폐율":0,
            "Y":34.938209,
            "X":127.706715,
            "rank":32.0,
            "area_info":"23평(78.6), 23평(79.24), 30평(100.85), 30평(101.02), 33평(110.68)",
            "last_sales":"2021-06-30,17100.0,23평(78.6)",
            "rank_history":[
                [
                    "202202",
                    32
                ],
                [
                    "202201",
                    22
                ]
            ],
            "rank_gap":-10
        },
        {
            "index":172,
            "아파트명":"금광블루빌",
            "투자타입":"일반",
            "전용면적(m2)":"78.85",
            "전용면적(평)":"23평",
            "법정동주소":"전라남도 광양시 마동 1019",
            "도로명주소":"전라남도 광양시 진등6길 11",
            "세대수":50,
            "입주년차":20,
            "용적률점수":"--",
            "건폐율점수":"--",
            "세대당주차수":0,
            "난방방식":30,
            "공급면적":"--",
            "전용률":"--",
            "욕실수":50,
            "현관타입":100,
            "주거총점":39.5,
            "지역구공급총점":0.0,
            "역세권":"NA",
            "30분내 이동가능 거점":"NA",
            "1시간내 이동가능 거점":"NA",
            "교통총점":"NA",
            "백화점":0,
            "아울렛몰":0,
            "대형마트":80,
            "은행":0,
            "병원":30,
            "종합병원":80,
            "공원":100,
            "혐오시설":0,
            "인프라총점":34.0,
            "초등학군":90.0,
            "중학군":46.64,
            "학군총점":55.312,
            "인구수":16.88,
            "인구증감":-5.16,
            "인구총점":10.268,
            "일자리":10.85,
            "소득수준":65.11,
            "일자리총점":27.128,
            "가치 총점":41.253,
            "매매실거래년":20211229.0,
            "매매실거래가":11000.0,
            "전세실거래년":20211130.0,
            "전세실거래가":9500.0,
            "전세가율":86.36,
            "장기전세가율평균":76.14,
            "전세가율거품지수":-10.22,
            "검색코드":11481,
            "세대수":570.0,
            "준공년월":"2002-01-05",
            "준공년차":21.0,
            "가까운역이름":"NA",
            "가까운역거리":"NA",
            "역세권여부":"NA",
            "30분이내주요거점역":"NA",
            "30분거점역이름":"NA",
            "1시간이내주요거점역":"NA",
            "1시간거점역이름":"NA",
            "3km이내백화점수":0,
            "5km이내아울렛몰수":0,
            "1km이내대형먀트수":1,
            "500m이내은행수":0,
            "500m이내병원수":5,
            "5km이내대형병원수":1,
            "500m이내공원수":4,
            "3km이내혐오시설수":0,
            "초등학교학업성취도":90.0,
            "중학교학업성취도":77.2,
            "용적률":200,
            "건폐율":19,
            "Y":34.95537,
            "X":127.68696,
            "rank":33.0,
            "area_info":"23평(78.85), 28평(93.61), 31평(103.05)",
            "last_sales":"2021-12-29,11000.0,23평(78.85)",
            "rank_history":[
                [
                    "202202",
                    33
                ],
                [
                    "202201",
                    40
                ]
            ],
            "rank_gap":7
        },
        {
            "index":236,
            "아파트명":"중마주공2차",
            "투자타입":"일반",
            "전용면적(m2)":"57.53",
            "전용면적(평)":"17평",
            "법정동주소":"전라남도 광양시 중동 1434",
            "도로명주소":"전라남도 광양시 구마9길 11",
            "세대수":80,
            "입주년차":0,
            "용적률점수":"--",
            "건폐율점수":"--",
            "세대당주차수":0,
            "난방방식":30,
            "공급면적":"--",
            "전용률":"--",
            "욕실수":50,
            "현관타입":10,
            "주거총점":37.0,
            "지역구공급총점":0.0,
            "역세권":"NA",
            "30분내 이동가능 거점":"NA",
            "1시간내 이동가능 거점":"NA",
            "교통총점":"NA",
            "백화점":0,
            "아울렛몰":0,
            "대형마트":100,
            "은행":0,
            "병원":10,
            "종합병원":80,
            "공원":100,
            "혐오시설":0,
            "인프라총점":35.0,
            "초등학군":90.01,
            "중학군":48.54,
            "학군총점":56.834,
            "인구수":16.88,
            "인구증감":-5.16,
            "인구총점":10.268,
            "일자리":10.85,
            "소득수준":65.11,
            "일자리총점":27.128,
            "가치 총점":41.1585,
            "매매실거래년":20220126.0,
            "매매실거래가":4300.0,
            "전세실거래년":20220120.0,
            "전세실거래가":3880.0,
            "전세가율":90.23,
            "장기전세가율평균":76.14,
            "전세가율거품지수":-14.09,
            "검색코드":4467,
            "세대수":712.0,
            "준공년월":"1993-03-10",
            "준공년차":30.0,
            "가까운역이름":"NA",
            "가까운역거리":"NA",
            "역세권여부":"NA",
            "30분이내주요거점역":"NA",
            "30분거점역이름":"NA",
            "1시간이내주요거점역":"NA",
            "1시간거점역이름":"NA",
            "3km이내백화점수":0,
            "5km이내아울렛몰수":0,
            "1km이내대형먀트수":4,
            "500m이내은행수":0,
            "500m이내병원수":3,
            "5km이내대형병원수":1,
            "500m이내공원수":5,
            "3km이내혐오시설수":0,
            "초등학교학업성취도":90.01,
            "중학교학업성취도":80.9,
            "용적률":0,
            "건폐율":0,
            "Y":34.945989,
            "X":127.685634,
            "rank":34.0,
            "area_info":"17평(57.53), 20평(68.42)",
            "last_sales":"2022-01-26,4300.0,17평(57.53)",
            "rank_history":[
                [
                    "202202",
                    34
                ],
                [
                    "202201",
                    45
                ]
            ],
            "rank_gap":11
        },
        {
            "index":230,
            "아파트명":"우봉카이스트빌",
            "투자타입":"일반",
            "전용면적(m2)":"115.96",
            "전용면적(평)":"35평",
            "법정동주소":"전라남도 광양시 중동 1696-4",
            "도로명주소":"전라남도 광양시 오류로 100",
            "세대수":0,
            "입주년차":40,
            "용적률점수":"--",
            "건폐율점수":"--",
            "세대당주차수":30,
            "난방방식":30,
            "공급면적":"--",
            "전용률":"--",
            "욕실수":100,
            "현관타입":100,
            "주거총점":35.5,
            "지역구공급총점":0.0,
            "역세권":"NA",
            "30분내 이동가능 거점":"NA",
            "1시간내 이동가능 거점":"NA",
            "교통총점":"NA",
            "백화점":0,
            "아울렛몰":0,
            "대형마트":100,
            "은행":20,
            "병원":10,
            "종합병원":80,
            "공원":100,
            "혐오시설":0,
            "인프라총점":37.0,
            "초등학군":90.0,
            "중학군":46.64,
            "학군총점":55.312,
            "인구수":16.88,
            "인구증감":-5.16,
            "인구총점":10.268,
            "일자리":10.85,
            "소득수준":65.11,
            "일자리총점":27.128,
            "가치 총점":41.053,
            "매매실거래년":20220112.0,
            "매매실거래가":24300.0,
            "전세실거래년":20141108.0,
            "전세실거래가":10000.0,
            "전세가율":54.64,
            "장기전세가율평균":76.14,
            "전세가율거품지수":21.5,
            "검색코드":100870,
            "세대수":222.0,
            "준공년월":"2005-03-25",
            "준공년차":18.0,
            "가까운역이름":"NA",
            "가까운역거리":"NA",
            "역세권여부":"NA",
            "30분이내주요거점역":"NA",
            "30분거점역이름":"NA",
            "1시간이내주요거점역":"NA",
            "1시간거점역이름":"NA",
            "3km이내백화점수":0,
            "5km이내아울렛몰수":0,
            "1km이내대형먀트수":4,
            "500m이내은행수":2,
            "500m이내병원수":4,
            "5km이내대형병원수":1,
            "500m이내공원수":4,
            "3km이내혐오시설수":0,
            "초등학교학업성취도":90.0,
            "중학교학업성취도":77.2,
            "용적률":246,
            "건폐율":21,
            "Y":34.94672,
            "X":127.696448,
            "rank":35.0,
            "area_info":"35평(115.96), 35평(117.38)",
            "last_sales":"2022-01-12,24300.0,35평(117.38)",
            "rank_history":[
                [
                    "202202",
                    35
                ],
                [
                    "202201",
                    43
                ]
            ],
            "rank_gap":8
        },
        {
            "index":211,
            "아파트명":"동광(부영)",
            "투자타입":"재건축",
            "전용면적(m2)":"78.52",
            "전용면적(평)":"23평",
            "법정동주소":"전라남도 광양시 중동 1301-1",
            "도로명주소":"전라남도 광양시 동광길 30",
            "세대수":50,
            "입주년차":"--",
            "용적률점수":0,
            "건폐율점수":0,
            "세대당주차수":"--",
            "난방방식":"--",
            "공급면적":50,
            "전용률":60,
            "욕실수":"--",
            "현관타입":"--",
            "주거총점":20.5,
            "지역구공급총점":0.0,
            "역세권":"NA",
            "30분내 이동가능 거점":"NA",
            "1시간내 이동가능 거점":"NA",
            "교통총점":"NA",
            "백화점":0,
            "아울렛몰":0,
            "대형마트":100,
            "은행":100,
            "병원":60,
            "종합병원":80,
            "공원":100,
            "혐오시설":0,
            "인프라총점":50.0,
            "초등학군":90.0,
            "중학군":46.64,
            "학군총점":55.312,
            "인구수":16.88,
            "인구증감":-5.16,
            "인구총점":10.268,
            "일자리":10.85,
            "소득수준":65.11,
            "일자리총점":27.128,
            "가치 총점":41.003,
            "매매실거래년":20210323.0,
            "매매실거래가":6000.0,
            "전세실거래년":20220119.0,
            "전세실거래가":4544.0,
            "전세가율":null,
            "장기전세가율평균":76.14,
            "전세가율거품지수":null,
            "검색코드":14890,
            "세대수":400.0,
            "준공년월":"1990-11-01",
            "준공년차":33.0,
            "가까운역이름":"NA",
            "가까운역거리":"NA",
            "역세권여부":"NA",
            "30분이내주요거점역":"NA",
            "30분거점역이름":"NA",
            "1시간이내주요거점역":"NA",
            "1시간거점역이름":"NA",
            "3km이내백화점수":0,
            "5km이내아울렛몰수":0,
            "1km이내대형먀트수":3,
            "500m이내은행수":7,
            "500m이내병원수":12,
            "5km이내대형병원수":1,
            "500m이내공원수":7,
            "3km이내혐오시설수":0,
            "초등학교학업성취도":90.0,
            "중학교학업성취도":77.2,
            "용적률":0,
            "건폐율":0,
            "Y":34.941907,
            "X":127.700527,
            "rank":36.0,
            "area_info":"23평(78.52), 32평(107.31)",
            "last_sales":"2021-03-23,6000.0,32평(107.31)",
            "rank_history":[
                [
                    "202202",
                    36
                ],
                [
                    "202201",
                    28
                ]
            ],
            "rank_gap":-8
        },
        {
            "index":50,
            "아파트명":"칠성e-편한세상",
            "투자타입":"일반",
            "전용면적(m2)":"110.03",
            "전용면적(평)":"33평",
            "법정동주소":"전라남도 광양시 광양읍 구산리 850-1",
            "도로명주소":"전라남도 광양시 서북2길 115",
            "세대수":50,
            "입주년차":40,
            "용적률점수":"--",
            "건폐율점수":"--",
            "세대당주차수":30,
            "난방방식":30,
            "공급면적":"--",
            "전용률":"--",
            "욕실수":100,
            "현관타입":100,
            "주거총점":53.0,
            "지역구공급총점":0.0,
            "역세권":"NA",
            "30분내 이동가능 거점":"NA",
            "1시간내 이동가능 거점":"NA",
            "교통총점":"NA",
            "백화점":0,
            "아울렛몰":0,
            "대형마트":0,
            "은행":0,
            "병원":0,
            "종합병원":100,
            "공원":100,
            "혐오시설":0,
            "인프라총점":23.0,
            "초등학군":90.0,
            "중학군":41.1,
            "학군총점":50.88,
            "인구수":16.88,
            "인구증감":-5.16,
            "인구총점":10.268,
            "일자리":10.85,
            "소득수준":65.11,
            "일자리총점":27.128,
            "가치 총점":40.47,
            "매매실거래년":20211113.0,
            "매매실거래가":32500.0,
            "전세실거래년":20210604.0,
            "전세실거래가":28000.0,
            "전세가율":86.15,
            "장기전세가율평균":76.14,
            "전세가율거품지수":-10.01,
            "검색코드":102447,
            "세대수":423.0,
            "준공년월":"2008-10-28",
            "준공년차":15.0,
            "가까운역이름":"NA",
            "가까운역거리":"NA",
            "역세권여부":"NA",
            "30분이내주요거점역":"NA",
            "30분거점역이름":"NA",
            "1시간이내주요거점역":"NA",
            "1시간거점역이름":"NA",
            "3km이내백화점수":0,
            "5km이내아울렛몰수":0,
            "1km이내대형먀트수":0,
            "500m이내은행수":0,
            "500m이내병원수":0,
            "5km이내대형병원수":2,
            "500m이내공원수":12,
            "3km이내혐오시설수":0,
            "초등학교학업성취도":90.0,
            "중학교학업성취도":68.5,
            "용적률":284,
            "건폐율":24,
            "Y":34.975015,
            "X":127.575424,
            "rank":37.0,
            "area_info":"33평(110.03), 45평(148.95)",
            "last_sales":"2021-11-13,32500.0,33평(110.03)",
            "rank_history":[
                [
                    "202202",
                    37
                ],
                [
                    "202201",
                    26
                ]
            ],
            "rank_gap":-11
        },
        {
            "index":216,
            "아파트명":"무등파크맨션",
            "투자타입":"일반",
            "전용면적(m2)":"74.12",
            "전용면적(평)":"22평",
            "법정동주소":"전라남도 광양시 중동 1418",
            "도로명주소":"전라남도 광양시 중마로 230",
            "세대수":50,
            "입주년차":0,
            "용적률점수":"--",
            "건폐율점수":"--",
            "세대당주차수":0,
            "난방방식":30,
            "공급면적":"--",
            "전용률":"--",
            "욕실수":50,
            "현관타입":100,
            "주거총점":35.5,
            "지역구공급총점":0.0,
            "역세권":"NA",
            "30분내 이동가능 거점":"NA",
            "1시간내 이동가능 거점":"NA",
            "교통총점":"NA",
            "백화점":0,
            "아울렛몰":0,
            "대형마트":100,
            "은행":0,
            "병원":10,
            "종합병원":80,
            "공원":100,
            "혐오시설":0,
            "인프라총점":35.0,
            "초등학군":90.0,
            "중학군":46.64,
            "학군총점":55.312,
            "인구수":16.88,
            "인구증감":-5.16,
            "인구총점":10.268,
            "일자리":10.85,
            "소득수준":65.11,
            "일자리총점":27.128,
            "가치 총점":40.253,
            "매매실거래년":20220105.0,
            "매매실거래가":7800.0,
            "전세실거래년":20211227.0,
            "전세실거래가":7500.0,
            "전세가율":96.15,
            "장기전세가율평균":76.14,
            "전세가율거품지수":-20.01,
            "검색코드":4463,
            "세대수":640.0,
            "준공년월":"1994-09-09",
            "준공년차":29.0,
            "가까운역이름":"NA",
            "가까운역거리":"NA",
            "역세권여부":"NA",
            "30분이내주요거점역":"NA",
            "30분거점역이름":"NA",
            "1시간이내주요거점역":"NA",
            "1시간거점역이름":"NA",
            "3km이내백화점수":0,
            "5km이내아울렛몰수":0,
            "1km이내대형먀트수":4,
            "500m이내은행수":0,
            "500m이내병원수":3,
            "5km이내대형병원수":1,
            "500m이내공원수":7,
            "3km이내혐오시설수":0,
            "초등학교학업성취도":90.0,
            "중학교학업성취도":77.2,
            "용적률":346,
            "건폐율":23,
            "Y":34.945667,
            "X":127.689828,
            "rank":38.0,
            "area_info":"22평(74.12), 31평(105.66), 31평(105.03), 53평(176.88)",
            "last_sales":"2022-01-05,7800.0,22평(74.12)",
            "rank_history":[
                [
                    "202202",
                    38
                ],
                [
                    "202201",
                    47
                ]
            ],
            "rank_gap":9
        },
        {
            "index":238,
            "아파트명":"중마진아리채",
            "투자타입":"일반",
            "전용면적(m2)":"100.51",
            "전용면적(평)":"30평",
            "법정동주소":"전라남도 광양시 중동 1696-2",
            "도로명주소":"전라남도 광양시 중마중앙1길 65",
            "세대수":0,
            "입주년차":60,
            "용적률점수":"--",
            "건폐율점수":"--",
            "세대당주차수":30,
            "난방방식":30,
            "공급면적":"--",
            "전용률":"--",
            "욕실수":100,
            "현관타입":100,
            "주거총점":39.5,
            "지역구공급총점":0.0,
            "역세권":"NA",
            "30분내 이동가능 거점":"NA",
            "1시간내 이동가능 거점":"NA",
            "교통총점":"NA",
            "백화점":0,
            "아울렛몰":0,
            "대형마트":80,
            "은행":0,
            "병원":0,
            "종합병원":80,
            "공원":100,
            "혐오시설":0,
            "인프라총점":31.0,
            "초등학군":90.0,
            "중학군":46.64,
            "학군총점":55.312,
            "인구수":16.88,
            "인구증감":-5.16,
            "인구총점":10.268,
            "일자리":10.85,
            "소득수준":65.11,
            "일자리총점":27.128,
            "가치 총점":40.053,
            "매매실거래년":20211113.0,
            "매매실거래가":18000.0,
            "전세실거래년":20181105.0,
            "전세실거래가":15000.0,
            "전세가율":80.43,
            "장기전세가율평균":76.14,
            "전세가율거품지수":-4.29,
            "검색코드":105561,
            "세대수":140.0,
            "준공년월":"2011-12-09",
            "준공년차":12.0,
            "가까운역이름":"NA",
            "가까운역거리":"NA",
            "역세권여부":"NA",
            "30분이내주요거점역":"NA",
            "30분거점역이름":"NA",
            "1시간이내주요거점역":"NA",
            "1시간거점역이름":"NA",
            "3km이내백화점수":0,
            "5km이내아울렛몰수":0,
            "1km이내대형먀트수":1,
            "500m이내은행수":0,
            "500m이내병원수":0,
            "5km이내대형병원수":1,
            "500m이내공원수":7,
            "3km이내혐오시설수":0,
            "초등학교학업성취도":90.0,
            "중학교학업성취도":77.2,
            "용적률":209,
            "건폐율":24,
            "Y":34.94947,
            "X":127.696547,
            "rank":39.0,
            "area_info":"30평(100.51), 30평(101.21), 31평(103.69)",
            "last_sales":"2021-11-13,18000.0,31평(103.69)",
            "rank_history":[
                [
                    "202202",
                    39
                ],
                [
                    "202201",
                    42
                ]
            ],
            "rank_gap":3
        },
        {
            "index":175,
            "아파트명":"송보파인빌뷰1차",
            "투자타입":"일반",
            "전용면적(m2)":"113.99",
            "전용면적(평)":"34평",
            "법정동주소":"전라남도 광양시 마동 1046",
            "도로명주소":"전라남도 광양시 진등길 64",
            "세대수":0,
            "입주년차":40,
            "용적률점수":"--",
            "건폐율점수":"--",
            "세대당주차수":30,
            "난방방식":30,
            "공급면적":"--",
            "전용률":"--",
            "욕실수":100,
            "현관타입":100,
            "주거총점":35.5,
            "지역구공급총점":0.0,
            "역세권":"NA",
            "30분내 이동가능 거점":"NA",
            "1시간내 이동가능 거점":"NA",
            "교통총점":"NA",
            "백화점":0,
            "아울렛몰":0,
            "대형마트":80,
            "은행":0,
            "병원":30,
            "종합병원":80,
            "공원":100,
            "혐오시설":0,
            "인프라총점":34.0,
            "초등학군":90.0,
            "중학군":46.64,
            "학군총점":55.312,
            "인구수":16.88,
            "인구증감":-5.16,
            "인구총점":10.268,
            "일자리":10.85,
            "소득수준":65.11,
            "일자리총점":27.128,
            "가치 총점":39.853,
            "매매실거래년":20211027.0,
            "매매실거래가":18300.0,
            "전세실거래년":20211123.0,
            "전세실거래가":17000.0,
            "전세가율":92.9,
            "장기전세가율평균":76.14,
            "전세가율거품지수":-16.76,
            "검색코드":104846,
            "세대수":214.0,
            "준공년월":"2005-09-21",
            "준공년차":18.0,
            "가까운역이름":"NA",
            "가까운역거리":"NA",
            "역세권여부":"NA",
            "30분이내주요거점역":"NA",
            "30분거점역이름":"NA",
            "1시간이내주요거점역":"NA",
            "1시간거점역이름":"NA",
            "3km이내백화점수":0,
            "5km이내아울렛몰수":0,
            "1km이내대형먀트수":1,
            "500m이내은행수":0,
            "500m이내병원수":6,
            "5km이내대형병원수":1,
            "500m이내공원수":8,
            "3km이내혐오시설수":0,
            "초등학교학업성취도":90.0,
            "중학교학업성취도":77.2,
            "용적률":264,
            "건폐율":24,
            "Y":34.954099,
            "X":127.691045,
            "rank":40.0,
            "area_info":"34평(113.99)",
            "last_sales":"2021-10-27,18300.0,34평(113.99)",
            "rank_history":[
                [
                    "202202",
                    40
                ],
                [
                    "202201",
                    44
                ]
            ],
            "rank_gap":4
        },
        {
            "index":180,
            "아파트명":"콤팩트시티(도시형)",
            "투자타입":"일반",
            "전용면적(m2)":"28.79",
            "전용면적(평)":"8평",
            "법정동주소":"전라남도 광양시 마동 1165-10",
            "도로명주소":"전라남도 광양시 중마로 561",
            "세대수":0,
            "입주년차":80,
            "용적률점수":"--",
            "건폐율점수":"--",
            "세대당주차수":0,
            "난방방식":30,
            "공급면적":"--",
            "전용률":"--",
            "욕실수":50,
            "현관타입":10,
            "주거총점":25.0,
            "지역구공급총점":0.0,
            "역세권":"NA",
            "30분내 이동가능 거점":"NA",
            "1시간내 이동가능 거점":"NA",
            "교통총점":"NA",
            "백화점":0,
            "아울렛몰":0,
            "대형마트":80,
            "은행":0,
            "병원":60,
            "종합병원":80,
            "공원":100,
            "혐오시설":0,
            "인프라총점":37.0,
            "초등학군":90.01,
            "중학군":50.58,
            "학군총점":58.466,
            "인구수":16.88,
            "인구증감":-5.16,
            "인구총점":10.268,
            "일자리":10.85,
            "소득수준":65.11,
            "일자리총점":27.128,
            "가치 총점":38.1665,
            "매매실거래년":20211226.0,
            "매매실거래가":8000.0,
            "전세실거래년":null,
            "전세실거래가":null,
            "전세가율":null,
            "장기전세가율평균":76.14,
            "전세가율거품지수":null,
            "검색코드":119557,
            "세대수":156.0,
            "준공년월":"2018-03-06",
            "준공년차":5.0,
            "가까운역이름":"NA",
            "가까운역거리":"NA",
            "역세권여부":"NA",
            "30분이내주요거점역":"NA",
            "30분거점역이름":"NA",
            "1시간이내주요거점역":"NA",
            "1시간거점역이름":"NA",
            "3km이내백화점수":0,
            "5km이내아울렛몰수":0,
            "1km이내대형먀트수":1,
            "500m이내은행수":1,
            "500m이내병원수":19,
            "5km이내대형병원수":1,
            "500m이내공원수":2,
            "3km이내혐오시설수":0,
            "초등학교학업성취도":90.01,
            "중학교학업성취도":83.9,
            "용적률":374,
            "건폐율":64,
            "Y":34.93457,
            "X":127.701614,
            "rank":41.0,
            "area_info":"8평(28.79), 8평(29.61), 9평(29.95)",
            "last_sales":"2021-12-26,8000.0,8평(29.61)",
            "rank_history":[
                [
                    "202202",
                    41
                ],
                [
                    "202201",
                    30
                ]
            ],
            "rank_gap":-11
        },
        {
            "index":48,
            "아파트명":"창덕에버빌2단지",
            "투자타입":"일반",
            "전용면적(m2)":"81.66",
            "전용면적(평)":"24평",
            "법정동주소":"전라남도 광양시 광양읍 용강리 893",
            "도로명주소":"전라남도 광양시 용강1길 12",
            "세대수":90,
            "입주년차":20,
            "용적률점수":"--",
            "건폐율점수":"--",
            "세대당주차수":0,
            "난방방식":30,
            "공급면적":"--",
            "전용률":"--",
            "욕실수":50,
            "현관타입":100,
            "주거총점":53.5,
            "지역구공급총점":0.0,
            "역세권":"NA",
            "30분내 이동가능 거점":"NA",
            "1시간내 이동가능 거점":"NA",
            "교통총점":"NA",
            "백화점":0,
            "아울렛몰":0,
            "대형마트":80,
            "은행":0,
            "병원":30,
            "종합병원":0,
            "공원":100,
            "혐오시설":0,
            "인프라총점":18.0,
            "초등학군":90.01,
            "중학군":38.58,
            "학군총점":48.866,
            "인구수":16.88,
            "인구증감":-5.16,
            "인구총점":10.268,
            "일자리":10.85,
            "소득수준":65.11,
            "일자리총점":27.128,
            "가치 총점":38.1415,
            "매매실거래년":20220115.0,
            "매매실거래가":15400.0,
            "전세실거래년":20210809.0,
            "전세실거래가":2360.0,
            "전세가율":20.88,
            "장기전세가율평균":76.14,
            "전세가율거품지수":55.26,
            "검색코드":102458,
            "세대수":1416.0,
            "준공년월":"2001-11-02",
            "준공년차":22.0,
            "가까운역이름":"NA",
            "가까운역거리":"NA",
            "역세권여부":"NA",
            "30분이내주요거점역":"NA",
            "30분거점역이름":"NA",
            "1시간이내주요거점역":"NA",
            "1시간거점역이름":"NA",
            "3km이내백화점수":0,
            "5km이내아울렛몰수":0,
            "1km이내대형먀트수":1,
            "500m이내은행수":0,
            "500m이내병원수":5,
            "5km이내대형병원수":0,
            "500m이내공원수":8,
            "3km이내혐오시설수":0,
            "초등학교학업성취도":90.01,
            "중학교학업성취도":64.3,
            "용적률":254,
            "건폐율":15,
            "Y":34.972528,
            "X":127.610887,
            "rank":42.0,
            "area_info":"24평(81.66), 33평(109.65)",
            "last_sales":"2022-01-15,15400.0,33평(109.65)",
            "rank_history":[
                [
                    "202202",
                    42
                ],
                [
                    "202201",
                    53
                ]
            ],
            "rank_gap":11
        },
        {
            "index":176,
            "아파트명":"송보파인빌뷰3차",
            "투자타입":"일반",
            "전용면적(m2)":"114.7",
            "전용면적(평)":"34평",
            "법정동주소":"전라남도 광양시 마동 1054",
            "도로명주소":"전라남도 광양시 진등길 59",
            "세대수":0,
            "입주년차":40,
            "용적률점수":"--",
            "건폐율점수":"--",
            "세대당주차수":30,
            "난방방식":30,
            "공급면적":"--",
            "전용률":"--",
            "욕실수":100,
            "현관타입":50,
            "주거총점":30.5,
            "지역구공급총점":0.0,
            "역세권":"NA",
            "30분내 이동가능 거점":"NA",
            "1시간내 이동가능 거점":"NA",
            "교통총점":"NA",
            "백화점":0,
            "아울렛몰":0,
            "대형마트":80,
            "은행":0,
            "병원":30,
            "종합병원":80,
            "공원":100,
            "혐오시설":0,
            "인프라총점":34.0,
            "초등학군":90.0,
            "중학군":46.64,
            "학군총점":55.312,
            "인구수":16.88,
            "인구증감":-5.16,
            "인구총점":10.268,
            "일자리":10.85,
            "소득수준":65.11,
            "일자리총점":27.128,
            "가치 총점":38.103,
            "매매실거래년":20211119.0,
            "매매실거래가":15400.0,
            "전세실거래년":20210826.0,
            "전세실거래가":16000.0,
            "전세가율":103.9,
            "장기전세가율평균":76.14,
            "전세가율거품지수":-27.76,
            "검색코드":105817,
            "세대수":114.0,
            "준공년월":"2005-12-19",
            "준공년차":18.0,
            "가까운역이름":"NA",
            "가까운역거리":"NA",
            "역세권여부":"NA",
            "30분이내주요거점역":"NA",
            "30분거점역이름":"NA",
            "1시간이내주요거점역":"NA",
            "1시간거점역이름":"NA",
            "3km이내백화점수":0,
            "5km이내아울렛몰수":0,
            "1km이내대형먀트수":1,
            "500m이내은행수":0,
            "500m이내병원수":6,
            "5km이내대형병원수":1,
            "500m이내공원수":8,
            "3km이내혐오시설수":0,
            "초등학교학업성취도":90.0,
            "중학교학업성취도":77.2,
            "용적률":258,
            "건폐율":27,
            "Y":34.954078,
            "X":127.690103,
            "rank":43.0,
            "area_info":"34평(114.7)",
            "last_sales":"2021-11-19,15400.0,34평(114.7)",
            "rank_history":[
                [
                    "202202",
                    43
                ],
                [
                    "202201",
                    50
                ]
            ],
            "rank_gap":7
        },
        {
            "index":202,
            "아파트명":"남양파크",
            "투자타입":"일반",
            "전용면적(m2)":"65.17",
            "전용면적(평)":"19평",
            "법정동주소":"전라남도 광양시 중동 1416",
            "도로명주소":"전라남도 광양시 중마로 210",
            "세대수":50,
            "입주년차":0,
            "용적률점수":"--",
            "건폐율점수":"--",
            "세대당주차수":0,
            "난방방식":30,
            "공급면적":"--",
            "전용률":"--",
            "욕실수":50,
            "현관타입":10,
            "주거총점":26.5,
            "지역구공급총점":0.0,
            "역세권":"NA",
            "30분내 이동가능 거점":"NA",
            "1시간내 이동가능 거점":"NA",
            "교통총점":"NA",
            "백화점":0,
            "아울렛몰":0,
            "대형마트":100,
            "은행":0,
            "병원":30,
            "종합병원":80,
            "공원":100,
            "혐오시설":0,
            "인프라총점":37.0,
            "초등학군":90.0,
            "중학군":46.64,
            "학군총점":55.312,
            "인구수":16.88,
            "인구증감":-5.16,
            "인구총점":10.268,
            "일자리":10.85,
            "소득수준":65.11,
            "일자리총점":27.128,
            "가치 총점":37.903,
            "매매실거래년":20211224.0,
            "매매실거래가":4800.0,
            "전세실거래년":20211117.0,
            "전세실거래가":3000.0,
            "전세가율":62.5,
            "장기전세가율평균":76.14,
            "전세가율거품지수":13.64,
            "검색코드":4461,
            "세대수":465.0,
            "준공년월":"1993101",
            "준공년차":30.0,
            "가까운역이름":"NA",
            "가까운역거리":"NA",
            "역세권여부":"NA",
            "30분이내주요거점역":"NA",
            "30분거점역이름":"NA",
            "1시간이내주요거점역":"NA",
            "1시간거점역이름":"NA",
            "3km이내백화점수":0,
            "5km이내아울렛몰수":0,
            "1km이내대형먀트수":4,
            "500m이내은행수":1,
            "500m이내병원수":7,
            "5km이내대형병원수":1,
            "500m이내공원수":7,
            "3km이내혐오시설수":0,
            "초등학교학업성취도":90.0,
            "중학교학업성취도":77.2,
            "용적률":0,
            "건폐율":0,
            "Y":34.943603,
            "X":127.69012,
            "rank":44.0,
            "area_info":"19평(65.17), 22평(76.02), 31평(104.87)",
            "last_sales":"2021-12-24,4800.0,19평(65.17)",
            "rank_history":[
                [
                    "202202",
                    44
                ],
                [
                    "202201",
                    38
                ]
            ],
            "rank_gap":-6
        },
        {
            "index":13,
            "아파트명":"매화마을주공",
            "투자타입":"일반",
            "전용면적(m2)":"71.97",
            "전용면적(평)":"21평",
            "법정동주소":"전라남도 광양시 광양읍 구산리 762-2",
            "도로명주소":"전라남도 광양시 서평1길 99",
            "세대수":80,
            "입주년차":20,
            "용적률점수":"--",
            "건폐율점수":"--",
            "세대당주차수":0,
            "난방방식":30,
            "공급면적":"--",
            "전용률":"--",
            "욕실수":50,
            "현관타입":100,
            "주거총점":50.0,
            "지역구공급총점":0.0,
            "역세권":"NA",
            "30분내 이동가능 거점":"NA",
            "1시간내 이동가능 거점":"NA",
            "교통총점":"NA",
            "백화점":0,
            "아울렛몰":0,
            "대형마트":0,
            "은행":0,
            "병원":0,
            "종합병원":80,
            "공원":100,
            "혐오시설":0,
            "인프라총점":19.0,
            "초등학군":90.0,
            "중학군":41.1,
            "학군총점":50.88,
            "인구수":16.88,
            "인구증감":-5.16,
            "인구총점":10.268,
            "일자리":10.85,
            "소득수준":65.11,
            "일자리총점":27.128,
            "가치 총점":37.82,
            "매매실거래년":20211224.0,
            "매매실거래가":16900.0,
            "전세실거래년":20210208.0,
            "전세실거래가":9970.0,
            "전세가율":85.21,
            "장기전세가율평균":76.14,
            "전세가율거품지수":-9.07,
            "검색코드":101013,
            "세대수":704.0,
            "준공년월":"2002-10-01",
            "준공년차":21.0,
            "가까운역이름":"NA",
            "가까운역거리":"NA",
            "역세권여부":"NA",
            "30분이내주요거점역":"NA",
            "30분거점역이름":"NA",
            "1시간이내주요거점역":"NA",
            "1시간거점역이름":"NA",
            "3km이내백화점수":0,
            "5km이내아울렛몰수":0,
            "1km이내대형먀트수":0,
            "500m이내은행수":1,
            "500m이내병원수":0,
            "5km이내대형병원수":1,
            "500m이내공원수":6,
            "3km이내혐오시설수":0,
            "초등학교학업성취도":90.0,
            "중학교학업성취도":68.5,
            "용적률":169,
            "건폐율":13,
            "Y":34.983918,
            "X":127.579551,
            "rank":45.0,
            "area_info":"21평(71.97), 21평(71.62), 24평(82.53), 25평(83.35)",
            "last_sales":"2021-12-24,16900.0,25평(83.35)",
            "rank_history":[
                [
                    "202202",
                    45
                ],
                [
                    "202201",
                    35
                ]
            ],
            "rank_gap":-10
        },
        {
            "index":138,
            "아파트명":"송죽",
            "투자타입":"일반",
            "전용면적(m2)":"50.63",
            "전용면적(평)":"15평",
            "법정동주소":"전라남도 광양시 금호동 826",
            "도로명주소":"전라남도 광양시 금호로 135",
            "세대수":0,
            "입주년차":40,
            "용적률점수":"--",
            "건폐율점수":"--",
            "세대당주차수":80,
            "난방방식":100,
            "공급면적":"--",
            "전용률":"--",
            "욕실수":50,
            "현관타입":100,
            "주거총점":45.0,
            "지역구공급총점":0.0,
            "역세권":"NA",
            "30분내 이동가능 거점":"NA",
            "1시간내 이동가능 거점":"NA",
            "교통총점":"NA",
            "백화점":0,
            "아울렛몰":0,
            "대형마트":0,
            "은행":0,
            "병원":0,
            "종합병원":80,
            "공원":0,
            "혐오시설":0,
            "인프라총점":16.0,
            "초등학군":90.0,
            "중학군":52.56,
            "학군총점":60.048,
            "인구수":16.88,
            "인구증감":-5.16,
            "인구총점":10.268,
            "일자리":10.85,
            "소득수준":65.11,
            "일자리총점":27.128,
            "가치 총점":37.162,
            "매매실거래년":20211221.0,
            "매매실거래가":9300.0,
            "전세실거래년":null,
            "전세실거래가":null,
            "전세가율":null,
            "장기전세가율평균":76.14,
            "전세가율거품지수":null,
            "검색코드":17293,
            "세대수":206.0,
            "준공년월":"2008-02-18",
            "준공년차":15.0,
            "가까운역이름":"NA",
            "가까운역거리":"NA",
            "역세권여부":"NA",
            "30분이내주요거점역":"NA",
            "30분거점역이름":"NA",
            "1시간이내주요거점역":"NA",
            "1시간거점역이름":"NA",
            "3km이내백화점수":0,
            "5km이내아울렛몰수":0,
            "1km이내대형먀트수":0,
            "500m이내은행수":0,
            "500m이내병원수":0,
            "5km이내대형병원수":1,
            "500m이내공원수":0,
            "3km이내혐오시설수":0,
            "초등학교학업성취도":90.0,
            "중학교학업성취도":87.0,
            "용적률":69,
            "건폐율":6,
            "Y":34.939669,
            "X":127.718357,
            "rank":46.0,
            "area_info":"15평(50.63), 28평(94.42)",
            "last_sales":"2021-12-21,9300.0,28평(94.42)",
            "rank_history":[
                [
                    "202202",
                    46
                ],
                [
                    "202201",
                    36
                ]
            ],
            "rank_gap":-10
        },
        {
            "index":144,
            "아파트명":"초원",
            "투자타입":"일반",
            "전용면적(m2)":"91.8",
            "전용면적(평)":"27평",
            "법정동주소":"전라남도 광양시 금호동 825",
            "도로명주소":"전라남도 광양시 금호로 130",
            "세대수":30,
            "입주년차":0,
            "용적률점수":"--",
            "건폐율점수":"--",
            "세대당주차수":0,
            "난방방식":100,
            "공급면적":"--",
            "전용률":"--",
            "욕실수":100,
            "현관타입":100,
            "주거총점":40.5,
            "지역구공급총점":0.0,
            "역세권":"NA",
            "30분내 이동가능 거점":"NA",
            "1시간내 이동가능 거점":"NA",
            "교통총점":"NA",
            "백화점":0,
            "아울렛몰":0,
            "대형마트":0,
            "은행":20,
            "병원":10,
            "종합병원":80,
            "공원":0,
            "혐오시설":0,
            "인프라총점":19.0,
            "초등학군":90.0,
            "중학군":52.56,
            "학군총점":60.048,
            "인구수":16.88,
            "인구증감":-5.16,
            "인구총점":10.268,
            "일자리":10.85,
            "소득수준":65.11,
            "일자리총점":27.128,
            "가치 총점":36.787,
            "매매실거래년":20220121.0,
            "매매실거래가":10200.0,
            "전세실거래년":20210816.0,
            "전세실거래가":10000.0,
            "전세가율":113.64,
            "장기전세가율평균":76.14,
            "전세가율거품지수":-37.5,
            "검색코드":14889,
            "세대수":336.0,
            "준공년월":"1993-04-01",
            "준공년차":30.0,
            "가까운역이름":"NA",
            "가까운역거리":"NA",
            "역세권여부":"NA",
            "30분이내주요거점역":"NA",
            "30분거점역이름":"NA",
            "1시간이내주요거점역":"NA",
            "1시간거점역이름":"NA",
            "3km이내백화점수":0,
            "5km이내아울렛몰수":0,
            "1km이내대형먀트수":0,
            "500m이내은행수":2,
            "500m이내병원수":2,
            "5km이내대형병원수":1,
            "500m이내공원수":0,
            "3km이내혐오시설수":0,
            "초등학교학업성취도":90.0,
            "중학교학업성취도":87.0,
            "용적률":0,
            "건폐율":0,
            "Y":34.938233,
            "X":127.720967,
            "rank":47.0,
            "area_info":"27평(91.8), 27평(91.53), 27평(92.13), 28평(93.96), 28평(94.38)",
            "last_sales":"2022-01-21,10200.0,28평(94.38)",
            "rank_history":[
                [
                    "202202",
                    47
                ],
                [
                    "202201",
                    39
                ]
            ],
            "rank_gap":-8
        },
        {
            "index":46,
            "아파트명":"창덕에버빌1단지",
            "투자타입":"일반",
            "전용면적(m2)":"81.53",
            "전용면적(평)":"24평",
            "법정동주소":"전라남도 광양시 광양읍 용강리 892",
            "도로명주소":"전라남도 광양시 용강1길 11",
            "세대수":50,
            "입주년차":20,
            "용적률점수":"--",
            "건폐율점수":"--",
            "세대당주차수":30,
            "난방방식":30,
            "공급면적":"--",
            "전용률":"--",
            "욕실수":100,
            "현관타입":100,
            "주거총점":49.0,
            "지역구공급총점":0.0,
            "역세권":"NA",
            "30분내 이동가능 거점":"NA",
            "1시간내 이동가능 거점":"NA",
            "교통총점":"NA",
            "백화점":0,
            "아울렛몰":0,
            "대형마트":80,
            "은행":0,
            "병원":30,
            "종합병원":0,
            "공원":100,
            "혐오시설":0,
            "인프라총점":18.0,
            "초등학군":90.01,
            "중학군":38.58,
            "학군총점":48.866,
            "인구수":16.88,
            "인구증감":-5.16,
            "인구총점":10.268,
            "일자리":10.85,
            "소득수준":65.11,
            "일자리총점":27.128,
            "가치 총점":36.5665,
            "매매실거래년":20220106.0,
            "매매실거래가":13500.0,
            "전세실거래년":20110302.0,
            "전세실거래가":3000.0,
            "전세가율":26.67,
            "장기전세가율평균":76.14,
            "전세가율거품지수":49.47,
            "검색코드":16802,
            "세대수":608.0,
            "준공년월":"2001-09-21",
            "준공년차":22.0,
            "가까운역이름":"NA",
            "가까운역거리":"NA",
            "역세권여부":"NA",
            "30분이내주요거점역":"NA",
            "30분거점역이름":"NA",
            "1시간이내주요거점역":"NA",
            "1시간거점역이름":"NA",
            "3km이내백화점수":0,
            "5km이내아울렛몰수":0,
            "1km이내대형먀트수":1,
            "500m이내은행수":0,
            "500m이내병원수":5,
            "5km이내대형병원수":0,
            "500m이내공원수":8,
            "3km이내혐오시설수":0,
            "초등학교학업성취도":90.01,
            "중학교학업성취도":64.3,
            "용적률":231,
            "건폐율":20,
            "Y":34.974525,
            "X":127.609333,
            "rank":48.0,
            "area_info":"24평(81.53), 33평(109.27)",
            "last_sales":"2022-01-06,13500.0,33평(109.27)",
            "rank_history":[
                [
                    "202202",
                    48
                ],
                [
                    "202201",
                    55
                ]
            ],
            "rank_gap":7
        },
        {
            "index":8,
            "아파트명":"대림",
            "투자타입":"일반",
            "전용면적(m2)":"53.34",
            "전용면적(평)":"16평",
            "법정동주소":"전라남도 광양시 광양읍 덕례리 1755-1",
            "도로명주소":"전라남도 광양시 대림오성로 11",
            "세대수":90,
            "입주년차":0,
            "용적률점수":"--",
            "건폐율점수":"--",
            "세대당주차수":0,
            "난방방식":30,
            "공급면적":"--",
            "전용률":"--",
            "욕실수":50,
            "현관타입":10,
            "주거총점":40.5,
            "지역구공급총점":0.0,
            "역세권":"NA",
            "30분내 이동가능 거점":"NA",
            "1시간내 이동가능 거점":"NA",
            "교통총점":"NA",
            "백화점":0,
            "아울렛몰":0,
            "대형마트":0,
            "은행":0,
            "병원":0,
            "종합병원":100,
            "공원":100,
            "혐오시설":0,
            "인프라총점":23.0,
            "초등학군":89.99,
            "중학군":41.1,
            "학군총점":50.878,
            "인구수":16.88,
            "인구증감":-5.16,
            "인구총점":10.268,
            "일자리":10.85,
            "소득수준":65.11,
            "일자리총점":27.128,
            "가치 총점":36.0945,
            "매매실거래년":20220117.0,
            "매매실거래가":5000.0,
            "전세실거래년":20211022.0,
            "전세실거래가":4000.0,
            "전세가율":80.0,
            "장기전세가율평균":76.14,
            "전세가율거품지수":-3.86,
            "검색코드":14874,
            "세대수":917.0,
            "준공년월":"1998-11-25",
            "준공년차":25.0,
            "가까운역이름":"NA",
            "가까운역거리":"NA",
            "역세권여부":"NA",
            "30분이내주요거점역":"NA",
            "30분거점역이름":"NA",
            "1시간이내주요거점역":"NA",
            "1시간거점역이름":"NA",
            "3km이내백화점수":0,
            "5km이내아울렛몰수":0,
            "1km이내대형먀트수":0,
            "500m이내은행수":0,
            "500m이내병원수":1,
            "5km이내대형병원수":3,
            "500m이내공원수":10,
            "3km이내혐오시설수":0,
            "초등학교학업성취도":89.99,
            "중학교학업성취도":68.5,
            "용적률":250,
            "건폐율":22,
            "Y":34.969011,
            "X":127.565259,
            "rank":49.0,
            "area_info":"16평(53.34), 24평(79.76)",
            "last_sales":"2022-01-17,5000.0,16평(53.34)",
            "rank_history":[
                [
                    "202202",
                    49
                ],
                [
                    "202201",
                    41
                ]
            ],
            "rank_gap":-8
        },
        {
            "index":252,
            "아파트명":"선미태인하이츠",
            "투자타입":"일반",
            "전용면적(m2)":"76.03",
            "전용면적(평)":"22평",
            "법정동주소":"전라남도 광양시 태인동 397-1",
            "도로명주소":"전라남도 광양시 담안2길 36-10",
            "세대수":0,
            "입주년차":0,
            "용적률점수":"--",
            "건폐율점수":"--",
            "세대당주차수":0,
            "난방방식":30,
            "공급면적":"--",
            "전용률":"--",
            "욕실수":100,
            "현관타입":100,
            "주거총점":23.0,
            "지역구공급총점":0.0,
            "역세권":"NA",
            "30분내 이동가능 거점":"NA",
            "1시간내 이동가능 거점":"NA",
            "교통총점":"NA",
            "백화점":0,
            "아울렛몰":0,
            "대형마트":80,
            "은행":0,
            "병원":0,
            "종합병원":80,
            "공원":80,
            "혐오시설":0,
            "인프라총점":30.4,
            "초등학군":90.02,
            "중학군":52.56,
            "학군총점":60.052,
            "인구수":16.88,
            "인구증감":-5.16,
            "인구총점":10.268,
            "일자리":10.85,
            "소득수준":65.11,
            "일자리총점":27.128,
            "가치 총점":35.223,
            "매매실거래년":20220127.0,
            "매매실거래가":3500.0,
            "전세실거래년":20220113.0,
            "전세실거래가":3000.0,
            "전세가율":85.71,
            "장기전세가율평균":76.14,
            "전세가율거품지수":-9.57,
            "검색코드":9915,
            "세대수":230.0,
            "준공년월":"1995-11-29",
            "준공년차":28.0,
            "가까운역이름":"NA",
            "가까운역거리":"NA",
            "역세권여부":"NA",
            "30분이내주요거점역":"NA",
            "30분거점역이름":"NA",
            "1시간이내주요거점역":"NA",
            "1시간거점역이름":"NA",
            "3km이내백화점수":0,
            "5km이내아울렛몰수":0,
            "1km이내대형먀트수":1,
            "500m이내은행수":0,
            "500m이내병원수":0,
            "5km이내대형병원수":1,
            "500m이내공원수":1,
            "3km이내혐오시설수":0,
            "초등학교학업성취도":90.02,
            "중학교학업성취도":87.0,
            "용적률":0,
            "건폐율":0,
            "Y":34.9429,
            "X":127.748868,
            "rank":50.0,
            "area_info":"22평(76.03)",
            "last_sales":"2022-01-27,3500.0,22평(76.03)",
            "rank_history":[
                [
                    "202202",
                    50
                ],
                [
                    "202201",
                    57
                ]
            ],
            "rank_gap":7
        },
        {
            "index":143,
            "아파트명":"장미(725)",
            "투자타입":"일반",
            "전용면적(m2)":"79.34",
            "전용면적(평)":"24평",
            "법정동주소":"전라남도 광양시 금호동 725",
            "도로명주소":"전라남도 광양시 폭포사랑길 96",
            "세대수":0,
            "입주년차":0,
            "용적률점수":"--",
            "건폐율점수":"--",
            "세대당주차수":0,
            "난방방식":100,
            "공급면적":"--",
            "전용률":"--",
            "욕실수":50,
            "현관타입":100,
            "주거총점":25.0,
            "지역구공급총점":0.0,
            "역세권":"NA",
            "30분내 이동가능 거점":"NA",
            "1시간내 이동가능 거점":"NA",
            "교통총점":"NA",
            "백화점":0,
            "아울렛몰":0,
            "대형마트":80,
            "은행":0,
            "병원":0,
            "종합병원":80,
            "공원":0,
            "혐오시설":0,
            "인프라총점":28.0,
            "초등학군":90.01,
            "중학군":52.56,
            "학군총점":60.05,
            "인구수":16.88,
            "인구증감":-5.16,
            "인구총점":10.268,
            "일자리":10.85,
            "소득수준":65.11,
            "일자리총점":27.128,
            "가치 총점":34.9625,
            "매매실거래년":"18000101",
            "매매실거래가":null,
            "전세실거래년":null,
            "전세실거래가":null,
            "전세가율":null,
            "장기전세가율평균":76.14,
            "전세가율거품지수":null,
            "검색코드":14888,
            "세대수":172.0,
            "준공년월":"1998-02-01",
            "준공년차":25.0,
            "가까운역이름":"NA",
            "가까운역거리":"NA",
            "역세권여부":"NA",
            "30분이내주요거점역":"NA",
            "30분거점역이름":"NA",
            "1시간이내주요거점역":"NA",
            "1시간거점역이름":"NA",
            "3km이내백화점수":0,
            "5km이내아울렛몰수":0,
            "1km이내대형먀트수":1,
            "500m이내은행수":1,
            "500m이내병원수":1,
            "5km이내대형병원수":1,
            "500m이내공원수":0,
            "3km이내혐오시설수":0,
            "초등학교학업성취도":90.01,
            "중학교학업성취도":87.0,
            "용적률":0,
            "건폐율":0,
            "Y":34.942884,
            "X":127.732753,
            "rank":51.0,
            "area_info":"24평(79.34)",
            "last_sales":"1800-01-01,nan,24평(79.34)",
            "rank_history":[
                [
                    "202202",
                    51
                ],
                [
                    "202201",
                    58
                ]
            ],
            "rank_gap":7
        },
        {
            "index":114,
            "아파트명":"목련(684)",
            "투자타입":"재건축",
            "전용면적(m2)":"54.27",
            "전용면적(평)":"16평",
            "법정동주소":"전라남도 광양시 금호동 684",
            "도로명주소":"전라남도 광양시 금호로 244",
            "세대수":50,
            "입주년차":"--",
            "용적률점수":0,
            "건폐율점수":0,
            "세대당주차수":"--",
            "난방방식":"--",
            "공급면적":50,
            "전용률":100,
            "욕실수":"--",
            "현관타입":"--",
            "주거총점":22.5,
            "지역구공급총점":0.0,
            "역세권":"NA",
            "30분내 이동가능 거점":"NA",
            "1시간내 이동가능 거점":"NA",
            "교통총점":"NA",
            "백화점":0,
            "아울렛몰":0,
            "대형마트":80,
            "은행":0,
            "병원":0,
            "종합병원":80,
            "공원":0,
            "혐오시설":0,
            "인프라총점":28.0,
            "초등학군":90.01,
            "중학군":52.56,
            "학군총점":60.05,
            "인구수":16.88,
            "인구증감":-5.16,
            "인구총점":10.268,
            "일자리":10.85,
            "소득수준":65.11,
            "일자리총점":27.128,
            "가치 총점":34.0875,
            "매매실거래년":"18000101",
            "매매실거래가":null,
            "전세실거래년":null,
            "전세실거래가":null,
            "전세가율":null,
            "장기전세가율평균":76.14,
            "전세가율거품지수":null,
            "검색코드":14880,
            "세대수":567.0,
            "준공년월":"1988-05-01",
            "준공년차":35.0,
            "가까운역이름":"NA",
            "가까운역거리":"NA",
            "역세권여부":"NA",
            "30분이내주요거점역":"NA",
            "30분거점역이름":"NA",
            "1시간이내주요거점역":"NA",
            "1시간거점역이름":"NA",
            "3km이내백화점수":0,
            "5km이내아울렛몰수":0,
            "1km이내대형먀트수":1,
            "500m이내은행수":1,
            "500m이내병원수":1,
            "5km이내대형병원수":1,
            "500m이내공원수":0,
            "3km이내혐오시설수":0,
            "초등학교학업성취도":90.01,
            "중학교학업성취도":87.0,
            "용적률":0,
            "건폐율":0,
            "Y":34.940855,
            "X":127.728534,
            "rank":52.0,
            "area_info":"16평(54.27), 20평(66.15), 21평(72.12), 22평(75.6)",
            "last_sales":"1800-01-01,nan,16평(54.27)",
            "rank_history":[
                [
                    "202202",
                    52
                ],
                [
                    "202201",
                    63
                ]
            ],
            "rank_gap":11
        },
        {
            "index":118,
            "아파트명":"목련연립(717)",
            "투자타입":"재건축",
            "전용면적(m2)":"59.5",
            "전용면적(평)":"17평",
            "법정동주소":"전라남도 광양시 금호동 717",
            "도로명주소":"전라남도 광양시 폭포사랑길 91",
            "세대수":50,
            "입주년차":"--",
            "용적률점수":0,
            "건폐율점수":0,
            "세대당주차수":"--",
            "난방방식":"--",
            "공급면적":50,
            "전용률":100,
            "욕실수":"--",
            "현관타입":"--",
            "주거총점":22.5,
            "지역구공급총점":0.0,
            "역세권":"NA",
            "30분내 이동가능 거점":"NA",
            "1시간내 이동가능 거점":"NA",
            "교통총점":"NA",
            "백화점":0,
            "아울렛몰":0,
            "대형마트":80,
            "은행":0,
            "병원":0,
            "종합병원":80,
            "공원":0,
            "혐오시설":0,
            "인프라총점":28.0,
            "초등학군":90.01,
            "중학군":52.56,
            "학군총점":60.05,
            "인구수":16.88,
            "인구증감":-5.16,
            "인구총점":10.268,
            "일자리":10.85,
            "소득수준":65.11,
            "일자리총점":27.128,
            "가치 총점":34.0875,
            "매매실거래년":"18000101",
            "매매실거래가":null,
            "전세실거래년":null,
            "전세실거래가":null,
            "전세가율":null,
            "장기전세가율평균":76.14,
            "전세가율거품지수":null,
            "검색코드":14881,
            "세대수":616.0,
            "준공년월":"1988-05-18",
            "준공년차":35.0,
            "가까운역이름":"NA",
            "가까운역거리":"NA",
            "역세권여부":"NA",
            "30분이내주요거점역":"NA",
            "30분거점역이름":"NA",
            "1시간이내주요거점역":"NA",
            "1시간거점역이름":"NA",
            "3km이내백화점수":0,
            "5km이내아울렛몰수":0,
            "1km이내대형먀트수":1,
            "500m이내은행수":1,
            "500m이내병원수":1,
            "5km이내대형병원수":1,
            "500m이내공원수":0,
            "3km이내혐오시설수":0,
            "초등학교학업성취도":90.01,
            "중학교학업성취도":87.0,
            "용적률":0,
            "건폐율":0,
            "Y":34.938421,
            "X":127.732319,
            "rank":52.0,
            "area_info":"17평(59.5), 20평(69.42), 24평(79.34)",
            "last_sales":"1800-01-01,nan,17평(59.5)",
            "rank_history":[
                [
                    "202202",
                    52
                ],
                [
                    "202201",
                    63
                ]
            ],
            "rank_gap":11
        },
        {
            "index":52,
            "아파트명":"칠성주공1,2차",
            "투자타입":"재건축",
            "전용면적(m2)":"29.58",
            "전용면적(평)":"8평",
            "법정동주소":"전라남도 광양시 광양읍 칠성리 89-5",
            "도로명주소":"전라남도 광양시 호북길 25",
            "세대수":90,
            "입주년차":"--",
            "용적률점수":0,
            "건폐율점수":0,
            "세대당주차수":"--",
            "난방방식":"--",
            "공급면적":50,
            "전용률":80,
            "욕실수":"--",
            "현관타입":"--",
            "주거총점":33.5,
            "지역구공급총점":0.0,
            "역세권":"NA",
            "30분내 이동가능 거점":"NA",
            "1시간내 이동가능 거점":"NA",
            "교통총점":"NA",
            "백화점":0,
            "아울렛몰":0,
            "대형마트":0,
            "은행":0,
            "병원":60,
            "종합병원":80,
            "공원":100,
            "혐오시설":0,
            "인프라총점":25.0,
            "초등학군":90.0,
            "중학군":38.58,
            "학군총점":48.864,
            "인구수":16.88,
            "인구증감":-5.16,
            "인구총점":10.268,
            "일자리":10.85,
            "소득수준":65.11,
            "일자리총점":27.128,
            "가치 총점":33.941,
            "매매실거래년":20211130.0,
            "매매실거래가":5550.0,
            "전세실거래년":20210224.0,
            "전세실거래가":1500.0,
            "전세가율":68.18,
            "장기전세가율평균":76.14,
            "전세가율거품지수":7.96,
            "검색코드":16803,
            "세대수":1040.0,
            "준공년월":"1987-10-14",
            "준공년차":36.0,
            "가까운역이름":"NA",
            "가까운역거리":"NA",
            "역세권여부":"NA",
            "30분이내주요거점역":"NA",
            "30분거점역이름":"NA",
            "1시간이내주요거점역":"NA",
            "1시간거점역이름":"NA",
            "3km이내백화점수":0,
            "5km이내아울렛몰수":0,
            "1km이내대형먀트수":0,
            "500m이내은행수":1,
            "500m이내병원수":11,
            "5km이내대형병원수":1,
            "500m이내공원수":8,
            "3km이내혐오시설수":0,
            "초등학교학업성취도":90.0,
            "중학교학업성취도":64.3,
            "용적률":0,
            "건폐율":0,
            "Y":34.982225,
            "X":127.582856,
            "rank":53.0,
            "area_info":"8평(29.58), 11평(37.9), 13평(45.12), 14평(46.63), 15평(52.14), 15평(52.5)",
            "last_sales":"2021-11-30,5550.0,15평(52.5)",
            "rank_history":[
                [
                    "202202",
                    53
                ],
                [
                    "202201",
                    52
                ]
            ],
            "rank_gap":-1
        },
        {
            "index":140,
            "아파트명":"장미(724)",
            "투자타입":"재건축",
            "전용면적(m2)":"58.67",
            "전용면적(평)":"17평",
            "법정동주소":"전라남도 광양시 금호동 724",
            "도로명주소":"전라남도 광양시 폭포사랑길 94-30",
            "세대수":50,
            "입주년차":"--",
            "용적률점수":0,
            "건폐율점수":0,
            "세대당주차수":"--",
            "난방방식":"--",
            "공급면적":50,
            "전용률":80,
            "욕실수":"--",
            "현관타입":"--",
            "주거총점":21.5,
            "지역구공급총점":0.0,
            "역세권":"NA",
            "30분내 이동가능 거점":"NA",
            "1시간내 이동가능 거점":"NA",
            "교통총점":"NA",
            "백화점":0,
            "아울렛몰":0,
            "대형마트":80,
            "은행":0,
            "병원":0,
            "종합병원":80,
            "공원":0,
            "혐오시설":0,
            "인프라총점":28.0,
            "초등학군":90.01,
            "중학군":52.56,
            "학군총점":60.05,
            "인구수":16.88,
            "인구증감":-5.16,
            "인구총점":10.268,
            "일자리":10.85,
            "소득수준":65.11,
            "일자리총점":27.128,
            "가치 총점":33.7375,
            "매매실거래년":20220110.0,
            "매매실거래가":3800.0,
            "전세실거래년":20220119.0,
            "전세실거래가":5000.0,
            "전세가율":131.58,
            "장기전세가율평균":76.14,
            "전세가율거품지수":-55.44,
            "검색코드":14887,
            "세대수":661.0,
            "준공년월":"1985-06-14",
            "준공년차":38.0,
            "가까운역이름":"NA",
            "가까운역거리":"NA",
            "역세권여부":"NA",
            "30분이내주요거점역":"NA",
            "30분거점역이름":"NA",
            "1시간이내주요거점역":"NA",
            "1시간거점역이름":"NA",
            "3km이내백화점수":0,
            "5km이내아울렛몰수":0,
            "1km이내대형먀트수":1,
            "500m이내은행수":1,
            "500m이내병원수":1,
            "5km이내대형병원수":1,
            "500m이내공원수":0,
            "3km이내혐오시설수":0,
            "초등학교학업성취도":90.01,
            "중학교학업성취도":87.0,
            "용적률":0,
            "건폐율":0,
            "Y":34.940923,
            "X":127.734675,
            "rank":54.0,
            "area_info":"17평(58.67), 24평(81.73), 34평(115.2)",
            "last_sales":"2022-01-10,3800.0,17평(58.67)",
            "rank_history":[
                [
                    "202202",
                    54
                ],
                [
                    "202201",
                    64
                ]
            ],
            "rank_gap":10
        },
        {
            "index":121,
            "아파트명":"백합",
            "투자타입":"재건축",
            "전용면적(m2)":"36.36",
            "전용면적(평)":"10평",
            "법정동주소":"전라남도 광양시 금호동 624-1",
            "도로명주소":"전라남도 광양시 금호로 41",
            "세대수":80,
            "입주년차":"--",
            "용적률점수":0,
            "건폐율점수":0,
            "세대당주차수":"--",
            "난방방식":"--",
            "공급면적":50,
            "전용률":100,
            "욕실수":"--",
            "현관타입":"--",
            "주거총점":31.5,
            "지역구공급총점":0.0,
            "역세권":"NA",
            "30분내 이동가능 거점":"NA",
            "1시간내 이동가능 거점":"NA",
            "교통총점":"NA",
            "백화점":0,
            "아울렛몰":0,
            "대형마트":0,
            "은행":20,
            "병원":10,
            "종합병원":80,
            "공원":0,
            "혐오시설":0,
            "인프라총점":19.0,
            "초등학군":90.0,
            "중학군":52.56,
            "학군총점":60.048,
            "인구수":16.88,
            "인구증감":-5.16,
            "인구총점":10.268,
            "일자리":10.85,
            "소득수준":65.11,
            "일자리총점":27.128,
            "가치 총점":33.637,
            "매매실거래년":"18000101",
            "매매실거래가":null,
            "전세실거래년":null,
            "전세실거래가":null,
            "전세가율":null,
            "장기전세가율평균":76.14,
            "전세가율거품지수":null,
            "검색코드":14883,
            "세대수":853.0,
            "준공년월":"1988-10-29",
            "준공년차":35.0,
            "가까운역이름":"NA",
            "가까운역거리":"NA",
            "역세권여부":"NA",
            "30분이내주요거점역":"NA",
            "30분거점역이름":"NA",
            "1시간이내주요거점역":"NA",
            "1시간거점역이름":"NA",
            "3km이내백화점수":0,
            "5km이내아울렛몰수":0,
            "1km이내대형먀트수":0,
            "500m이내은행수":2,
            "500m이내병원수":3,
            "5km이내대형병원수":1,
            "500m이내공원수":0,
            "3km이내혐오시설수":0,
            "초등학교학업성취도":90.0,
            "중학교학업성취도":87.0,
            "용적률":0,
            "건폐율":0,
            "Y":34.933404,
            "X":127.722412,
            "rank":55.0,
            "area_info":"10평(36.36), 17평(56.2), 19평(62.81), 20평(66.12), 21평(70.0), 22평(76.03), 24평(79.34), 25평(82.65), 25평(82.65)",
            "last_sales":"1800-01-01,nan,10평(36.36)",
            "rank_history":[
                [
                    "202202",
                    55
                ],
                [
                    "202201",
                    46
                ]
            ],
            "rank_gap":-9
        },
        {
            "index":130,
            "아파트명":"사랑",
            "투자타입":"재건축",
            "전용면적(m2)":"89.88",
            "전용면적(평)":"27평",
            "법정동주소":"전라남도 광양시 금호동 624-13",
            "도로명주소":"전라남도 광양시 금호로 73",
            "세대수":90,
            "입주년차":"--",
            "용적률점수":0,
            "건폐율점수":0,
            "세대당주차수":"--",
            "난방방식":"--",
            "공급면적":70,
            "전용률":80,
            "욕실수":"--",
            "현관타입":"--",
            "주거총점":34.5,
            "지역구공급총점":0.0,
            "역세권":"NA",
            "30분내 이동가능 거점":"NA",
            "1시간내 이동가능 거점":"NA",
            "교통총점":"NA",
            "백화점":0,
            "아울렛몰":0,
            "대형마트":0,
            "은행":0,
            "병원":0,
            "종합병원":80,
            "공원":0,
            "혐오시설":0,
            "인프라총점":16.0,
            "초등학군":90.0,
            "중학군":52.56,
            "학군총점":60.048,
            "인구수":16.88,
            "인구증감":-5.16,
            "인구총점":10.268,
            "일자리":10.85,
            "소득수준":65.11,
            "일자리총점":27.128,
            "가치 총점":33.487,
            "매매실거래년":20211230.0,
            "매매실거래가":9000.0,
            "전세실거래년":20180604.0,
            "전세실거래가":5000.0,
            "전세가율":92.59,
            "장기전세가율평균":76.14,
            "전세가율거품지수":-16.45,
            "검색코드":14886,
            "세대수":902.0,
            "준공년월":"1992-08-01",
            "준공년차":31.0,
            "가까운역이름":"NA",
            "가까운역거리":"NA",
            "역세권여부":"NA",
            "30분이내주요거점역":"NA",
            "30분거점역이름":"NA",
            "1시간이내주요거점역":"NA",
            "1시간거점역이름":"NA",
            "3km이내백화점수":0,
            "5km이내아울렛몰수":0,
            "1km이내대형먀트수":0,
            "500m이내은행수":0,
            "500m이내병원수":0,
            "5km이내대형병원수":1,
            "500m이내공원수":0,
            "3km이내혐오시설수":0,
            "초등학교학업성취도":90.0,
            "중학교학업성취도":87.0,
            "용적률":0,
            "건폐율":0,
            "Y":34.934934,
            "X":127.717147,
            "rank":56.0,
            "area_info":"27평(89.88), 27평(92.39), 29평(97.25), 30평(99.55), 31평(103.11), 32평(105.97), 32평(106.24), 32평(108.19)",
            "last_sales":"2021-12-30,9000.0,32평(108.19)",
            "rank_history":[
                [
                    "202202",
                    56
                ],
                [
                    "202201",
                    48
                ]
            ],
            "rank_gap":-8
        },
        {
            "index":87,
            "아파트명":"동백",
            "투자타입":"재건축",
            "전용면적(m2)":"58.73",
            "전용면적(평)":"17평",
            "법정동주소":"전라남도 광양시 금호동 712",
            "도로명주소":"전라남도 광양시 금호로 320",
            "세대수":30,
            "입주년차":"--",
            "용적률점수":0,
            "건폐율점수":0,
            "세대당주차수":"--",
            "난방방식":"--",
            "공급면적":50,
            "전용률":80,
            "욕실수":"--",
            "현관타입":"--",
            "주거총점":15.5,
            "지역구공급총점":0.0,
            "역세권":"NA",
            "30분내 이동가능 거점":"NA",
            "1시간내 이동가능 거점":"NA",
            "교통총점":"NA",
            "백화점":0,
            "아울렛몰":0,
            "대형마트":80,
            "은행":20,
            "병원":0,
            "종합병원":80,
            "공원":0,
            "혐오시설":0,
            "인프라총점":30.0,
            "초등학군":90.01,
            "중학군":52.56,
            "학군총점":60.05,
            "인구수":16.88,
            "인구증감":-5.16,
            "인구총점":10.268,
            "일자리":10.85,
            "소득수준":65.11,
            "일자리총점":27.128,
            "가치 총점":32.4375,
            "매매실거래년":20211229.0,
            "매매실거래가":14000.0,
            "전세실거래년":20201231.0,
            "전세실거래가":3300.0,
            "전세가율":88.0,
            "장기전세가율평균":76.14,
            "전세가율거품지수":-11.86,
            "검색코드":14878,
            "세대수":350.0,
            "준공년월":"1988-01-01",
            "준공년차":35.0,
            "가까운역이름":"NA",
            "가까운역거리":"NA",
            "역세권여부":"NA",
            "30분이내주요거점역":"NA",
            "30분거점역이름":"NA",
            "1시간이내주요거점역":"NA",
            "1시간거점역이름":"NA",
            "3km이내백화점수":0,
            "5km이내아울렛몰수":0,
            "1km이내대형먀트수":1,
            "500m이내은행수":2,
            "500m이내병원수":1,
            "5km이내대형병원수":1,
            "500m이내공원수":0,
            "3km이내혐오시설수":0,
            "초등학교학업성취도":90.01,
            "중학교학업성취도":87.0,
            "용적률":0,
            "건폐율":0,
            "Y":34.939007,
            "X":127.728442,
            "rank":57.0,
            "area_info":"17평(58.73), 17평(58.73), 24평(81.11), 24평(81.73), 34평(115.2), 36평(121.23)",
            "last_sales":"2021-12-29,14000.0,34평(115.2)",
            "rank_history":[
                [
                    "202202",
                    57
                ],
                [
                    "202201",
                    66
                ]
            ],
            "rank_gap":9
        },
        {
            "index":78,
            "아파트명":"상아",
            "투자타입":"재건축",
            "전용면적(m2)":"52.94",
            "전용면적(평)":"16평",
            "법정동주소":"전라남도 광양시 광영동 757-1",
            "도로명주소":"전라남도 광양시 금영로 182",
            "세대수":50,
            "입주년차":"--",
            "용적률점수":0,
            "건폐율점수":0,
            "세대당주차수":"--",
            "난방방식":"--",
            "공급면적":50,
            "전용률":80,
            "욕실수":"--",
            "현관타입":"--",
            "주거총점":21.5,
            "지역구공급총점":0.0,
            "역세권":"NA",
            "30분내 이동가능 거점":"NA",
            "1시간내 이동가능 거점":"NA",
            "교통총점":"NA",
            "백화점":0,
            "아울렛몰":0,
            "대형마트":80,
            "은행":0,
            "병원":10,
            "종합병원":80,
            "공원":100,
            "혐오시설":0,
            "인프라총점":32.0,
            "초등학군":90.01,
            "중학군":37.14,
            "학군총점":47.714,
            "인구수":16.88,
            "인구증감":-5.16,
            "인구총점":10.268,
            "일자리":10.85,
            "소득수준":65.11,
            "일자리총점":27.128,
            "가치 총점":32.2535,
            "매매실거래년":20220120.0,
            "매매실거래가":3630.0,
            "전세실거래년":20211224.0,
            "전세실거래가":3500.0,
            "전세가율":140.0,
            "장기전세가율평균":76.14,
            "전세가율거품지수":-63.86,
            "검색코드":107989,
            "세대수":655.0,
            "준공년월":"1991-01-10",
            "준공년차":32.0,
            "가까운역이름":"NA",
            "가까운역거리":"NA",
            "역세권여부":"NA",
            "30분이내주요거점역":"NA",
            "30분거점역이름":"NA",
            "1시간이내주요거점역":"NA",
            "1시간거점역이름":"NA",
            "3km이내백화점수":0,
            "5km이내아울렛몰수":0,
            "1km이내대형먀트수":1,
            "500m이내은행수":0,
            "500m이내병원수":3,
            "5km이내대형병원수":1,
            "500m이내공원수":2,
            "3km이내혐오시설수":0,
            "초등학교학업성취도":90.01,
            "중학교학업성취도":61.9,
            "용적률":0,
            "건폐율":0,
            "Y":34.966983,
            "X":127.717891,
            "rank":58.0,
            "area_info":"16평(52.94), 18평(60.81), 22평(74.57)",
            "last_sales":"2022-01-20,3630.0,22평(74.57)",
            "rank_history":[
                [
                    "202202",
                    58
                ],
                [
                    "202201",
                    67
                ]
            ],
            "rank_gap":9
        },
        {
            "index":228,
            "아파트명":"시영",
            "투자타입":"일반",
            "전용면적(m2)":"64.8",
            "전용면적(평)":"19평",
            "법정동주소":"전라남도 광양시 중동 1376",
            "도로명주소":"전라남도 광양시 중마용소1길 5",
            "세대수":0,
            "입주년차":0,
            "용적률점수":"--",
            "건폐율점수":"--",
            "세대당주차수":0,
            "난방방식":30,
            "공급면적":"--",
            "전용률":"--",
            "욕실수":50,
            "현관타입":10,
            "주거총점":9.0,
            "지역구공급총점":0.0,
            "역세권":"NA",
            "30분내 이동가능 거점":"NA",
            "1시간내 이동가능 거점":"NA",
            "교통총점":"NA",
            "백화점":0,
            "아울렛몰":0,
            "대형마트":100,
            "은행":0,
            "병원":30,
            "종합병원":80,
            "공원":100,
            "혐오시설":0,
            "인프라총점":37.0,
            "초등학군":89.98,
            "중학군":48.54,
            "학군총점":56.828,
            "인구수":16.88,
            "인구증감":-5.16,
            "인구총점":10.268,
            "일자리":10.85,
            "소득수준":65.11,
            "일자리총점":27.128,
            "가치 총점":32.157,
            "매매실거래년":20211202.0,
            "매매실거래가":5700.0,
            "전세실거래년":20210926.0,
            "전세실거래가":3990.0,
            "전세가율":70.0,
            "장기전세가율평균":76.14,
            "전세가율거품지수":6.14,
            "검색코드":4465,
            "세대수":225.0,
            "준공년월":"1995-01-12",
            "준공년차":28.0,
            "가까운역이름":"NA",
            "가까운역거리":"NA",
            "역세권여부":"NA",
            "30분이내주요거점역":"NA",
            "30분거점역이름":"NA",
            "1시간이내주요거점역":"NA",
            "1시간거점역이름":"NA",
            "3km이내백화점수":0,
            "5km이내아울렛몰수":0,
            "1km이내대형먀트수":4,
            "500m이내은행수":0,
            "500m이내병원수":6,
            "5km이내대형병원수":1,
            "500m이내공원수":6,
            "3km이내혐오시설수":0,
            "초등학교학업성취도":89.98,
            "중학교학업성취도":80.9,
            "용적률":237,
            "건폐율":27,
            "Y":34.94173,
            "X":127.68583,
            "rank":59.0,
            "area_info":"19평(64.8), 23평(77.8)",
            "last_sales":"2021-12-02,5700.0,19평(64.8)",
            "rank_history":[
                [
                    "202202",
                    59
                ],
                [
                    "202201",
                    54
                ]
            ],
            "rank_gap":-5
        },
        {
            "index":220,
            "아파트명":"선우",
            "투자타입":"재건축",
            "전용면적(m2)":"54.84",
            "전용면적(평)":"16평",
            "법정동주소":"전라남도 광양시 중동 1356-2",
            "도로명주소":"전라남도 광양시 중동로 37",
            "세대수":0,
            "입주년차":"--",
            "용적률점수":0,
            "건폐율점수":0,
            "세대당주차수":"--",
            "난방방식":"--",
            "공급면적":50,
            "전용률":80,
            "욕실수":"--",
            "현관타입":"--",
            "주거총점":6.5,
            "지역구공급총점":0.0,
            "역세권":"NA",
            "30분내 이동가능 거점":"NA",
            "1시간내 이동가능 거점":"NA",
            "교통총점":"NA",
            "백화점":0,
            "아울렛몰":0,
            "대형마트":100,
            "은행":20,
            "병원":30,
            "종합병원":80,
            "공원":100,
            "혐오시설":0,
            "인프라총점":39.0,
            "초등학군":90.01,
            "중학군":46.64,
            "학군총점":55.314,
            "인구수":16.88,
            "인구증감":-5.16,
            "인구총점":10.268,
            "일자리":10.85,
            "소득수준":65.11,
            "일자리총점":27.128,
            "가치 총점":31.7035,
            "매매실거래년":20211030.0,
            "매매실거래가":4550.0,
            "전세실거래년":20141030.0,
            "전세실거래가":2500.0,
            "전세가율":60.24,
            "장기전세가율평균":76.14,
            "전세가율거품지수":15.9,
            "검색코드":102279,
            "세대수":150.0,
            "준공년월":"1992-05-01",
            "준공년차":31.0,
            "가까운역이름":"NA",
            "가까운역거리":"NA",
            "역세권여부":"NA",
            "30분이내주요거점역":"NA",
            "30분거점역이름":"NA",
            "1시간이내주요거점역":"NA",
            "1시간거점역이름":"NA",
            "3km이내백화점수":0,
            "5km이내아울렛몰수":0,
            "1km이내대형먀트수":3,
            "500m이내은행수":2,
            "500m이내병원수":6,
            "5km이내대형병원수":1,
            "500m이내공원수":6,
            "3km이내혐오시설수":0,
            "초등학교학업성취도":90.01,
            "중학교학업성취도":77.2,
            "용적률":0,
            "건폐율":0,
            "Y":34.94112,
            "X":127.692122,
            "rank":60.0,
            "area_info":"16평(54.84), 19평(65.16)",
            "last_sales":"2021-10-30,4550.0,19평(65.16)",
            "rank_history":[
                [
                    "202202",
                    60
                ],
                [
                    "202201",
                    56
                ]
            ],
            "rank_gap":-4
        },
        {
            "index":67,
            "아파트명":"광영그린파크",
            "투자타입":"일반",
            "전용면적(m2)":"53.79",
            "전용면적(평)":"16평",
            "법정동주소":"전라남도 광양시 광영동 258-3",
            "도로명주소":"전라남도 광양시 가야로 371",
            "세대수":0,
            "입주년차":0,
            "용적률점수":"--",
            "건폐율점수":"--",
            "세대당주차수":0,
            "난방방식":30,
            "공급면적":"--",
            "전용률":"--",
            "욕실수":50,
            "현관타입":100,
            "주거총점":18.0,
            "지역구공급총점":0.0,
            "역세권":"NA",
            "30분내 이동가능 거점":"NA",
            "1시간내 이동가능 거점":"NA",
            "교통총점":"NA",
            "백화점":0,
            "아울렛몰":0,
            "대형마트":80,
            "은행":0,
            "병원":10,
            "종합병원":80,
            "공원":100,
            "혐오시설":0,
            "인프라총점":32.0,
            "초등학군":90.0,
            "중학군":37.14,
            "학군총점":47.712,
            "인구수":16.88,
            "인구증감":-5.16,
            "인구총점":10.268,
            "일자리":10.85,
            "소득수준":65.11,
            "일자리총점":27.128,
            "가치 총점":31.028,
            "매매실거래년":"18000101",
            "매매실거래가":null,
            "전세실거래년":null,
            "전세실거래가":null,
            "전세가율":null,
            "장기전세가율평균":76.14,
            "전세가율거품지수":null,
            "검색코드":14877,
            "세대수":296.0,
            "준공년월":"1993-06-25",
            "준공년차":30.0,
            "가까운역이름":"NA",
            "가까운역거리":"NA",
            "역세권여부":"NA",
            "30분이내주요거점역":"NA",
            "30분거점역이름":"NA",
            "1시간이내주요거점역":"NA",
            "1시간거점역이름":"NA",
            "3km이내백화점수":0,
            "5km이내아울렛몰수":0,
            "1km이내대형먀트수":1,
            "500m이내은행수":0,
            "500m이내병원수":2,
            "5km이내대형병원수":1,
            "500m이내공원수":2,
            "3km이내혐오시설수":0,
            "초등학교학업성취도":90.0,
            "중학교학업성취도":61.9,
            "용적률":0,
            "건폐율":0,
            "Y":34.967675,
            "X":127.713213,
            "rank":61.0,
            "area_info":"16평(53.79), 19평(65.44)",
            "last_sales":"1800-01-01,nan,16평(53.79)",
            "rank_history":[
                [
                    "202202",
                    61
                ],
                [
                    "202201",
                    68
                ]
            ],
            "rank_gap":7
        },
        {
            "index":93,
            "아파트명":"매화",
            "투자타입":"재건축",
            "전용면적(m2)":"65.85",
            "전용면적(평)":"19평",
            "법정동주소":"전라남도 광양시 금호동 624-7",
            "도로명주소":"전라남도 광양시 희망길 39",
            "세대수":50,
            "입주년차":"--",
            "용적률점수":0,
            "건폐율점수":0,
            "세대당주차수":"--",
            "난방방식":"--",
            "공급면적":50,
            "전용률":100,
            "욕실수":"--",
            "현관타입":"--",
            "주거총점":22.5,
            "지역구공급총점":0.0,
            "역세권":"NA",
            "30분내 이동가능 거점":"NA",
            "1시간내 이동가능 거점":"NA",
            "교통총점":"NA",
            "백화점":0,
            "아울렛몰":0,
            "대형마트":0,
            "은행":20,
            "병원":10,
            "종합병원":80,
            "공원":0,
            "혐오시설":0,
            "인프라총점":19.0,
            "초등학군":90.0,
            "중학군":52.56,
            "학군총점":60.048,
            "인구수":16.88,
            "인구증감":-5.16,
            "인구총점":10.268,
            "일자리":10.85,
            "소득수준":65.11,
            "일자리총점":27.128,
            "가치 총점":30.487,
            "매매실거래년":20200521.0,
            "매매실거래가":12350.0,
            "전세실거래년":null,
            "전세실거래가":null,
            "전세가율":null,
            "장기전세가율평균":76.14,
            "전세가율거품지수":null,
            "검색코드":14879,
            "세대수":572.0,
            "준공년월":"1990-03-26",
            "준공년차":33.0,
            "가까운역이름":"NA",
            "가까운역거리":"NA",
            "역세권여부":"NA",
            "30분이내주요거점역":"NA",
            "30분거점역이름":"NA",
            "1시간이내주요거점역":"NA",
            "1시간거점역이름":"NA",
            "3km이내백화점수":0,
            "5km이내아울렛몰수":0,
            "1km이내대형먀트수":0,
            "500m이내은행수":2,
            "500m이내병원수":2,
            "5km이내대형병원수":1,
            "500m이내공원수":0,
            "3km이내혐오시설수":0,
            "초등학교학업성취도":90.0,
            "중학교학업성취도":87.0,
            "용적률":0,
            "건폐율":0,
            "Y":34.937007,
            "X":127.720961,
            "rank":62.0,
            "area_info":"19평(65.85), 19평(65.79), 20평(66.15), 21평(69.63), 20평(69.33), 20평(69.27), 23평(78.8), 23평(78.89), 23평(79.25), 24평(79.88), 24평(80.96), 24평(81.16), 25평(85.19), 26평(86.57), 26평(86.81), 26평(86.75), 26평(87.44), 26평(88.43), 27평(90.05), 27평(90.29), 27평(90.23)",
            "last_sales":"2020-05-21,12350.0,27평(90.05)",
            "rank_history":[
                [
                    "202202",
                    62
                ],
                [
                    "202201",
                    59
                ]
            ],
            "rank_gap":-3
        },
        {
            "index":250,
            "아파트명":"동광(사랑으로)",
            "투자타입":"재건축",
            "전용면적(m2)":"59.89",
            "전용면적(평)":"18평",
            "법정동주소":"전라남도 광양시 태인동 1320-41",
            "도로명주소":"전라남도 광양시 태인길 1",
            "세대수":0,
            "입주년차":"--",
            "용적률점수":0,
            "건폐율점수":0,
            "세대당주차수":"--",
            "난방방식":"--",
            "공급면적":50,
            "전용률":100,
            "욕실수":"--",
            "현관타입":"--",
            "주거총점":7.5,
            "지역구공급총점":0.0,
            "역세권":"NA",
            "30분내 이동가능 거점":"NA",
            "1시간내 이동가능 거점":"NA",
            "교통총점":"NA",
            "백화점":0,
            "아울렛몰":0,
            "대형마트":100,
            "은행":0,
            "병원":0,
            "종합병원":80,
            "공원":0,
            "혐오시설":0,
            "인프라총점":31.0,
            "초등학군":90.02,
            "중학군":52.56,
            "학군총점":60.052,
            "인구수":16.88,
            "인구증감":-5.16,
            "인구총점":10.268,
            "일자리":10.85,
            "소득수준":65.11,
            "일자리총점":27.128,
            "가치 총점":30.038,
            "매매실거래년":20220103.0,
            "매매실거래가":1900.0,
            "전세실거래년":20160525.0,
            "전세실거래가":1450.0,
            "전세가율":72.5,
            "장기전세가율평균":76.14,
            "전세가율거품지수":3.64,
            "검색코드":116727,
            "세대수":270.0,
            "준공년월":"1987-04-23",
            "준공년차":36.0,
            "가까운역이름":"NA",
            "가까운역거리":"NA",
            "역세권여부":"NA",
            "30분이내주요거점역":"NA",
            "30분거점역이름":"NA",
            "1시간이내주요거점역":"NA",
            "1시간거점역이름":"NA",
            "3km이내백화점수":0,
            "5km이내아울렛몰수":0,
            "1km이내대형먀트수":2,
            "500m이내은행수":0,
            "500m이내병원수":0,
            "5km이내대형병원수":1,
            "500m이내공원수":0,
            "3km이내혐오시설수":0,
            "초등학교학업성취도":90.02,
            "중학교학업성취도":87.0,
            "용적률":0,
            "건폐율":0,
            "Y":34.943526,
            "X":127.741431,
            "rank":63.0,
            "area_info":"18평(59.89), 19평(65.42)",
            "last_sales":"2022-01-03,1900.0,19평(65.42)",
            "rank_history":[
                [
                    "202202",
                    63
                ],
                [
                    "202201",
                    69
                ]
            ],
            "rank_gap":6
        },
        {
            "index":37,
            "아파트명":"영신그린빌",
            "투자타입":"일반",
            "전용면적(m2)":"80.0",
            "전용면적(평)":"24평",
            "법정동주소":"전라남도 광양시 광양읍 덕례리 1695-1",
            "도로명주소":"전라남도 광양시 예구1길 8",
            "세대수":0,
            "입주년차":20,
            "용적률점수":"--",
            "건폐율점수":"--",
            "세대당주차수":0,
            "난방방식":30,
            "공급면적":"--",
            "전용률":"--",
            "욕실수":50,
            "현관타입":100,
            "주거총점":22.0,
            "지역구공급총점":0.0,
            "역세권":"NA",
            "30분내 이동가능 거점":"NA",
            "1시간내 이동가능 거점":"NA",
            "교통총점":"NA",
            "백화점":0,
            "아울렛몰":0,
            "대형마트":0,
            "은행":0,
            "병원":10,
            "종합병원":100,
            "공원":100,
            "혐오시설":0,
            "인프라총점":24.0,
            "초등학군":89.99,
            "중학군":41.1,
            "학군총점":50.878,
            "인구수":16.88,
            "인구증감":-5.16,
            "인구총점":10.268,
            "일자리":10.85,
            "소득수준":65.11,
            "일자리총점":27.128,
            "가치 총점":30.0195,
            "매매실거래년":20211222.0,
            "매매실거래가":8300.0,
            "전세실거래년":20211127.0,
            "전세실거래가":6200.0,
            "전세가율":74.7,
            "장기전세가율평균":76.14,
            "전세가율거품지수":1.44,
            "검색코드":16799,
            "세대수":277.0,
            "준공년월":"2000-12-18",
            "준공년차":23.0,
            "가까운역이름":"NA",
            "가까운역거리":"NA",
            "역세권여부":"NA",
            "30분이내주요거점역":"NA",
            "30분거점역이름":"NA",
            "1시간이내주요거점역":"NA",
            "1시간거점역이름":"NA",
            "3km이내백화점수":0,
            "5km이내아울렛몰수":0,
            "1km이내대형먀트수":0,
            "500m이내은행수":0,
            "500m이내병원수":2,
            "5km이내대형병원수":3,
            "500m이내공원수":10,
            "3km이내혐오시설수":0,
            "초등학교학업성취도":89.99,
            "중학교학업성취도":68.5,
            "용적률":219,
            "건폐율":22,
            "Y":34.963105,
            "X":127.572386,
            "rank":64.0,
            "area_info":"24평(80.0), 34평(113.26)",
            "last_sales":"2021-12-22,8300.0,24평(80.0)",
            "rank_history":[
                [
                    "202202",
                    64
                ],
                [
                    "202201",
                    60
                ]
            ],
            "rank_gap":-4
        },
        {
            "index":61,
            "아파트명":"효성",
            "투자타입":"일반",
            "전용면적(m2)":"33.52",
            "전용면적(평)":"10평",
            "법정동주소":"전라남도 광양시 광양읍 덕례리 1688-1",
            "도로명주소":"전라남도 광양시 예구6길 10",
            "세대수":0,
            "입주년차":20,
            "용적률점수":"--",
            "건폐율점수":"--",
            "세대당주차수":0,
            "난방방식":30,
            "공급면적":"--",
            "전용률":"--",
            "욕실수":50,
            "현관타입":100,
            "주거총점":22.0,
            "지역구공급총점":0.0,
            "역세권":"NA",
            "30분내 이동가능 거점":"NA",
            "1시간내 이동가능 거점":"NA",
            "교통총점":"NA",
            "백화점":0,
            "아울렛몰":0,
            "대형마트":0,
            "은행":0,
            "병원":10,
            "종합병원":100,
            "공원":100,
            "혐오시설":0,
            "인프라총점":24.0,
            "초등학군":89.99,
            "중학군":41.1,
            "학군총점":50.878,
            "인구수":16.88,
            "인구증감":-5.16,
            "인구총점":10.268,
            "일자리":10.85,
            "소득수준":65.11,
            "일자리총점":27.128,
            "가치 총점":30.0195,
            "매매실거래년":20220124.0,
            "매매실거래가":2380.0,
            "전세실거래년":20190416.0,
            "전세실거래가":2800.0,
            "전세가율":117.65,
            "장기전세가율평균":76.14,
            "전세가율거품지수":-41.51,
            "검색코드":118107,
            "세대수":136.0,
            "준공년월":"2003-03-17",
            "준공년차":20.0,
            "가까운역이름":"NA",
            "가까운역거리":"NA",
            "역세권여부":"NA",
            "30분이내주요거점역":"NA",
            "30분거점역이름":"NA",
            "1시간이내주요거점역":"NA",
            "1시간거점역이름":"NA",
            "3km이내백화점수":0,
            "5km이내아울렛몰수":0,
            "1km이내대형먀트수":0,
            "500m이내은행수":0,
            "500m이내병원수":3,
            "5km이내대형병원수":3,
            "500m이내공원수":11,
            "3km이내혐오시설수":0,
            "초등학교학업성취도":89.99,
            "중학교학업성취도":68.5,
            "용적률":0,
            "건폐율":0,
            "Y":34.964269,
            "X":127.570006,
            "rank":64.0,
            "area_info":"10평(33.52), 13평(44.56)",
            "last_sales":"2022-01-24,2380.0,10평(33.52)",
            "rank_history":[
                [
                    "202202",
                    64
                ],
                [
                    "202201",
                    60
                ]
            ],
            "rank_gap":-4
        },
        {
            "index":39,
            "아파트명":"오성타워맨션",
            "투자타입":"재건축",
            "전용면적(m2)":"81.8",
            "전용면적(평)":"24평",
            "법정동주소":"전라남도 광양시 광양읍 덕례리 1725",
            "도로명주소":"전라남도 광양시 대림오성로 139",
            "세대수":50,
            "입주년차":"--",
            "용적률점수":0,
            "건폐율점수":0,
            "세대당주차수":"--",
            "난방방식":"--",
            "공급면적":70,
            "전용률":80,
            "욕실수":"--",
            "현관타입":"--",
            "주거총점":22.5,
            "지역구공급총점":0.0,
            "역세권":"NA",
            "30분내 이동가능 거점":"NA",
            "1시간내 이동가능 거점":"NA",
            "교통총점":"NA",
            "백화점":0,
            "아울렛몰":0,
            "대형마트":0,
            "은행":0,
            "병원":0,
            "종합병원":100,
            "공원":100,
            "혐오시설":0,
            "인프라총점":23.0,
            "초등학군":89.99,
            "중학군":41.1,
            "학군총점":50.878,
            "인구수":16.88,
            "인구증감":-5.16,
            "인구총점":10.268,
            "일자리":10.85,
            "소득수준":65.11,
            "일자리총점":27.128,
            "가치 총점":29.7945,
            "매매실거래년":20220120.0,
            "매매실거래가":16000.0,
            "전세실거래년":20200417.0,
            "전세실거래가":8000.0,
            "전세가율":95.24,
            "장기전세가율평균":76.14,
            "전세가율거품지수":-19.1,
            "검색코드":4431,
            "세대수":540.0,
            "준공년월":"1992-10-01",
            "준공년차":31.0,
            "가까운역이름":"NA",
            "가까운역거리":"NA",
            "역세권여부":"NA",
            "30분이내주요거점역":"NA",
            "30분거점역이름":"NA",
            "1시간이내주요거점역":"NA",
            "1시간거점역이름":"NA",
            "3km이내백화점수":0,
            "5km이내아울렛몰수":0,
            "1km이내대형먀트수":0,
            "500m이내은행수":0,
            "500m이내병원수":1,
            "5km이내대형병원수":3,
            "500m이내공원수":5,
            "3km이내혐오시설수":0,
            "초등학교학업성취도":89.99,
            "중학교학업성취도":68.5,
            "용적률":0,
            "건폐율":0,
            "Y":34.965456,
            "X":127.57694,
            "rank":65.0,
            "area_info":"24평(81.8), 26평(86.66), 30평(99.78), 30평(100.83), 30평(100.28), 41평(137.53), 49평(164.72)",
            "last_sales":"2022-01-20,16000.0,41평(137.53)",
            "rank_history":[
                [
                    "202202",
                    65
                ],
                [
                    "202201",
                    61
                ]
            ],
            "rank_gap":-4
        },
        {
            "index":17,
            "아파트명":"목성주공",
            "투자타입":"재건축",
            "전용면적(m2)":"45.12",
            "전용면적(평)":"13평",
            "법정동주소":"전라남도 광양시 광양읍 목성리 976-4",
            "도로명주소":"전라남도 광양시 신재로 82",
            "세대수":50,
            "입주년차":"--",
            "용적률점수":0,
            "건폐율점수":0,
            "세대당주차수":"--",
            "난방방식":"--",
            "공급면적":50,
            "전용률":80,
            "욕실수":"--",
            "현관타입":"--",
            "주거총점":21.5,
            "지역구공급총점":0.0,
            "역세권":"NA",
            "30분내 이동가능 거점":"NA",
            "1시간내 이동가능 거점":"NA",
            "교통총점":"NA",
            "백화점":0,
            "아울렛몰":0,
            "대형마트":0,
            "은행":0,
            "병원":60,
            "종합병원":80,
            "공원":100,
            "혐오시설":0,
            "인프라총점":25.0,
            "초등학군":90.01,
            "중학군":38.58,
            "학군총점":48.866,
            "인구수":16.88,
            "인구증감":-5.16,
            "인구총점":10.268,
            "일자리":10.85,
            "소득수준":65.11,
            "일자리총점":27.128,
            "가치 총점":29.7415,
            "매매실거래년":20210518.0,
            "매매실거래가":5300.0,
            "전세실거래년":null,
            "전세실거래가":null,
            "전세가율":null,
            "장기전세가율평균":76.14,
            "전세가율거품지수":null,
            "검색코드":9914,
            "세대수":520.0,
            "준공년월":"1986-04-12",
            "준공년차":37.0,
            "가까운역이름":"NA",
            "가까운역거리":"NA",
            "역세권여부":"NA",
            "30분이내주요거점역":"NA",
            "30분거점역이름":"NA",
            "1시간이내주요거점역":"NA",
            "1시간거점역이름":"NA",
            "3km이내백화점수":0,
            "5km이내아울렛몰수":0,
            "1km이내대형먀트수":0,
            "500m이내은행수":0,
            "500m이내병원수":11,
            "5km이내대형병원수":1,
            "500m이내공원수":8,
            "3km이내혐오시설수":0,
            "초등학교학업성취도":90.01,
            "중학교학업성취도":64.3,
            "용적률":0,
            "건폐율":0,
            "Y":34.978592,
            "X":127.590749,
            "rank":66.0,
            "area_info":"13평(45.12), 15평(52.14)",
            "last_sales":"2021-05-18,5300.0,15평(52.14)",
            "rank_history":[
                [
                    "202202",
                    66
                ],
                [
                    "202201",
                    49
                ]
            ],
            "rank_gap":-17
        },
        {
            "index":26,
            "아파트명":"상아",
            "투자타입":"일반",
            "전용면적(m2)":"55.82",
            "전용면적(평)":"16평",
            "법정동주소":"전라남도 광양시 광양읍 칠성리 952",
            "도로명주소":"전라남도 광양시 서북2길 11",
            "세대수":0,
            "입주년차":20,
            "용적률점수":"--",
            "건폐율점수":"--",
            "세대당주차수":0,
            "난방방식":30,
            "공급면적":"--",
            "전용률":"--",
            "욕실수":50,
            "현관타입":100,
            "주거총점":22.0,
            "지역구공급총점":0.0,
            "역세권":"NA",
            "30분내 이동가능 거점":"NA",
            "1시간내 이동가능 거점":"NA",
            "교통총점":"NA",
            "백화점":0,
            "아울렛몰":0,
            "대형마트":0,
            "은행":0,
            "병원":0,
            "종합병원":100,
            "공원":100,
            "혐오시설":0,
            "인프라총점":23.0,
            "초등학군":89.99,
            "중학군":41.1,
            "학군총점":50.878,
            "인구수":16.88,
            "인구증감":-5.16,
            "인구총점":10.268,
            "일자리":10.85,
            "소득수준":65.11,
            "일자리총점":27.128,
            "가치 총점":29.6195,
            "매매실거래년":20210712.0,
            "매매실거래가":18000.0,
            "전세실거래년":20210910.0,
            "전세실거래가":7000.0,
            "전세가율":99.29,
            "장기전세가율평균":76.14,
            "전세가율거품지수":-23.15,
            "검색코드":14876,
            "세대수":230.0,
            "준공년월":"1999-12-21",
            "준공년차":24.0,
            "가까운역이름":"NA",
            "가까운역거리":"NA",
            "역세권여부":"NA",
            "30분이내주요거점역":"NA",
            "30분거점역이름":"NA",
            "1시간이내주요거점역":"NA",
            "1시간거점역이름":"NA",
            "3km이내백화점수":0,
            "5km이내아울렛몰수":0,
            "1km이내대형먀트수":0,
            "500m이내은행수":0,
            "500m이내병원수":1,
            "5km이내대형병원수":2,
            "500m이내공원수":10,
            "3km이내혐오시설수":0,
            "초등학교학업성취도":89.99,
            "중학교학업성취도":68.5,
            "용적률":254,
            "건폐율":20,
            "Y":34.971473,
            "X":127.578267,
            "rank":67.0,
            "area_info":"16평(55.82), 20평(69.07), 22평(75.17), 23평(77.95), 26평(88.37), 31평(103.0), 32평(106.49), 40평(133.01), 45평(150.04)",
            "last_sales":"2021-07-12,18000.0,32평(106.49)",
            "rank_history":[
                [
                    "202202",
                    67
                ],
                [
                    "202201",
                    62
                ]
            ],
            "rank_gap":-5
        },
        {
            "index":19,
            "아파트명":"부영",
            "투자타입":"재건축",
            "전용면적(m2)":"59.86",
            "전용면적(평)":"18평",
            "법정동주소":"전라남도 광양시 광양읍 인서리 480",
            "도로명주소":"전라남도 광양시 인서4길 20",
            "세대수":50,
            "입주년차":"--",
            "용적률점수":0,
            "건폐율점수":0,
            "세대당주차수":"--",
            "난방방식":"--",
            "공급면적":50,
            "전용률":100,
            "욕실수":"--",
            "현관타입":"--",
            "주거총점":22.5,
            "지역구공급총점":0.0,
            "역세권":"NA",
            "30분내 이동가능 거점":"NA",
            "1시간내 이동가능 거점":"NA",
            "교통총점":"NA",
            "백화점":0,
            "아울렛몰":0,
            "대형마트":0,
            "은행":0,
            "병원":10,
            "종합병원":80,
            "공원":100,
            "혐오시설":0,
            "인프라총점":20.0,
            "초등학군":89.99,
            "중학군":41.1,
            "학군총점":50.878,
            "인구수":16.88,
            "인구증감":-5.16,
            "인구총점":10.268,
            "일자리":10.85,
            "소득수준":65.11,
            "일자리총점":27.128,
            "가치 총점":28.5945,
            "매매실거래년":20220114.0,
            "매매실거래가":3300.0,
            "전세실거래년":20210906.0,
            "전세실거래가":3400.0,
            "전세가율":76.4,
            "장기전세가율평균":76.14,
            "전세가율거품지수":-0.26,
            "검색코드":4427,
            "세대수":590.0,
            "준공년월":"1987-05-15",
            "준공년차":36.0,
            "가까운역이름":"NA",
            "가까운역거리":"NA",
            "역세권여부":"NA",
            "30분이내주요거점역":"NA",
            "30분거점역이름":"NA",
            "1시간이내주요거점역":"NA",
            "1시간거점역이름":"NA",
            "3km이내백화점수":0,
            "5km이내아울렛몰수":0,
            "1km이내대형먀트수":0,
            "500m이내은행수":0,
            "500m이내병원수":2,
            "5km이내대형병원수":1,
            "500m이내공원수":7,
            "3km이내혐오시설수":0,
            "초등학교학업성취도":89.99,
            "중학교학업성취도":68.5,
            "용적률":0,
            "건폐율":0,
            "Y":34.967029,
            "X":127.583448,
            "rank":68.0,
            "area_info":"18평(59.86), 18평(59.87), 19평(65.21), 19평(65.48), 19평(65.39), 20평(66.58)",
            "last_sales":"2022-01-14,3300.0,19평(65.48)",
            "rank_history":[
                [
                    "202202",
                    68
                ],
                [
                    "202201",
                    51
                ]
            ],
            "rank_gap":-17
        },
        {
            "index":64,
            "아파트명":"광영",
            "투자타입":"재건축",
            "전용면적(m2)":"45.54",
            "전용면적(평)":"13평",
            "법정동주소":"전라남도 광양시 광영동 775-1",
            "도로명주소":"전라남도 광양시 금영로 164",
            "세대수":0,
            "입주년차":"--",
            "용적률점수":0,
            "건폐율점수":0,
            "세대당주차수":"--",
            "난방방식":"--",
            "공급면적":50,
            "전용률":80,
            "욕실수":"--",
            "현관타입":"--",
            "주거총점":6.5,
            "지역구공급총점":0.0,
            "역세권":"NA",
            "30분내 이동가능 거점":"NA",
            "1시간내 이동가능 거점":"NA",
            "교통총점":"NA",
            "백화점":0,
            "아울렛몰":0,
            "대형마트":80,
            "은행":0,
            "병원":30,
            "종합병원":80,
            "공원":100,
            "혐오시설":0,
            "인프라총점":34.0,
            "초등학군":90.01,
            "중학군":37.14,
            "학군총점":47.714,
            "인구수":16.88,
            "인구증감":-5.16,
            "인구총점":10.268,
            "일자리":10.85,
            "소득수준":65.11,
            "일자리총점":27.128,
            "가치 총점":27.8035,
            "매매실거래년":20220117.0,
            "매매실거래가":2600.0,
            "전세실거래년":20211113.0,
            "전세실거래가":2700.0,
            "전세가율":103.85,
            "장기전세가율평균":76.14,
            "전세가율거품지수":-27.71,
            "검색코드":4451,
            "세대수":240.0,
            "준공년월":"1989-12-23",
            "준공년차":34.0,
            "가까운역이름":"NA",
            "가까운역거리":"NA",
            "역세권여부":"NA",
            "30분이내주요거점역":"NA",
            "30분거점역이름":"NA",
            "1시간이내주요거점역":"NA",
            "1시간거점역이름":"NA",
            "3km이내백화점수":0,
            "5km이내아울렛몰수":0,
            "1km이내대형먀트수":1,
            "500m이내은행수":0,
            "500m이내병원수":8,
            "5km이내대형병원수":1,
            "500m이내공원수":2,
            "3km이내혐오시설수":0,
            "초등학교학업성취도":90.01,
            "중학교학업성취도":61.9,
            "용적률":0,
            "건폐율":0,
            "Y":34.965816,
            "X":127.720064,
            "rank":69.0,
            "area_info":"13평(45.54), 13평(45.15), 15평(52.53)",
            "last_sales":"2022-01-17,2600.0,13평(45.54)",
            "rank_history":[
                [
                    "202202",
                    69
                ],
                [
                    "202201",
                    70
                ]
            ],
            "rank_gap":1
        },
        {
            "index":58,
            "아파트명":"칠성주공3차",
            "투자타입":"재건축",
            "전용면적(m2)":"45.54",
            "전용면적(평)":"13평",
            "법정동주소":"전라남도 광양시 광양읍 칠성리 89-5",
            "도로명주소":"전라남도 광양시 호북길 25",
            "세대수":50,
            "입주년차":"--",
            "용적률점수":0,
            "건폐율점수":0,
            "세대당주차수":"--",
            "난방방식":"--",
            "공급면적":50,
            "전용률":80,
            "욕실수":"--",
            "현관타입":"--",
            "주거총점":21.5,
            "지역구공급총점":0.0,
            "역세권":"NA",
            "30분내 이동가능 거점":"NA",
            "1시간내 이동가능 거점":"NA",
            "교통총점":"NA",
            "백화점":0,
            "아울렛몰":0,
            "대형마트":0,
            "은행":0,
            "병원":10,
            "종합병원":80,
            "공원":100,
            "혐오시설":0,
            "인프라총점":20.0,
            "초등학군":90.0,
            "중학군":38.58,
            "학군총점":48.864,
            "인구수":16.88,
            "인구증감":-5.16,
            "인구총점":10.268,
            "일자리":10.85,
            "소득수준":65.11,
            "일자리총점":27.128,
            "가치 총점":27.741,
            "매매실거래년":20220113.0,
            "매매실거래가":5800.0,
            "전세실거래년":20220106.0,
            "전세실거래가":3500.0,
            "전세가율":87.5,
            "장기전세가율평균":76.14,
            "전세가율거품지수":-11.36,
            "검색코드":22475,
            "세대수":590.0,
            "준공년월":"1988-11-24",
            "준공년차":35.0,
            "가까운역이름":"NA",
            "가까운역거리":"NA",
            "역세권여부":"NA",
            "30분이내주요거점역":"NA",
            "30분거점역이름":"NA",
            "1시간이내주요거점역":"NA",
            "1시간거점역이름":"NA",
            "3km이내백화점수":0,
            "5km이내아울렛몰수":0,
            "1km이내대형먀트수":0,
            "500m이내은행수":1,
            "500m이내병원수":4,
            "5km이내대형병원수":1,
            "500m이내공원수":6,
            "3km이내혐오시설수":0,
            "초등학교학업성취도":90.0,
            "중학교학업성취도":64.3,
            "용적률":0,
            "건폐율":0,
            "Y":34.983125,
            "X":127.582271,
            "rank":70.0,
            "area_info":"13평(45.54), 17평(57.04), 19평(65.64)",
            "last_sales":"2022-01-13,5800.0,17평(57.04)",
            "rank_history":[
                [
                    "202202",
                    70
                ],
                [
                    "202201",
                    65
                ]
            ],
            "rank_gap":-5
        },
        {
            "index":81,
            "아파트명":"조선내화(로데오)",
            "투자타입":"재건축",
            "전용면적(m2)":"57.13",
            "전용면적(평)":"17평",
            "법정동주소":"전라남도 광양시 광영동 313",
            "도로명주소":"전라남도 광양시 가야로 360",
            "세대수":0,
            "입주년차":"--",
            "용적률점수":0,
            "건폐율점수":0,
            "세대당주차수":"--",
            "난방방식":"--",
            "공급면적":50,
            "전용률":80,
            "욕실수":"--",
            "현관타입":"--",
            "주거총점":6.5,
            "지역구공급총점":0.0,
            "역세권":"NA",
            "30분내 이동가능 거점":"NA",
            "1시간내 이동가능 거점":"NA",
            "교통총점":"NA",
            "백화점":0,
            "아울렛몰":0,
            "대형마트":80,
            "은행":0,
            "병원":10,
            "종합병원":80,
            "공원":100,
            "혐오시설":0,
            "인프라총점":32.0,
            "초등학군":90.0,
            "중학군":37.14,
            "학군총점":47.712,
            "인구수":16.88,
            "인구증감":-5.16,
            "인구총점":10.268,
            "일자리":10.85,
            "소득수준":65.11,
            "일자리총점":27.128,
            "가치 총점":27.003,
            "매매실거래년":20211227.0,
            "매매실거래가":2100.0,
            "전세실거래년":20191226.0,
            "전세실거래가":1000.0,
            "전세가율":47.62,
            "장기전세가율평균":76.14,
            "전세가율거품지수":28.52,
            "검색코드":105778,
            "세대수":140.0,
            "준공년월":"1989-12-08",
            "준공년차":34.0,
            "가까운역이름":"NA",
            "가까운역거리":"NA",
            "역세권여부":"NA",
            "30분이내주요거점역":"NA",
            "30분거점역이름":"NA",
            "1시간이내주요거점역":"NA",
            "1시간거점역이름":"NA",
            "3km이내백화점수":0,
            "5km이내아울렛몰수":0,
            "1km이내대형먀트수":1,
            "500m이내은행수":0,
            "500m이내병원수":2,
            "5km이내대형병원수":1,
            "500m이내공원수":3,
            "3km이내혐오시설수":0,
            "초등학교학업성취도":90.0,
            "중학교학업성취도":61.9,
            "용적률":0,
            "건폐율":0,
            "Y":34.965287,
            "X":127.713758,
            "rank":71.0,
            "area_info":"17평(57.13)",
            "last_sales":"2021-12-27,2100.0,17평(57.13)",
            "rank_history":[
                [
                    "202202",
                    71
                ],
                [
                    "202201",
                    72
                ]
            ],
            "rank_gap":1
        },
        {
            "index":25,
            "아파트명":"삼익",
            "투자타입":"재건축",
            "전용면적(m2)":"103.91",
            "전용면적(평)":"31평",
            "법정동주소":"전라남도 광양시 광양읍 구산리 137-2",
            "도로명주소":"전라남도 광양시 우산공원길 64",
            "세대수":0,
            "입주년차":"--",
            "용적률점수":0,
            "건폐율점수":0,
            "세대당주차수":"--",
            "난방방식":"--",
            "공급면적":90,
            "전용률":80,
            "욕실수":"--",
            "현관타입":"--",
            "주거총점":8.5,
            "지역구공급총점":0.0,
            "역세권":"NA",
            "30분내 이동가능 거점":"NA",
            "1시간내 이동가능 거점":"NA",
            "교통총점":"NA",
            "백화점":0,
            "아울렛몰":0,
            "대형마트":0,
            "은행":0,
            "병원":0,
            "종합병원":80,
            "공원":100,
            "혐오시설":0,
            "인프라총점":19.0,
            "초등학군":90.0,
            "중학군":38.58,
            "학군총점":48.864,
            "인구수":16.88,
            "인구증감":-5.16,
            "인구총점":10.268,
            "일자리":10.85,
            "소득수준":65.11,
            "일자리총점":27.128,
            "가치 총점":22.791,
            "매매실거래년":20211011.0,
            "매매실거래가":10800.0,
            "전세실거래년":20170710.0,
            "전세실거래가":9000.0,
            "전세가율":83.33,
            "장기전세가율평균":76.14,
            "전세가율거품지수":-7.19,
            "검색코드":4429,
            "세대수":206.0,
            "준공년월":"1992-02-25",
            "준공년차":31.0,
            "가까운역이름":"NA",
            "가까운역거리":"NA",
            "역세권여부":"NA",
            "30분이내주요거점역":"NA",
            "30분거점역이름":"NA",
            "1시간이내주요거점역":"NA",
            "1시간거점역이름":"NA",
            "3km이내백화점수":0,
            "5km이내아울렛몰수":0,
            "1km이내대형먀트수":0,
            "500m이내은행수":1,
            "500m이내병원수":0,
            "5km이내대형병원수":1,
            "500m이내공원수":2,
            "3km이내혐오시설수":0,
            "초등학교학업성취도":90.0,
            "중학교학업성취도":64.3,
            "용적률":0,
            "건폐율":0,
            "Y":34.98427,
            "X":127.58475,
            "rank":72.0,
            "area_info":"31평(103.91)",
            "last_sales":"2021-10-11,10800.0,31평(103.91)",
            "rank_history":[
                [
                    "202202",
                    72
                ],
                [
                    "202201",
                    71
                ]
            ],
            "rank_gap":-1
        }
    ]
}