{
    "schema":{
        "fields":[
            {
                "name":"index",
                "type":"integer"
            },
            {
                "name":"아파트명",
                "type":"string"
            },
            {
                "name":"매매타입",
                "type":"string"
            },
            {
                "name":"전용면적(m2)",
                "type":"string"
            },
            {
                "name":"전용면적(평)",
                "type":"string"
            },
            {
                "name":"법정동주소",
                "type":"string"
            },
            {
                "name":"도로명주소",
                "type":"string"
            },
            {
                "name":"세대수",
                "type":"integer"
            },
            {
                "name":"입주년차",
                "type":"integer"
            },
            {
                "name":"용적률점수",
                "type":"string"
            },
            {
                "name":"건폐율점수",
                "type":"string"
            },
            {
                "name":"세대당주차수",
                "type":"integer"
            },
            {
                "name":"난방방식",
                "type":"integer"
            },
            {
                "name":"공급면적",
                "type":"string"
            },
            {
                "name":"전용률",
                "type":"string"
            },
            {
                "name":"욕실수",
                "type":"integer"
            },
            {
                "name":"현관타입",
                "type":"integer"
            },
            {
                "name":"주거총점",
                "type":"number"
            },
            {
                "name":"지역구공급총점",
                "type":"number"
            },
            {
                "name":"역세권",
                "type":"string"
            },
            {
                "name":"30분내 이동가능 거점",
                "type":"string"
            },
            {
                "name":"1시간내 이동가능 거점",
                "type":"string"
            },
            {
                "name":"교통총점",
                "type":"string"
            },
            {
                "name":"백화점",
                "type":"integer"
            },
            {
                "name":"아울렛몰",
                "type":"integer"
            },
            {
                "name":"대형마트",
                "type":"integer"
            },
            {
                "name":"은행",
                "type":"integer"
            },
            {
                "name":"병원",
                "type":"integer"
            },
            {
                "name":"종합병원",
                "type":"integer"
            },
            {
                "name":"공원",
                "type":"integer"
            },
            {
                "name":"혐오시설",
                "type":"integer"
            },
            {
                "name":"인프라총점",
                "type":"number"
            },
            {
                "name":"초등학군",
                "type":"number"
            },
            {
                "name":"중학군",
                "type":"number"
            },
            {
                "name":"학군총점",
                "type":"number"
            },
            {
                "name":"인구수",
                "type":"number"
            },
            {
                "name":"인구증감",
                "type":"number"
            },
            {
                "name":"인구총점",
                "type":"number"
            },
            {
                "name":"일자리",
                "type":"number"
            },
            {
                "name":"소득수준",
                "type":"number"
            },
            {
                "name":"일자리총점",
                "type":"number"
            },
            {
                "name":"가치 총점",
                "type":"number"
            },
            {
                "name":"매매실거래년",
                "type":"number"
            },
            {
                "name":"매매실거래가",
                "type":"number"
            },
            {
                "name":"평단가",
                "type":"string"
            },
            {
                "name":"전세실거래년",
                "type":"number"
            },
            {
                "name":"전세실거래가",
                "type":"number"
            },
            {
                "name":"전세가율",
                "type":"number"
            },
            {
                "name":"장기전세가율평균",
                "type":"string"
            },
            {
                "name":"전세가율거품지수",
                "type":"string"
            },
            {
                "name":"검색코드",
                "type":"integer"
            },
            {
                "name":"세대수",
                "type":"number"
            },
            {
                "name":"난방",
                "type":"string"
            },
            {
                "name":"주차",
                "type":"string"
            },
            {
                "name":"현관구조",
                "type":"string"
            },
            {
                "name":"관리비평균",
                "type":"number"
            },
            {
                "name":"방수",
                "type":"integer"
            },
            {
                "name":"욕실개수",
                "type":"integer"
            },
            {
                "name":"준공년월",
                "type":"string"
            },
            {
                "name":"준공년차",
                "type":"number"
            },
            {
                "name":"가까운역이름",
                "type":"string"
            },
            {
                "name":"가까운역거리",
                "type":"string"
            },
            {
                "name":"역세권여부",
                "type":"string"
            },
            {
                "name":"30분이내주요거점역",
                "type":"string"
            },
            {
                "name":"30분거점역이름",
                "type":"string"
            },
            {
                "name":"1시간이내주요거점역",
                "type":"string"
            },
            {
                "name":"1시간거점역이름",
                "type":"string"
            },
            {
                "name":"3km이내백화점수",
                "type":"integer"
            },
            {
                "name":"5km이내아울렛몰수",
                "type":"integer"
            },
            {
                "name":"1km이내대형먀트수",
                "type":"integer"
            },
            {
                "name":"500m이내은행수",
                "type":"integer"
            },
            {
                "name":"500m이내병원수",
                "type":"integer"
            },
            {
                "name":"5km이내대형병원수",
                "type":"integer"
            },
            {
                "name":"500m이내공원수",
                "type":"integer"
            },
            {
                "name":"3km이내혐오시설수",
                "type":"integer"
            },
            {
                "name":"초등학교학업성취도",
                "type":"number"
            },
            {
                "name":"중학교학업성취도",
                "type":"number"
            },
            {
                "name":"학원가",
                "type":"integer"
            },
            {
                "name":"학원수",
                "type":"integer"
            },
            {
                "name":"용적률",
                "type":"integer"
            },
            {
                "name":"건폐율",
                "type":"integer"
            },
            {
                "name":"Y",
                "type":"number"
            },
            {
                "name":"X",
                "type":"number"
            },
            {
                "name":"rank",
                "type":"number"
            },
            {
                "name":"area_info",
                "type":"string"
            },
            {
                "name":"sales_info",
                "type":"string"
            },
            {
                "name":"last_sales",
                "type":"string"
            },
            {
                "name":"maintenance",
                "type":"string"
            },
            {
                "name":"price_per",
                "type":"string"
            },
            {
                "name":"room",
                "type":"string"
            },
            {
                "name":"bath",
                "type":"string"
            },
            {
                "name":"rank_history",
                "type":"string"
            },
            {
                "name":"rank_gap",
                "type":"integer"
            }
        ],
        "primaryKey":[
            "index"
        ],
        "pandas_version":"1.4.0"
    },
    "data":[
        {
            "index":93,
            "아파트명":"예산행정타운신동아파밀리에",
            "매매타입":"아파트",
            "전용면적(m2)":"97.68",
            "전용면적(평)":"29평",
            "법정동주소":"충청남도 예산군 예산읍 예산리 771",
            "도로명주소":"충청남도 예산군 군청로3길 16",
            "세대수":50,
            "입주년차":80,
            "용적률점수":"--",
            "건폐율점수":"--",
            "세대당주차수":30,
            "난방방식":30,
            "공급면적":"--",
            "전용률":"--",
            "욕실수":100,
            "현관타입":100,
            "주거총점":61.0,
            "지역구공급총점":0.0,
            "역세권":"NA",
            "30분내 이동가능 거점":"NA",
            "1시간내 이동가능 거점":"NA",
            "교통총점":"NA",
            "백화점":0,
            "아울렛몰":0,
            "대형마트":80,
            "은행":70,
            "병원":60,
            "종합병원":80,
            "공원":100,
            "혐오시설":0,
            "인프라총점":44.0,
            "초등학군":89.99,
            "중학군":37.8,
            "학군총점":48.238,
            "인구수":7.1,
            "인구증감":-5.47,
            "인구총점":3.329,
            "일자리":6.03,
            "소득수준":66.45,
            "일자리총점":24.156,
            "가치 총점":51.0095,
            "매매실거래년":20220315.0,
            "매매실거래가":28000.0,
            "평단가":947,
            "전세실거래년":20210828.0,
            "전세실거래가":15000.0,
            "전세가율":53.57,
            "장기전세가율평균":"NA",
            "전세가율거품지수":"NA",
            "검색코드":111197,
            "세대수":462.0,
            "난방":"개별난방",
            "주차":"569 (세대당 1.23대)",
            "현관구조":"계단식",
            "관리비평균":null,
            "방수":3,
            "욕실개수":2,
            "준공년월":"2017-08-09",
            "준공년차":5.0,
            "가까운역이름":"NA",
            "가까운역거리":"NA",
            "역세권여부":"NA",
            "30분이내주요거점역":"NA",
            "30분거점역이름":"NA",
            "1시간이내주요거점역":"NA",
            "1시간거점역이름":"NA",
            "3km이내백화점수":0,
            "5km이내아울렛몰수":0,
            "1km이내대형먀트수":1,
            "500m이내은행수":4,
            "500m이내병원수":22,
            "5km이내대형병원수":1,
            "500m이내공원수":6,
            "3km이내혐오시설수":0,
            "초등학교학업성취도":89.99,
            "중학교학업성취도":63.0,
            "학원가":0,
            "학원수":0,
            "용적률":189,
            "건폐율":17,
            "Y":36.6821,
            "X":126.845013,
            "rank":1.0,
            "area_info":"29평(97.68),33평(110.41),33평(111.44)",
            "sales_info":"2.8억 (2022-03-15),2.8억 (2021-07-27),3.1억 (2021-12-24)",
            "last_sales":"2022-03-15,28000.0,29평(97.68)",
            "maintenance":"nan,nan,nan",
            "price_per":"947,838,919",
            "room":"3,3,4",
            "bath":"2,2,2",
            "rank_history":[
                [
                    "202204",
                    1
                ],
                [
                    "202203",
                    1
                ],
                [
                    "202202",
                    1
                ],
                [
                    "202201",
                    1
                ]
            ],
            "rank_gap":0
        },
        {
            "index":71,
            "아파트명":"예산발연계룡리슈빌",
            "매매타입":"아파트",
            "전용면적(m2)":"115.3",
            "전용면적(평)":"34평",
            "법정동주소":"충청남도 예산군 예산읍 발연리 253-1",
            "도로명주소":"충청남도 예산군 벚꽃로155번길 50",
            "세대수":50,
            "입주년차":60,
            "용적률점수":"--",
            "건폐율점수":"--",
            "세대당주차수":60,
            "난방방식":30,
            "공급면적":"--",
            "전용률":"--",
            "욕실수":100,
            "현관타입":100,
            "주거총점":61.5,
            "지역구공급총점":0.0,
            "역세권":"NA",
            "30분내 이동가능 거점":"NA",
            "1시간내 이동가능 거점":"NA",
            "교통총점":"NA",
            "백화점":0,
            "아울렛몰":0,
            "대형마트":80,
            "은행":0,
            "병원":30,
            "종합병원":80,
            "공원":100,
            "혐오시설":0,
            "인프라총점":34.0,
            "초등학군":90.01,
            "중학군":46.34,
            "학군총점":55.074,
            "인구수":7.1,
            "인구증감":-5.47,
            "인구총점":3.329,
            "일자리":6.03,
            "소득수준":66.45,
            "일자리총점":24.156,
            "가치 총점":48.8935,
            "매매실거래년":20220324.0,
            "매매실거래가":26000.0,
            "평단가":745,
            "전세실거래년":20190817.0,
            "전세실거래가":15000.0,
            "전세가율":57.69,
            "장기전세가율평균":"NA",
            "전세가율거품지수":"NA",
            "검색코드":24077,
            "세대수":446.0,
            "난방":"개별난방",
            "주차":"605 (세대당 1.36대)",
            "현관구조":"계단식",
            "관리비평균":160938.0,
            "방수":3,
            "욕실개수":2,
            "준공년월":"2008-01-25",
            "준공년차":14.0,
            "가까운역이름":"NA",
            "가까운역거리":"NA",
            "역세권여부":"NA",
            "30분이내주요거점역":"NA",
            "30분거점역이름":"NA",
            "1시간이내주요거점역":"NA",
            "1시간거점역이름":"NA",
            "3km이내백화점수":0,
            "5km이내아울렛몰수":0,
            "1km이내대형먀트수":1,
            "500m이내은행수":0,
            "500m이내병원수":7,
            "5km이내대형병원수":1,
            "500m이내공원수":3,
            "3km이내혐오시설수":0,
            "초등학교학업성취도":90.01,
            "중학교학업성취도":76.7,
            "학원가":1,
            "학원수":21,
            "용적률":246,
            "건폐율":21,
            "Y":36.695736,
            "X":126.832013,
            "rank":2.0,
            "area_info":"34평(115.3),35평(116.7),41평(135.58),44평(148.18),55평(184.48)",
            "sales_info":"2.6억 (2022-03-24),거래 정보 없음,2.75억 (2022-01-06),3.1억 (2022-03-06),2.5억 (2021-06-17)",
            "last_sales":"2022-03-24,26000.0,34평(115.3)",
            "maintenance":"160938.0,160938.0,198455.0,220154.0,282841.0",
            "price_per":"745,nan,670,691,447",
            "room":"3,3,3,3,4",
            "bath":"2,2,2,2,2",
            "rank_history":[
                [
                    "202204",
                    2
                ],
                [
                    "202203",
                    3
                ],
                [
                    "202202",
                    3
                ],
                [
                    "202201",
                    3
                ]
            ],
            "rank_gap":1
        },
        {
            "index":85,
            "아파트명":"예산우방유쉘",
            "매매타입":"아파트",
            "전용면적(m2)":"115.37",
            "전용면적(평)":"34평",
            "법정동주소":"충청남도 예산군 예산읍 발연리 90-1",
            "도로명주소":"충청남도 예산군 벚꽃로 175-17",
            "세대수":50,
            "입주년차":60,
            "용적률점수":"--",
            "건폐율점수":"--",
            "세대당주차수":60,
            "난방방식":30,
            "공급면적":"--",
            "전용률":"--",
            "욕실수":100,
            "현관타입":100,
            "주거총점":61.5,
            "지역구공급총점":0.0,
            "역세권":"NA",
            "30분내 이동가능 거점":"NA",
            "1시간내 이동가능 거점":"NA",
            "교통총점":"NA",
            "백화점":0,
            "아울렛몰":0,
            "대형마트":80,
            "은행":0,
            "병원":30,
            "종합병원":80,
            "공원":100,
            "혐오시설":0,
            "인프라총점":34.0,
            "초등학군":90.01,
            "중학군":46.34,
            "학군총점":55.074,
            "인구수":7.1,
            "인구증감":-5.47,
            "인구총점":3.329,
            "일자리":6.03,
            "소득수준":66.45,
            "일자리총점":24.156,
            "가치 총점":48.8935,
            "매매실거래년":20220312.0,
            "매매실거래가":29000.0,
            "평단가":830,
            "전세실거래년":20190710.0,
            "전세실거래가":15000.0,
            "전세가율":51.72,
            "장기전세가율평균":"NA",
            "전세가율거품지수":"NA",
            "검색코드":25207,
            "세대수":499.0,
            "난방":"개별난방",
            "주차":"707 (세대당 1.42대)",
            "현관구조":"계단식",
            "관리비평균":161203.0,
            "방수":3,
            "욕실개수":2,
            "준공년월":"2009-07-30",
            "준공년차":13.0,
            "가까운역이름":"NA",
            "가까운역거리":"NA",
            "역세권여부":"NA",
            "30분이내주요거점역":"NA",
            "30분거점역이름":"NA",
            "1시간이내주요거점역":"NA",
            "1시간거점역이름":"NA",
            "3km이내백화점수":0,
            "5km이내아울렛몰수":0,
            "1km이내대형먀트수":1,
            "500m이내은행수":0,
            "500m이내병원수":7,
            "5km이내대형병원수":1,
            "500m이내공원수":3,
            "3km이내혐오시설수":0,
            "초등학교학업성취도":90.01,
            "중학교학업성취도":76.7,
            "학원가":1,
            "학원수":21,
            "용적률":226,
            "건폐율":21,
            "Y":36.695633,
            "X":126.834387,
            "rank":2.0,
            "area_info":"34평(115.37),41평(138.32),41평(138.66),41평(138.35),56평(187.76),65평(217.76)",
            "sales_info":"2.9억 (2022-03-12),2.7억 (2021-10-22),3.2억 (2021-05-14),2.48억 (2022-01-05),3.2억 (2022-02-10),3.0억 (2021-05-12)",
            "last_sales":"2022-03-12,29000.0,34평(115.37)",
            "maintenance":"161203.0,209626.0,199460.0,198720.0,297615.0,352772.0",
            "price_per":"830,645,762,592,563,455",
            "room":"3,3,3,3,4,4",
            "bath":"2,2,2,2,2,2",
            "rank_history":[
                [
                    "202204",
                    2
                ],
                [
                    "202203",
                    2
                ],
                [
                    "202202",
                    2
                ],
                [
                    "202201",
                    2
                ]
            ],
            "rank_gap":0
        },
        {
            "index":76,
            "아파트명":"예산세광엔리치타워1차",
            "매매타입":"아파트",
            "전용면적(m2)":"102.39",
            "전용면적(평)":"30평",
            "법정동주소":"충청남도 예산군 예산읍 산성리 95-1",
            "도로명주소":"충청남도 예산군 아리랑로 93-10",
            "세대수":50,
            "입주년차":40,
            "용적률점수":"--",
            "건폐율점수":"--",
            "세대당주차수":30,
            "난방방식":30,
            "공급면적":"--",
            "전용률":"--",
            "욕실수":100,
            "현관타입":100,
            "주거총점":53.0,
            "지역구공급총점":0.0,
            "역세권":"NA",
            "30분내 이동가능 거점":"NA",
            "1시간내 이동가능 거점":"NA",
            "교통총점":"NA",
            "백화점":0,
            "아울렛몰":0,
            "대형마트":100,
            "은행":0,
            "병원":0,
            "종합병원":80,
            "공원":100,
            "혐오시설":0,
            "인프라총점":34.0,
            "초등학군":90.01,
            "중학군":46.34,
            "학군총점":55.074,
            "인구수":7.1,
            "인구증감":-5.47,
            "인구총점":3.329,
            "일자리":6.03,
            "소득수준":66.45,
            "일자리총점":24.156,
            "가치 총점":45.9185,
            "매매실거래년":20220326.0,
            "매매실거래가":22050.0,
            "평단가":565,
            "전세실거래년":20210701.0,
            "전세실거래가":14000.0,
            "전세가율":80.0,
            "장기전세가율평균":"NA",
            "전세가율거품지수":"NA",
            "검색코드":24066,
            "세대수":465.0,
            "난방":"개별난방",
            "주차":"588 (세대당 1.26대)",
            "현관구조":"계단식",
            "관리비평균":173384.0,
            "방수":3,
            "욕실개수":2,
            "준공년월":"2006-09-13",
            "준공년차":16.0,
            "가까운역이름":"NA",
            "가까운역거리":"NA",
            "역세권여부":"NA",
            "30분이내주요거점역":"NA",
            "30분거점역이름":"NA",
            "1시간이내주요거점역":"NA",
            "1시간거점역이름":"NA",
            "3km이내백화점수":0,
            "5km이내아울렛몰수":0,
            "1km이내대형먀트수":2,
            "500m이내은행수":0,
            "500m이내병원수":0,
            "5km이내대형병원수":1,
            "500m이내공원수":2,
            "3km이내혐오시설수":0,
            "초등학교학업성취도":90.01,
            "중학교학업성취도":76.7,
            "학원가":1,
            "학원수":21,
            "용적률":243,
            "건폐율":23,
            "Y":36.688218,
            "X":126.840933,
            "rank":3.0,
            "area_info":"30평(102.39),32평(108.92),34평(115.28),42평(141.15),47평(156.51)",
            "sales_info":"1.75억 (2022-01-24),1.89억 (2021-12-30),2.205억 (2022-03-26),2.2억 (2022-03-07),2.4억 (2021-06-05)",
            "last_sales":"2022-03-26,22050.0,34평(115.28)",
            "maintenance":"173384.0,183234.0,183271.0,236462.0,269687.0",
            "price_per":"565,573,632,515,506",
            "room":"3,3,3,4,4",
            "bath":"2,2,2,2,2",
            "rank_history":[
                [
                    "202204",
                    3
                ],
                [
                    "202203",
                    4
                ],
                [
                    "202202",
                    4
                ],
                [
                    "202201",
                    4
                ]
            ],
            "rank_gap":1
        },
        {
            "index":21,
            "아파트명":"내포신도시이지더원3차",
            "매매타입":"분양권",
            "전용면적(m2)":"103.26",
            "전용면적(평)":"31평",
            "법정동주소":"충청남도 예산군 삽교읍 목리 832(내포신도시 RH4-1블록)",
            "도로명주소":"충청남도 예산군",
            "세대수":90,
            "입주년차":100,
            "용적률점수":"--",
            "건폐율점수":"--",
            "세대당주차수":60,
            "난방방식":100,
            "공급면적":"--",
            "전용률":"--",
            "욕실수":100,
            "현관타입":100,
            "주거총점":90.5,
            "지역구공급총점":0.0,
            "역세권":"NA",
            "30분내 이동가능 거점":"NA",
            "1시간내 이동가능 거점":"NA",
            "교통총점":"NA",
            "백화점":0,
            "아울렛몰":0,
            "대형마트":0,
            "은행":0,
            "병원":0,
            "종합병원":0,
            "공원":100,
            "혐오시설":0,
            "인프라총점":3.0,
            "초등학군":90.08,
            "중학군":37.44,
            "학군총점":47.968,
            "인구수":7.1,
            "인구증감":-5.47,
            "인구총점":3.329,
            "일자리":6.03,
            "소득수준":66.45,
            "일자리총점":24.156,
            "가치 총점":44.867,
            "매매실거래년":18000101.0,
            "매매실거래가":null,
            "평단가":"nan",
            "전세실거래년":null,
            "전세실거래가":null,
            "전세가율":null,
            "장기전세가율평균":"NA",
            "전세가율거품지수":"NA",
            "검색코드":143184,
            "세대수":954.0,
            "난방":"지역난방",
            "주차":"1,341 (세대당 1.41대)",
            "현관구조":"계단식",
            "관리비평균":null,
            "방수":3,
            "욕실개수":2,
            "준공년월":"2024-03-01",
            "준공년차":-2.0,
            "가까운역이름":"NA",
            "가까운역거리":"NA",
            "역세권여부":"NA",
            "30분이내주요거점역":"NA",
            "30분거점역이름":"NA",
            "1시간이내주요거점역":"NA",
            "1시간거점역이름":"NA",
            "3km이내백화점수":0,
            "5km이내아울렛몰수":0,
            "1km이내대형먀트수":0,
            "500m이내은행수":0,
            "500m이내병원수":0,
            "5km이내대형병원수":0,
            "500m이내공원수":2,
            "3km이내혐오시설수":0,
            "초등학교학업성취도":90.08,
            "중학교학업성취도":62.4,
            "학원가":0,
            "학원수":0,
            "용적률":209,
            "건폐율":18,
            "Y":36.667427,
            "X":126.679422,
            "rank":4.0,
            "area_info":"31평(103.26),36평(119.93),36평(119.99),36평(119.75)",
            "sales_info":"거래 정보 없음,거래 정보 없음,거래 정보 없음,거래 정보 없음",
            "last_sales":"1800-01-01,nan,36평(119.75)",
            "maintenance":"nan,nan,nan,nan",
            "price_per":"nan,nan,nan,nan",
            "room":"3,3,3,3",
            "bath":"2,2,2,2",
            "rank_history":[
                [
                    "202204",
                    4
                ],
                [
                    "202203",
                    9999
                ]
            ],
            "rank_gap":9999
        },
        {
            "index":25,
            "아파트명":"내포신도시중흥S-클래스더시티",
            "매매타입":"분양권",
            "전용면적(m2)":"81.88",
            "전용면적(평)":"24평",
            "법정동주소":"충청남도 예산군 삽교읍 목리 목리 884(내포신도시 RH-3블록)",
            "도로명주소":"충청남도 예산군",
            "세대수":90,
            "입주년차":100,
            "용적률점수":"--",
            "건폐율점수":"--",
            "세대당주차수":60,
            "난방방식":100,
            "공급면적":"--",
            "전용률":"--",
            "욕실수":100,
            "현관타입":100,
            "주거총점":90.5,
            "지역구공급총점":0.0,
            "역세권":"NA",
            "30분내 이동가능 거점":"NA",
            "1시간내 이동가능 거점":"NA",
            "교통총점":"NA",
            "백화점":0,
            "아울렛몰":0,
            "대형마트":0,
            "은행":0,
            "병원":0,
            "종합병원":0,
            "공원":100,
            "혐오시설":0,
            "인프라총점":3.0,
            "초등학군":90.08,
            "중학군":37.44,
            "학군총점":47.968,
            "인구수":7.1,
            "인구증감":-5.47,
            "인구총점":3.329,
            "일자리":6.03,
            "소득수준":66.45,
            "일자리총점":24.156,
            "가치 총점":44.867,
            "매매실거래년":18000101.0,
            "매매실거래가":null,
            "평단가":"nan",
            "전세실거래년":null,
            "전세실거래가":null,
            "전세가율":null,
            "장기전세가율평균":"NA",
            "전세가율거품지수":"NA",
            "검색코드":144479,
            "세대수":1120.0,
            "난방":"지역난방",
            "주차":"1,475 (세대당 1.32대)",
            "현관구조":"계단식",
            "관리비평균":null,
            "방수":3,
            "욕실개수":2,
            "준공년월":"2024-10-01",
            "준공년차":-2.0,
            "가까운역이름":"NA",
            "가까운역거리":"NA",
            "역세권여부":"NA",
            "30분이내주요거점역":"NA",
            "30분거점역이름":"NA",
            "1시간이내주요거점역":"NA",
            "1시간거점역이름":"NA",
            "3km이내백화점수":0,
            "5km이내아울렛몰수":0,
            "1km이내대형먀트수":0,
            "500m이내은행수":0,
            "500m이내병원수":0,
            "5km이내대형병원수":0,
            "500m이내공원수":3,
            "3km이내혐오시설수":0,
            "초등학교학업성취도":90.08,
            "중학교학업성취도":62.4,
            "학원가":0,
            "학원수":0,
            "용적률":0,
            "건폐율":0,
            "Y":36.66662,
            "X":126.676322,
            "rank":4.0,
            "area_info":"24평(81.88),30평(99.69),34평(114.5)",
            "sales_info":"거래 정보 없음,거래 정보 없음,거래 정보 없음",
            "last_sales":"1800-01-01,nan,34평(114.5)",
            "maintenance":"nan,nan,nan",
            "price_per":"nan,nan,nan",
            "room":"3,3,3",
            "bath":"2,2,2",
            "rank_history":[
                [
                    "202204",
                    4
                ],
                [
                    "202203",
                    9999
                ]
            ],
            "rank_gap":9999
        },
        {
            "index":11,
            "아파트명":"내포신도시 EG the1 2차(RM7-2블럭)",
            "매매타입":"분양권",
            "전용면적(m2)":"92.81",
            "전용면적(평)":"28평",
            "법정동주소":"충청남도 예산군 삽교읍 목리 894-1",
            "도로명주소":"충청남도 예산군 수암천로 11",
            "세대수":80,
            "입주년차":100,
            "용적률점수":"--",
            "건폐율점수":"--",
            "세대당주차수":60,
            "난방방식":100,
            "공급면적":"--",
            "전용률":"--",
            "욕실수":100,
            "현관타입":100,
            "주거총점":87.0,
            "지역구공급총점":0.0,
            "역세권":"NA",
            "30분내 이동가능 거점":"NA",
            "1시간내 이동가능 거점":"NA",
            "교통총점":"NA",
            "백화점":0,
            "아울렛몰":0,
            "대형마트":0,
            "은행":0,
            "병원":0,
            "종합병원":0,
            "공원":100,
            "혐오시설":0,
            "인프라총점":3.0,
            "초등학군":90.08,
            "중학군":37.44,
            "학군총점":47.968,
            "인구수":7.1,
            "인구증감":-5.47,
            "인구총점":3.329,
            "일자리":6.03,
            "소득수준":66.45,
            "일자리총점":24.156,
            "가치 총점":43.642,
            "매매실거래년":20220404.0,
            "매매실거래가":31552.0,
            "평단가":928,
            "전세실거래년":null,
            "전세실거래가":null,
            "전세가율":null,
            "장기전세가율평균":"NA",
            "전세가율거품지수":"NA",
            "검색코드":114966,
            "세대수":817.0,
            "난방":"지역난방",
            "주차":"1,100 (세대당 1.35대)",
            "현관구조":"계단식",
            "관리비평균":null,
            "방수":3,
            "욕실개수":2,
            "준공년월":"2022-09-01",
            "준공년차":0.0,
            "가까운역이름":"NA",
            "가까운역거리":"NA",
            "역세권여부":"NA",
            "30분이내주요거점역":"NA",
            "30분거점역이름":"NA",
            "1시간이내주요거점역":"NA",
            "1시간거점역이름":"NA",
            "3km이내백화점수":0,
            "5km이내아울렛몰수":0,
            "1km이내대형먀트수":0,
            "500m이내은행수":0,
            "500m이내병원수":0,
            "5km이내대형병원수":0,
            "500m이내공원수":2,
            "3km이내혐오시설수":0,
            "초등학교학업성취도":90.08,
            "중학교학업성취도":62.4,
            "학원가":0,
            "학원수":0,
            "용적률":0,
            "건폐율":0,
            "Y":36.664993,
            "X":126.670223,
            "rank":5.0,
            "area_info":"28평(92.81),35평(115.8),35평(116.1)",
            "sales_info":"2.6081억 (2022-03-31),3.1841억 (2022-04-04),3.1552억 (2022-04-04)",
            "last_sales":"2022-04-04,31552.0,35평(116.1)",
            "maintenance":"nan,nan,nan",
            "price_per":"928,908,898",
            "room":"3,3,3",
            "bath":"2,2,2",
            "rank_history":[
                [
                    "202204",
                    5
                ],
                [
                    "202203",
                    9999
                ]
            ],
            "rank_gap":9999
        },
        {
            "index":18,
            "아파트명":"내포신도시이지더원",
            "매매타입":"아파트",
            "전용면적(m2)":"98.16",
            "전용면적(평)":"29평",
            "법정동주소":"충청남도 예산군 삽교읍 목리 894-1",
            "도로명주소":"충청남도 예산군 수암천로 11",
            "세대수":80,
            "입주년차":80,
            "용적률점수":"--",
            "건폐율점수":"--",
            "세대당주차수":60,
            "난방방식":100,
            "공급면적":"--",
            "전용률":"--",
            "욕실수":100,
            "현관타입":100,
            "주거총점":83.0,
            "지역구공급총점":0.0,
            "역세권":"NA",
            "30분내 이동가능 거점":"NA",
            "1시간내 이동가능 거점":"NA",
            "교통총점":"NA",
            "백화점":0,
            "아울렛몰":0,
            "대형마트":0,
            "은행":0,
            "병원":0,
            "종합병원":0,
            "공원":100,
            "혐오시설":0,
            "인프라총점":3.0,
            "초등학군":90.08,
            "중학군":37.44,
            "학군총점":47.968,
            "인구수":7.1,
            "인구증감":-5.47,
            "인구총점":3.329,
            "일자리":6.03,
            "소득수준":66.45,
            "일자리총점":24.156,
            "가치 총점":42.242,
            "매매실거래년":20220407.0,
            "매매실거래가":25000.0,
            "평단가":841,
            "전세실거래년":20220303.0,
            "전세실거래가":27000.0,
            "전세가율":108.0,
            "장기전세가율평균":"NA",
            "전세가율거품지수":"NA",
            "검색코드":113466,
            "세대수":892.0,
            "난방":"지역난방",
            "주차":"1,180 (세대당 1.32대)",
            "현관구조":"계단식",
            "관리비평균":176714.0,
            "방수":3,
            "욕실개수":2,
            "준공년월":"2017-12-01",
            "준공년차":5.0,
            "가까운역이름":"NA",
            "가까운역거리":"NA",
            "역세권여부":"NA",
            "30분이내주요거점역":"NA",
            "30분거점역이름":"NA",
            "1시간이내주요거점역":"NA",
            "1시간거점역이름":"NA",
            "3km이내백화점수":0,
            "5km이내아울렛몰수":0,
            "1km이내대형먀트수":0,
            "500m이내은행수":0,
            "500m이내병원수":0,
            "5km이내대형병원수":0,
            "500m이내공원수":3,
            "3km이내혐오시설수":0,
            "초등학교학업성취도":90.08,
            "중학교학업성취도":62.4,
            "학원가":0,
            "학원수":0,
            "용적률":174,
            "건폐율":18,
            "Y":36.662902,
            "X":126.670745,
            "rank":6.0,
            "area_info":"29평(98.16),30평(102.11),34평(112.83)",
            "sales_info":"2.5억 (2022-04-07),2.95억 (2022-03-14),3.75억 (2021-12-26)",
            "last_sales":"2022-04-07,25000.0,29평(98.16)",
            "maintenance":"176714.0,186410.0,205512.0",
            "price_per":"841,955,1098",
            "room":"3,3,3",
            "bath":"2,2,2",
            "rank_history":[
                [
                    "202204",
                    6
                ],
                [
                    "202203",
                    5
                ],
                [
                    "202202",
                    5
                ],
                [
                    "202201",
                    5
                ]
            ],
            "rank_gap":-1
        },
        {
            "index":28,
            "아파트명":"충남내포신도시1차대방엘리움더퍼스티지",
            "매매타입":"분양권",
            "전용면적(m2)":"80.98",
            "전용면적(평)":"24평",
            "법정동주소":"충청남도 예산군 삽교읍 목리 1275번지(RM9블럭)",
            "도로명주소":"충청남도 예산군",
            "세대수":80,
            "입주년차":100,
            "용적률점수":"--",
            "건폐율점수":"--",
            "세대당주차수":30,
            "난방방식":100,
            "공급면적":"--",
            "전용률":"--",
            "욕실수":100,
            "현관타입":100,
            "주거총점":82.5,
            "지역구공급총점":0.0,
            "역세권":"NA",
            "30분내 이동가능 거점":"NA",
            "1시간내 이동가능 거점":"NA",
            "교통총점":"NA",
            "백화점":0,
            "아울렛몰":0,
            "대형마트":0,
            "은행":0,
            "병원":0,
            "종합병원":0,
            "공원":100,
            "혐오시설":0,
            "인프라총점":3.0,
            "초등학군":90.08,
            "중학군":37.44,
            "학군총점":47.968,
            "인구수":7.1,
            "인구증감":-5.47,
            "인구총점":3.329,
            "일자리":6.03,
            "소득수준":66.45,
            "일자리총점":24.156,
            "가치 총점":42.067,
            "매매실거래년":18000101.0,
            "매매실거래가":null,
            "평단가":"nan",
            "전세실거래년":null,
            "전세실거래가":null,
            "전세가율":null,
            "장기전세가율평균":"NA",
            "전세가율거품지수":"NA",
            "검색코드":135651,
            "세대수":868.0,
            "난방":"지역난방",
            "주차":"1,090 (세대당 1.26대)",
            "현관구조":"계단식",
            "관리비평균":null,
            "방수":3,
            "욕실개수":2,
            "준공년월":"2023-01-01",
            "준공년차":-1.0,
            "가까운역이름":"NA",
            "가까운역거리":"NA",
            "역세권여부":"NA",
            "30분이내주요거점역":"NA",
            "30분거점역이름":"NA",
            "1시간이내주요거점역":"NA",
            "1시간거점역이름":"NA",
            "3km이내백화점수":0,
            "5km이내아울렛몰수":0,
            "1km이내대형먀트수":0,
            "500m이내은행수":0,
            "500m이내병원수":0,
            "5km이내대형병원수":0,
            "500m이내공원수":4,
            "3km이내혐오시설수":0,
            "초등학교학업성취도":90.08,
            "중학교학업성취도":62.4,
            "학원가":0,
            "학원수":0,
            "용적률":0,
            "건폐율":0,
            "Y":36.6688,
            "X":126.684145,
            "rank":7.0,
            "area_info":"24평(80.98),24평(81.11),30평(101.65),30평(101.06),30평(102.47),34평(112.41),34평(113.76),34평(113.03)",
            "sales_info":"거래 정보 없음,거래 정보 없음,거래 정보 없음,거래 정보 없음,거래 정보 없음,거래 정보 없음,거래 정보 없음,거래 정보 없음",
            "last_sales":"1800-01-01,nan,34평(113.03)",
            "maintenance":"nan,nan,nan,nan,nan,nan,nan,nan",
            "price_per":"nan,nan,nan,nan,nan,nan,nan,nan",
            "room":"3,3,3,3,3,3,3,3",
            "bath":"2,2,2,2,2,2,2,2",
            "rank_history":[
                [
                    "202204",
                    7
                ],
                [
                    "202203",
                    9999
                ]
            ],
            "rank_gap":9999
        },
        {
            "index":91,
            "아파트명":"예산이에스아뜨리움",
            "매매타입":"아파트",
            "전용면적(m2)":"86.86",
            "전용면적(평)":"26평",
            "법정동주소":"충청남도 예산군 예산읍 산성리 129-20",
            "도로명주소":"충청남도 예산군 벚꽃로 82",
            "세대수":0,
            "입주년차":80,
            "용적률점수":"--",
            "건폐율점수":"--",
            "세대당주차수":30,
            "난방방식":30,
            "공급면적":"--",
            "전용률":"--",
            "욕실수":100,
            "현관타입":100,
            "주거총점":43.5,
            "지역구공급총점":0.0,
            "역세권":"NA",
            "30분내 이동가능 거점":"NA",
            "1시간내 이동가능 거점":"NA",
            "교통총점":"NA",
            "백화점":0,
            "아울렛몰":0,
            "대형마트":100,
            "은행":0,
            "병원":10,
            "종합병원":80,
            "공원":100,
            "혐오시설":0,
            "인프라총점":35.0,
            "초등학군":90.01,
            "중학군":37.8,
            "학군총점":48.242,
            "인구수":7.1,
            "인구증감":-5.47,
            "인구총점":3.329,
            "일자리":6.03,
            "소득수준":66.45,
            "일자리총점":24.156,
            "가치 총점":41.2855,
            "매매실거래년":20220413.0,
            "매매실거래가":16000.0,
            "평단가":608,
            "전세실거래년":20200701.0,
            "전세실거래가":12000.0,
            "전세가율":75.0,
            "장기전세가율평균":"NA",
            "전세가율거품지수":"NA",
            "검색코드":109376,
            "세대수":174.0,
            "난방":"개별난방",
            "주차":"179 (세대당 1.03대)",
            "현관구조":"계단식",
            "관리비평균":179515.0,
            "방수":3,
            "욕실개수":2,
            "준공년월":"2015-02-04",
            "준공년차":7.0,
            "가까운역이름":"NA",
            "가까운역거리":"NA",
            "역세권여부":"NA",
            "30분이내주요거점역":"NA",
            "30분거점역이름":"NA",
            "1시간이내주요거점역":"NA",
            "1시간거점역이름":"NA",
            "3km이내백화점수":0,
            "5km이내아울렛몰수":0,
            "1km이내대형먀트수":2,
            "500m이내은행수":1,
            "500m이내병원수":4,
            "5km이내대형병원수":1,
            "500m이내공원수":4,
            "3km이내혐오시설수":0,
            "초등학교학업성취도":90.01,
            "중학교학업성취도":63.0,
            "학원가":1,
            "학원수":21,
            "용적률":220,
            "건폐율":19,
            "Y":36.688076,
            "X":126.836526,
            "rank":8.0,
            "area_info":"26평(86.86),28평(94.78)",
            "sales_info":"1.6억 (2022-04-13),1.57억 (2022-01-19)",
            "last_sales":"2022-04-13,16000.0,26평(86.86)",
            "maintenance":"179515.0,195798.0",
            "price_per":"608,547",
            "room":"3,3",
            "bath":"2,2",
            "rank_history":[
                [
                    "202204",
                    8
                ],
                [
                    "202203",
                    6
                ],
                [
                    "202202",
                    6
                ],
                [
                    "202201",
                    6
                ]
            ],
            "rank_gap":-2
        },
        {
            "index":51,
            "아파트명":"서오백송(예산한신)",
            "매매타입":"아파트",
            "전용면적(m2)":"75.44",
            "전용면적(평)":"22평",
            "법정동주소":"충청남도 예산군 예산읍 산성리 710",
            "도로명주소":"충청남도 예산군 역전로160번길 16",
            "세대수":50,
            "입주년차":0,
            "용적률점수":"--",
            "건폐율점수":"--",
            "세대당주차수":0,
            "난방방식":30,
            "공급면적":"--",
            "전용률":"--",
            "욕실수":50,
            "현관타입":100,
            "주거총점":35.5,
            "지역구공급총점":0.0,
            "역세권":"NA",
            "30분내 이동가능 거점":"NA",
            "1시간내 이동가능 거점":"NA",
            "교통총점":"NA",
            "백화점":0,
            "아울렛몰":0,
            "대형마트":80,
            "은행":0,
            "병원":30,
            "종합병원":80,
            "공원":100,
            "혐오시설":0,
            "인프라총점":34.0,
            "초등학군":90.01,
            "중학군":46.34,
            "학군총점":55.074,
            "인구수":7.1,
            "인구증감":-5.47,
            "인구총점":3.329,
            "일자리":6.03,
            "소득수준":66.45,
            "일자리총점":24.156,
            "가치 총점":39.7935,
            "매매실거래년":20220329.0,
            "매매실거래가":15000.0,
            "평단가":416,
            "전세실거래년":20220203.0,
            "전세실거래가":8000.0,
            "전세가율":84.21,
            "장기전세가율평균":"NA",
            "전세가율거품지수":"NA",
            "검색코드":7256,
            "세대수":496.0,
            "난방":"개별난방",
            "주차":"266 (세대당 0.54대)",
            "현관구조":"계단식",
            "관리비평균":164265.0,
            "방수":3,
            "욕실개수":1,
            "준공년월":"1996-06-01",
            "준공년차":26.0,
            "가까운역이름":"NA",
            "가까운역거리":"NA",
            "역세권여부":"NA",
            "30분이내주요거점역":"NA",
            "30분거점역이름":"NA",
            "1시간이내주요거점역":"NA",
            "1시간거점역이름":"NA",
            "3km이내백화점수":0,
            "5km이내아울렛몰수":0,
            "1km이내대형먀트수":1,
            "500m이내은행수":0,
            "500m이내병원수":9,
            "5km이내대형병원수":1,
            "500m이내공원수":5,
            "3km이내혐오시설수":0,
            "초등학교학업성취도":90.01,
            "중학교학업성취도":76.7,
            "학원가":1,
            "학원수":21,
            "용적률":300,
            "건폐율":26,
            "Y":36.693097,
            "X":126.832165,
            "rank":9.0,
            "area_info":"22평(75.44),22평(75.49),28평(93.17),31평(104.44),41평(136.01)",
            "sales_info":"0.95억 (2022-03-05),거래 정보 없음,1.2억 (2021-10-28),1.5억 (2022-03-29),1.55억 (2021-10-11)",
            "last_sales":"2022-03-29,15000.0,31평(104.44)",
            "maintenance":"164265.0,164375.0,203432.0,232889.0,315460.0",
            "price_per":"416,nan,425,474,376",
            "room":"3,3,3,3,4",
            "bath":"1,2,1,2,2",
            "rank_history":[
                [
                    "202204",
                    9
                ],
                [
                    "202203",
                    7
                ],
                [
                    "202202",
                    7
                ],
                [
                    "202201",
                    7
                ]
            ],
            "rank_gap":-2
        },
        {
            "index":81,
            "아파트명":"예산실리안",
            "매매타입":"아파트",
            "전용면적(m2)":"93.3",
            "전용면적(평)":"28평",
            "법정동주소":"충청남도 예산군 예산읍 신례원리 641",
            "도로명주소":"충청남도 예산군 신례원로 176",
            "세대수":0,
            "입주년차":80,
            "용적률점수":"--",
            "건폐율점수":"--",
            "세대당주차수":60,
            "난방방식":30,
            "공급면적":"--",
            "전용률":"--",
            "욕실수":100,
            "현관타입":100,
            "주거총점":48.0,
            "지역구공급총점":0.0,
            "역세권":"NA",
            "30분내 이동가능 거점":"NA",
            "1시간내 이동가능 거점":"NA",
            "교통총점":"NA",
            "백화점":0,
            "아울렛몰":0,
            "대형마트":0,
            "은행":0,
            "병원":10,
            "종합병원":80,
            "공원":80,
            "혐오시설":0,
            "인프라총점":19.4,
            "초등학군":89.92,
            "중학군":46.34,
            "학군총점":55.056,
            "인구수":7.1,
            "인구증감":-5.47,
            "인구총점":3.329,
            "일자리":6.03,
            "소득수준":66.45,
            "일자리총점":24.156,
            "가치 총점":38.324,
            "매매실거래년":20210929.0,
            "매매실거래가":15500.0,
            "평단가":549,
            "전세실거래년":20220224.0,
            "전세실거래가":12600.0,
            "전세가율":81.29,
            "장기전세가율평균":"NA",
            "전세가율거품지수":"NA",
            "검색코드":115959,
            "세대수":174.0,
            "난방":"개별난방",
            "주차":"245 (세대당 1.41대)",
            "현관구조":"계단식",
            "관리비평균":null,
            "방수":3,
            "욕실개수":2,
            "준공년월":"2017-10-31",
            "준공년차":5.0,
            "가까운역이름":"NA",
            "가까운역거리":"NA",
            "역세권여부":"NA",
            "30분이내주요거점역":"NA",
            "30분거점역이름":"NA",
            "1시간이내주요거점역":"NA",
            "1시간거점역이름":"NA",
            "3km이내백화점수":0,
            "5km이내아울렛몰수":0,
            "1km이내대형먀트수":0,
            "500m이내은행수":0,
            "500m이내병원수":3,
            "5km이내대형병원수":1,
            "500m이내공원수":1,
            "3km이내혐오시설수":0,
            "초등학교학업성취도":89.92,
            "중학교학업성취도":76.7,
            "학원가":0,
            "학원수":0,
            "용적률":105,
            "건폐율":14,
            "Y":36.724859,
            "X":126.843443,
            "rank":10.0,
            "area_info":"28평(93.3),31평(104.34),32평(106.04),34평(114.89)",
            "sales_info":"1.55억 (2021-09-29),거래 정보 없음,거래 정보 없음,거래 정보 없음",
            "last_sales":"2021-09-29,15500.0,28평(93.3)",
            "maintenance":"nan,nan,nan,nan",
            "price_per":"549,nan,nan,nan",
            "room":"3,3,3,3",
            "bath":"2,2,2,2",
            "rank_history":[
                [
                    "202204",
                    10
                ],
                [
                    "202203",
                    8
                ],
                [
                    "202202",
                    8
                ],
                [
                    "202201",
                    9
                ]
            ],
            "rank_gap":-2
        },
        {
            "index":39,
            "아파트명":"까치유익",
            "매매타입":"아파트",
            "전용면적(m2)":"78.47",
            "전용면적(평)":"23평",
            "법정동주소":"충청남도 예산군 예산읍 주교리 179-1",
            "도로명주소":"충청남도 예산군 아리랑로 43",
            "세대수":30,
            "입주년차":20,
            "용적률점수":"--",
            "건폐율점수":"--",
            "세대당주차수":0,
            "난방방식":30,
            "공급면적":"--",
            "전용률":"--",
            "욕실수":50,
            "현관타입":100,
            "주거총점":32.5,
            "지역구공급총점":0.0,
            "역세권":"NA",
            "30분내 이동가능 거점":"NA",
            "1시간내 이동가능 거점":"NA",
            "교통총점":"NA",
            "백화점":0,
            "아울렛몰":0,
            "대형마트":100,
            "은행":0,
            "병원":30,
            "종합병원":80,
            "공원":100,
            "혐오시설":0,
            "인프라총점":37.0,
            "초등학군":90.01,
            "중학군":37.8,
            "학군총점":48.242,
            "인구수":7.1,
            "인구증감":-5.47,
            "인구총점":3.329,
            "일자리":6.03,
            "소득수준":66.45,
            "일자리총점":24.156,
            "가치 총점":38.2355,
            "매매실거래년":18000101.0,
            "매매실거래가":null,
            "평단가":"nan",
            "전세실거래년":null,
            "전세실거래가":null,
            "전세가율":null,
            "장기전세가율평균":"NA",
            "전세가율거품지수":"NA",
            "검색코드":13532,
            "세대수":344.0,
            "난방":"개별난방",
            "주차":"241 (세대당 0.7대)",
            "현관구조":"계단식",
            "관리비평균":null,
            "방수":3,
            "욕실개수":1,
            "준공년월":"2001-10-05",
            "준공년차":21.0,
            "가까운역이름":"NA",
            "가까운역거리":"NA",
            "역세권여부":"NA",
            "30분이내주요거점역":"NA",
            "30분거점역이름":"NA",
            "1시간이내주요거점역":"NA",
            "1시간거점역이름":"NA",
            "3km이내백화점수":0,
            "5km이내아울렛몰수":0,
            "1km이내대형먀트수":2,
            "500m이내은행수":1,
            "500m이내병원수":5,
            "5km이내대형병원수":1,
            "500m이내공원수":2,
            "3km이내혐오시설수":0,
            "초등학교학업성취도":90.01,
            "중학교학업성취도":63.0,
            "학원가":1,
            "학원수":21,
            "용적률":0,
            "건폐율":0,
            "Y":36.68673,
            "X":126.83461,
            "rank":11.0,
            "area_info":"23평(78.47),32평(106.48),41평(138.45)",
            "sales_info":"거래 정보 없음,거래 정보 없음,거래 정보 없음",
            "last_sales":"1800-01-01,nan,41평(138.45)",
            "maintenance":"nan,nan,nan",
            "price_per":"nan,nan,nan",
            "room":"3,3,3",
            "bath":"1,2,2",
            "rank_history":[
                [
                    "202204",
                    11
                ],
                [
                    "202203",
                    9
                ],
                [
                    "202202",
                    9
                ],
                [
                    "202201",
                    8
                ]
            ],
            "rank_gap":-2
        },
        {
            "index":63,
            "아파트명":"신례원현대",
            "매매타입":"아파트",
            "전용면적(m2)":"79.86",
            "전용면적(평)":"24평",
            "법정동주소":"충청남도 예산군 예산읍 신례원리 582",
            "도로명주소":"충청남도 예산군 창신로 55",
            "세대수":50,
            "입주년차":0,
            "용적률점수":"--",
            "건폐율점수":"--",
            "세대당주차수":60,
            "난방방식":30,
            "공급면적":"--",
            "전용률":"--",
            "욕실수":50,
            "현관타입":100,
            "주거총점":44.5,
            "지역구공급총점":0.0,
            "역세권":"NA",
            "30분내 이동가능 거점":"NA",
            "1시간내 이동가능 거점":"NA",
            "교통총점":"NA",
            "백화점":0,
            "아울렛몰":0,
            "대형마트":0,
            "은행":0,
            "병원":0,
            "종합병원":80,
            "공원":100,
            "혐오시설":0,
            "인프라총점":19.0,
            "초등학군":89.92,
            "중학군":46.34,
            "학군총점":55.056,
            "인구수":7.1,
            "인구증감":-5.47,
            "인구총점":3.329,
            "일자리":6.03,
            "소득수준":66.45,
            "일자리총점":24.156,
            "가치 총점":36.939,
            "매매실거래년":20220322.0,
            "매매실거래가":6500.0,
            "평단가":289,
            "전세실거래년":20180104.0,
            "전세실거래가":3000.0,
            "전세가율":42.86,
            "장기전세가율평균":"NA",
            "전세가율거품지수":"NA",
            "검색코드":7261,
            "세대수":496.0,
            "난방":"개별난방",
            "주차":"678 (세대당 1.37대)",
            "현관구조":"계단식",
            "관리비평균":135182.0,
            "방수":3,
            "욕실개수":1,
            "준공년월":"1994-09-23",
            "준공년차":28.0,
            "가까운역이름":"NA",
            "가까운역거리":"NA",
            "역세권여부":"NA",
            "30분이내주요거점역":"NA",
            "30분거점역이름":"NA",
            "1시간이내주요거점역":"NA",
            "1시간거점역이름":"NA",
            "3km이내백화점수":0,
            "5km이내아울렛몰수":0,
            "1km이내대형먀트수":0,
            "500m이내은행수":0,
            "500m이내병원수":0,
            "5km이내대형병원수":1,
            "500m이내공원수":2,
            "3km이내혐오시설수":0,
            "초등학교학업성취도":89.92,
            "중학교학업성취도":76.7,
            "학원가":0,
            "학원수":0,
            "용적률":0,
            "건폐율":0,
            "Y":36.72289,
            "X":126.83857,
            "rank":12.0,
            "area_info":"24평(79.86),25평(82.83),28평(92.65),32평(106.36)",
            "sales_info":"0.7억 (2022-02-11),0.65억 (2022-03-22),0.9억 (2021-12-29),0.8억 (2021-07-27)",
            "last_sales":"2022-03-22,6500.0,25평(82.83)",
            "maintenance":"135182.0,134889.0,169654.0,191358.0",
            "price_per":"289,259,321,248",
            "room":"3,3,3,3",
            "bath":"1,1,1,2",
            "rank_history":[
                [
                    "202204",
                    12
                ],
                [
                    "202203",
                    11
                ],
                [
                    "202202",
                    11
                ],
                [
                    "202201",
                    11
                ]
            ],
            "rank_gap":-1
        },
        {
            "index":56,
            "아파트명":"석탑",
            "매매타입":"아파트",
            "전용면적(m2)":"54.38",
            "전용면적(평)":"16평",
            "법정동주소":"충청남도 예산군 예산읍 주교리 179-1",
            "도로명주소":"충청남도 예산군 아리랑로 43",
            "세대수":30,
            "입주년차":0,
            "용적률점수":"--",
            "건폐율점수":"--",
            "세대당주차수":60,
            "난방방식":30,
            "공급면적":"--",
            "전용률":"--",
            "욕실수":50,
            "현관타입":10,
            "주거총점":28.5,
            "지역구공급총점":0.0,
            "역세권":"NA",
            "30분내 이동가능 거점":"NA",
            "1시간내 이동가능 거점":"NA",
            "교통총점":"NA",
            "백화점":0,
            "아울렛몰":0,
            "대형마트":100,
            "은행":0,
            "병원":30,
            "종합병원":80,
            "공원":100,
            "혐오시설":0,
            "인프라총점":37.0,
            "초등학군":90.01,
            "중학군":37.8,
            "학군총점":48.242,
            "인구수":7.1,
            "인구증감":-5.47,
            "인구총점":3.329,
            "일자리":6.03,
            "소득수준":66.45,
            "일자리총점":24.156,
            "가치 총점":36.8355,
            "매매실거래년":20220408.0,
            "매매실거래가":15000.0,
            "평단가":303,
            "전세실거래년":20200729.0,
            "전세실거래가":4000.0,
            "전세가율":80.0,
            "장기전세가율평균":"NA",
            "전세가율거품지수":"NA",
            "검색코드":7250,
            "세대수":377.0,
            "난방":"개별난방",
            "주차":"531 (세대당 1.41대)",
            "현관구조":"복도식",
            "관리비평균":null,
            "방수":1,
            "욕실개수":1,
            "준공년월":"1997-10-01",
            "준공년차":25.0,
            "가까운역이름":"NA",
            "가까운역거리":"NA",
            "역세권여부":"NA",
            "30분이내주요거점역":"NA",
            "30분거점역이름":"NA",
            "1시간이내주요거점역":"NA",
            "1시간거점역이름":"NA",
            "3km이내백화점수":0,
            "5km이내아울렛몰수":0,
            "1km이내대형먀트수":2,
            "500m이내은행수":1,
            "500m이내병원수":6,
            "5km이내대형병원수":1,
            "500m이내공원수":2,
            "3km이내혐오시설수":0,
            "초등학교학업성취도":90.01,
            "중학교학업성취도":63.0,
            "학원가":1,
            "학원수":21,
            "용적률":0,
            "건폐율":0,
            "Y":36.686715,
            "X":126.83375,
            "rank":13.0,
            "area_info":"16평(54.38),23평(78.47),32평(106.48),41평(138.45)",
            "sales_info":"0.5억 (2022-02-15),1.0억 (2022-03-10),1.5억 (2022-04-08),1.52억 (2021-12-09)",
            "last_sales":"2022-04-08,15000.0,32평(106.48)",
            "maintenance":"nan,nan,nan,nan",
            "price_per":"303,421,465,362",
            "room":"1,2,3,4",
            "bath":"1,1,2,2",
            "rank_history":[
                [
                    "202204",
                    13
                ],
                [
                    "202203",
                    10
                ],
                [
                    "202202",
                    10
                ],
                [
                    "202201",
                    10
                ]
            ],
            "rank_gap":-3
        },
        {
            "index":97,
            "아파트명":"주공",
            "매매타입":"아파트",
            "전용면적(m2)":"65.03",
            "전용면적(평)":"19평",
            "법정동주소":"충청남도 예산군 예산읍 산성리 103-1",
            "도로명주소":"충청남도 예산군 아리랑로 77-6",
            "세대수":50,
            "입주년차":20,
            "용적률점수":"--",
            "건폐율점수":"--",
            "세대당주차수":0,
            "난방방식":30,
            "공급면적":"--",
            "전용률":"--",
            "욕실수":50,
            "현관타입":10,
            "주거총점":30.5,
            "지역구공급총점":0.0,
            "역세권":"NA",
            "30분내 이동가능 거점":"NA",
            "1시간내 이동가능 거점":"NA",
            "교통총점":"NA",
            "백화점":0,
            "아울렛몰":0,
            "대형마트":100,
            "은행":0,
            "병원":0,
            "종합병원":80,
            "공원":100,
            "혐오시설":0,
            "인프라총점":34.0,
            "초등학군":90.01,
            "중학군":37.8,
            "학군총점":48.242,
            "인구수":7.1,
            "인구증감":-5.47,
            "인구총점":3.329,
            "일자리":6.03,
            "소득수준":66.45,
            "일자리총점":24.156,
            "가치 총점":36.3355,
            "매매실거래년":20220413.0,
            "매매실거래가":11600.0,
            "평단가":381,
            "전세실거래년":20210515.0,
            "전세실거래가":5000.0,
            "전세가율":66.67,
            "장기전세가율평균":"NA",
            "전세가율거품지수":"NA",
            "검색코드":17197,
            "세대수":448.0,
            "난방":"개별난방",
            "주차":"324 (세대당 0.72대)",
            "현관구조":"복도식",
            "관리비평균":128762.0,
            "방수":2,
            "욕실개수":1,
            "준공년월":"2000-05-17",
            "준공년차":22.0,
            "가까운역이름":"NA",
            "가까운역거리":"NA",
            "역세권여부":"NA",
            "30분이내주요거점역":"NA",
            "30분거점역이름":"NA",
            "1시간이내주요거점역":"NA",
            "1시간거점역이름":"NA",
            "3km이내백화점수":0,
            "5km이내아울렛몰수":0,
            "1km이내대형먀트수":2,
            "500m이내은행수":0,
            "500m이내병원수":0,
            "5km이내대형병원수":1,
            "500m이내공원수":2,
            "3km이내혐오시설수":0,
            "초등학교학업성취도":90.01,
            "중학교학업성취도":63.0,
            "학원가":1,
            "학원수":21,
            "용적률":206,
            "건폐율":20,
            "Y":36.687557,
            "X":126.838783,
            "rank":14.0,
            "area_info":"19평(65.03),23평(76.07),23평(78.13),23평(78.07)",
            "sales_info":"0.75억 (2022-03-19),0.8억 (2018-08-08),1.16억 (2022-04-13),0.88억 (2021-06-23)",
            "last_sales":"2022-04-13,11600.0,23평(78.13)",
            "maintenance":"128762.0,149426.0,154695.0,154592.0",
            "price_per":"381,347,490,372",
            "room":"2,3,3,3",
            "bath":"1,1,1,1",
            "rank_history":[
                [
                    "202204",
                    14
                ],
                [
                    "202203",
                    13
                ],
                [
                    "202202",
                    13
                ],
                [
                    "202201",
                    13
                ]
            ],
            "rank_gap":-1
        },
        {
            "index":96,
            "아파트명":"유익",
            "매매타입":"아파트",
            "전용면적(m2)":"55.83",
            "전용면적(평)":"16평",
            "법정동주소":"충청남도 예산군 예산읍 산성리 324-1",
            "도로명주소":"충청남도 예산군 역전로126번길 24-10",
            "세대수":0,
            "입주년차":20,
            "용적률점수":"--",
            "건폐율점수":"--",
            "세대당주차수":0,
            "난방방식":30,
            "공급면적":"--",
            "전용률":"--",
            "욕실수":50,
            "현관타입":100,
            "주거총점":22.0,
            "지역구공급총점":0.0,
            "역세권":"NA",
            "30분내 이동가능 거점":"NA",
            "1시간내 이동가능 거점":"NA",
            "교통총점":"NA",
            "백화점":0,
            "아울렛몰":0,
            "대형마트":80,
            "은행":0,
            "병원":30,
            "종합병원":80,
            "공원":100,
            "혐오시설":0,
            "인프라총점":34.0,
            "초등학군":90.01,
            "중학군":46.34,
            "학군총점":55.074,
            "인구수":7.1,
            "인구증감":-5.47,
            "인구총점":3.329,
            "일자리":6.03,
            "소득수준":66.45,
            "일자리총점":24.156,
            "가치 총점":35.0685,
            "매매실거래년":20220412.0,
            "매매실거래가":4395.0,
            "평단가":260,
            "전세실거래년":20200923.0,
            "전세실거래가":4000.0,
            "전세가율":91.01,
            "장기전세가율평균":"NA",
            "전세가율거품지수":"NA",
            "검색코드":23954,
            "세대수":182.0,
            "난방":"개별난방",
            "주차":"54 (세대당 0.3대)",
            "현관구조":"계단식",
            "관리비평균":118094.0,
            "방수":2,
            "욕실개수":1,
            "준공년월":"1998-04-16",
            "준공년차":24.0,
            "가까운역이름":"NA",
            "가까운역거리":"NA",
            "역세권여부":"NA",
            "30분이내주요거점역":"NA",
            "30분거점역이름":"NA",
            "1시간이내주요거점역":"NA",
            "1시간거점역이름":"NA",
            "3km이내백화점수":0,
            "5km이내아울렛몰수":0,
            "1km이내대형먀트수":1,
            "500m이내은행수":1,
            "500m이내병원수":6,
            "5km이내대형병원수":1,
            "500m이내공원수":3,
            "3km이내혐오시설수":0,
            "초등학교학업성취도":90.01,
            "중학교학업성취도":76.7,
            "학원가":1,
            "학원수":21,
            "용적률":339,
            "건폐율":27,
            "Y":36.689255,
            "X":126.832704,
            "rank":15.0,
            "area_info":"16평(55.83)",
            "sales_info":"0.4395억 (2022-04-12)",
            "last_sales":"2022-04-12,4395.0,16평(55.83)",
            "maintenance":"118094.0",
            "price_per":"260",
            "room":"2",
            "bath":"1",
            "rank_history":[
                [
                    "202204",
                    15
                ],
                [
                    "202203",
                    15
                ],
                [
                    "202202",
                    15
                ],
                [
                    "202201",
                    15
                ]
            ],
            "rank_gap":0
        },
        {
            "index":16,
            "아파트명":"내포신도시도나우에듀파크(4BL,민간임대,주상복합)",
            "매매타입":"분양권",
            "전용면적(m2)":"95.67",
            "전용면적(평)":"28평",
            "법정동주소":"충청남도 예산군 삽교읍 목리 1271",
            "도로명주소":"충청남도 예산군",
            "세대수":30,
            "입주년차":100,
            "용적률점수":"--",
            "건폐율점수":"--",
            "세대당주차수":60,
            "난방방식":30,
            "공급면적":"--",
            "전용률":"--",
            "욕실수":100,
            "현관타입":100,
            "주거총점":62.5,
            "지역구공급총점":0.0,
            "역세권":"NA",
            "30분내 이동가능 거점":"NA",
            "1시간내 이동가능 거점":"NA",
            "교통총점":"NA",
            "백화점":0,
            "아울렛몰":0,
            "대형마트":0,
            "은행":0,
            "병원":0,
            "종합병원":0,
            "공원":100,
            "혐오시설":0,
            "인프라총점":3.0,
            "초등학군":90.08,
            "중학군":37.44,
            "학군총점":47.968,
            "인구수":7.1,
            "인구증감":-5.47,
            "인구총점":3.329,
            "일자리":6.03,
            "소득수준":66.45,
            "일자리총점":24.156,
            "가치 총점":35.067,
            "매매실거래년":18000101.0,
            "매매실거래가":null,
            "평단가":"nan",
            "전세실거래년":null,
            "전세실거래가":null,
            "전세가율":null,
            "장기전세가율평균":"NA",
            "전세가율거품지수":"NA",
            "검색코드":143422,
            "세대수":329.0,
            "난방":"개별난방",
            "주차":"587 (세대당 1.78대)",
            "현관구조":"계단식",
            "관리비평균":null,
            "방수":3,
            "욕실개수":2,
            "준공년월":"2022-07-01",
            "준공년차":0.0,
            "가까운역이름":"NA",
            "가까운역거리":"NA",
            "역세권여부":"NA",
            "30분이내주요거점역":"NA",
            "30분거점역이름":"NA",
            "1시간이내주요거점역":"NA",
            "1시간거점역이름":"NA",
            "3km이내백화점수":0,
            "5km이내아울렛몰수":0,
            "1km이내대형먀트수":0,
            "500m이내은행수":0,
            "500m이내병원수":0,
            "5km이내대형병원수":0,
            "500m이내공원수":5,
            "3km이내혐오시설수":0,
            "초등학교학업성취도":90.08,
            "중학교학업성취도":62.4,
            "학원가":0,
            "학원수":0,
            "용적률":116,
            "건폐율":27,
            "Y":36.667266,
            "X":126.685501,
            "rank":16.0,
            "area_info":"28평(95.67),31평(102.59)",
            "sales_info":"거래 정보 없음,거래 정보 없음",
            "last_sales":"1800-01-01,nan,31평(102.59)",
            "maintenance":"nan,nan",
            "price_per":"nan,nan",
            "room":"3,4",
            "bath":"2,2",
            "rank_history":[
                [
                    "202204",
                    16
                ],
                [
                    "202203",
                    9999
                ]
            ],
            "rank_gap":9999
        },
        {
            "index":42,
            "아파트명":"능금마을신성",
            "매매타입":"아파트",
            "전용면적(m2)":"75.69",
            "전용면적(평)":"22평",
            "법정동주소":"충청남도 예산군 예산읍 예산리 12",
            "도로명주소":"충청남도 예산군 아리랑로144번길 19",
            "세대수":30,
            "입주년차":0,
            "용적률점수":"--",
            "건폐율점수":"--",
            "세대당주차수":0,
            "난방방식":30,
            "공급면적":"--",
            "전용률":"--",
            "욕실수":50,
            "현관타입":100,
            "주거총점":28.5,
            "지역구공급총점":0.0,
            "역세권":"NA",
            "30분내 이동가능 거점":"NA",
            "1시간내 이동가능 거점":"NA",
            "교통총점":"NA",
            "백화점":0,
            "아울렛몰":0,
            "대형마트":80,
            "은행":0,
            "병원":0,
            "종합병원":80,
            "공원":100,
            "혐오시설":0,
            "인프라총점":31.0,
            "초등학군":89.99,
            "중학군":37.8,
            "학군총점":48.238,
            "인구수":7.1,
            "인구증감":-5.47,
            "인구총점":3.329,
            "일자리":6.03,
            "소득수준":66.45,
            "일자리총점":24.156,
            "가치 총점":34.4345,
            "매매실거래년":20220407.0,
            "매매실거래가":8700.0,
            "평단가":379,
            "전세실거래년":20201002.0,
            "전세실거래가":6000.0,
            "전세가율":68.97,
            "장기전세가율평균":"NA",
            "전세가율거품지수":"NA",
            "검색코드":7252,
            "세대수":379.0,
            "난방":"개별난방",
            "주차":"188 (세대당 0.5대)",
            "현관구조":"계단식",
            "관리비평균":142579.0,
            "방수":3,
            "욕실개수":1,
            "준공년월":"1993-06-30",
            "준공년차":29.0,
            "가까운역이름":"NA",
            "가까운역거리":"NA",
            "역세권여부":"NA",
            "30분이내주요거점역":"NA",
            "30분거점역이름":"NA",
            "1시간이내주요거점역":"NA",
            "1시간거점역이름":"NA",
            "3km이내백화점수":0,
            "5km이내아울렛몰수":0,
            "1km이내대형먀트수":1,
            "500m이내은행수":1,
            "500m이내병원수":0,
            "5km이내대형병원수":1,
            "500m이내공원수":3,
            "3km이내혐오시설수":0,
            "초등학교학업성취도":89.99,
            "중학교학업성취도":63.0,
            "학원가":0,
            "학원수":0,
            "용적률":228,
            "건폐율":20,
            "Y":36.684979,
            "X":126.844237,
            "rank":17.0,
            "area_info":"22평(75.69),31평(103.1)",
            "sales_info":"0.87억 (2022-04-07),1.35억 (2022-04-05)",
            "last_sales":"2022-04-07,8700.0,22평(75.69)",
            "maintenance":"142579.0,201936.0",
            "price_per":"379,432",
            "room":"3,3",
            "bath":"1,2",
            "rank_history":[
                [
                    "202204",
                    17
                ],
                [
                    "202203",
                    16
                ],
                [
                    "202202",
                    16
                ],
                [
                    "202201",
                    16
                ]
            ],
            "rank_gap":-1
        },
        {
            "index":115,
            "아파트명":"응봉리치빌",
            "매매타입":"아파트",
            "전용면적(m2)":"89.01",
            "전용면적(평)":"26평",
            "법정동주소":"충청남도 예산군 응봉면 주령리 122-10",
            "도로명주소":"충청남도 예산군 예당로 1647-11",
            "세대수":0,
            "입주년차":80,
            "용적률점수":"--",
            "건폐율점수":"--",
            "세대당주차수":30,
            "난방방식":30,
            "공급면적":"--",
            "전용률":"--",
            "욕실수":100,
            "현관타입":100,
            "주거총점":43.5,
            "지역구공급총점":0.0,
            "역세권":"NA",
            "30분내 이동가능 거점":"NA",
            "1시간내 이동가능 거점":"NA",
            "교통총점":"NA",
            "백화점":0,
            "아울렛몰":0,
            "대형마트":80,
            "은행":0,
            "병원":0,
            "종합병원":0,
            "공원":0,
            "혐오시설":0,
            "인프라총점":12.0,
            "초등학군":89.98,
            "중학군":42.18,
            "학군총점":51.74,
            "인구수":7.1,
            "인구증감":-5.47,
            "인구총점":3.329,
            "일자리":6.03,
            "소득수준":66.45,
            "일자리총점":24.156,
            "가치 총점":32.96,
            "매매실거래년":20220124.0,
            "매매실거래가":17000.0,
            "평단가":371,
            "전세실거래년":null,
            "전세실거래가":null,
            "전세가율":null,
            "장기전세가율평균":"NA",
            "전세가율거품지수":"NA",
            "검색코드":117674,
            "세대수":90.0,
            "난방":"개별난방",
            "주차":"113 (세대당 1.26대)",
            "현관구조":"계단식",
            "관리비평균":null,
            "방수":3,
            "욕실개수":2,
            "준공년월":"2017-04-06",
            "준공년차":5.0,
            "가까운역이름":"NA",
            "가까운역거리":"NA",
            "역세권여부":"NA",
            "30분이내주요거점역":"NA",
            "30분거점역이름":"NA",
            "1시간이내주요거점역":"NA",
            "1시간거점역이름":"NA",
            "3km이내백화점수":0,
            "5km이내아울렛몰수":0,
            "1km이내대형먀트수":1,
            "500m이내은행수":0,
            "500m이내병원수":0,
            "5km이내대형병원수":0,
            "500m이내공원수":0,
            "3km이내혐오시설수":0,
            "초등학교학업성취도":89.98,
            "중학교학업성취도":70.3,
            "학원가":0,
            "학원수":0,
            "용적률":84,
            "건폐율":12,
            "Y":36.662081,
            "X":126.759357,
            "rank":18.0,
            "area_info":"26평(89.01),37평(124.0)",
            "sales_info":"1.0억 (2021-12-26),1.7억 (2022-01-24)",
            "last_sales":"2022-01-24,17000.0,37평(124.0)",
            "maintenance":"nan,nan",
            "price_per":"371,453",
            "room":"3,3",
            "bath":"2,2",
            "rank_history":[
                [
                    "202204",
                    18
                ],
                [
                    "202203",
                    17
                ],
                [
                    "202202",
                    9999
                ]
            ],
            "rank_gap":-1
        },
        {
            "index":70,
            "아파트명":"애플타운나임",
            "매매타입":"아파트",
            "전용면적(m2)":"73.11",
            "전용면적(평)":"22평",
            "법정동주소":"충청남도 예산군 예산읍 예산리 17",
            "도로명주소":"충청남도 예산군 아리랑로144번길 8",
            "세대수":0,
            "입주년차":20,
            "용적률점수":"--",
            "건폐율점수":"--",
            "세대당주차수":0,
            "난방방식":30,
            "공급면적":"--",
            "전용률":"--",
            "욕실수":50,
            "현관타입":100,
            "주거총점":22.0,
            "지역구공급총점":0.0,
            "역세권":"NA",
            "30분내 이동가능 거점":"NA",
            "1시간내 이동가능 거점":"NA",
            "교통총점":"NA",
            "백화점":0,
            "아울렛몰":0,
            "대형마트":80,
            "은행":0,
            "병원":0,
            "종합병원":80,
            "공원":100,
            "혐오시설":0,
            "인프라총점":31.0,
            "초등학군":89.99,
            "중학군":37.8,
            "학군총점":48.238,
            "인구수":7.1,
            "인구증감":-5.47,
            "인구총점":3.329,
            "일자리":6.03,
            "소득수준":66.45,
            "일자리총점":24.156,
            "가치 총점":32.1595,
            "매매실거래년":20220224.0,
            "매매실거래가":6500.0,
            "평단가":293,
            "전세실거래년":20210906.0,
            "전세실거래가":5000.0,
            "전세가율":76.92,
            "장기전세가율평균":"NA",
            "전세가율거품지수":"NA",
            "검색코드":104084,
            "세대수":108.0,
            "난방":"개별난방",
            "주차":"108 (세대당 1.0대)",
            "현관구조":"계단식",
            "관리비평균":null,
            "방수":2,
            "욕실개수":1,
            "준공년월":"2001-06-19",
            "준공년차":21.0,
            "가까운역이름":"NA",
            "가까운역거리":"NA",
            "역세권여부":"NA",
            "30분이내주요거점역":"NA",
            "30분거점역이름":"NA",
            "1시간이내주요거점역":"NA",
            "1시간거점역이름":"NA",
            "3km이내백화점수":0,
            "5km이내아울렛몰수":0,
            "1km이내대형먀트수":1,
            "500m이내은행수":0,
            "500m이내병원수":0,
            "5km이내대형병원수":1,
            "500m이내공원수":4,
            "3km이내혐오시설수":0,
            "초등학교학업성취도":89.99,
            "중학교학업성취도":63.0,
            "학원가":0,
            "학원수":0,
            "용적률":205,
            "건폐율":18,
            "Y":36.685817,
            "X":126.844269,
            "rank":19.0,
            "area_info":"22평(73.11)",
            "sales_info":"0.65억 (2022-02-24)",
            "last_sales":"2022-02-24,6500.0,22평(73.11)",
            "maintenance":"nan",
            "price_per":"293",
            "room":"2",
            "bath":"1",
            "rank_history":[
                [
                    "202204",
                    19
                ],
                [
                    "202203",
                    18
                ],
                [
                    "202202",
                    17
                ],
                [
                    "202201",
                    17
                ]
            ],
            "rank_gap":-1
        },
        {
            "index":67,
            "아파트명":"아름채",
            "매매타입":"아파트",
            "전용면적(m2)":"48.96",
            "전용면적(평)":"14평",
            "법정동주소":"충청남도 예산군 예산읍 신례원리 589",
            "도로명주소":"충청남도 예산군 창신로 51-7",
            "세대수":0,
            "입주년차":40,
            "용적률점수":"--",
            "건폐율점수":"--",
            "세대당주차수":30,
            "난방방식":30,
            "공급면적":"--",
            "전용률":"--",
            "욕실수":50,
            "현관타입":100,
            "주거총점":30.5,
            "지역구공급총점":0.0,
            "역세권":"NA",
            "30분내 이동가능 거점":"NA",
            "1시간내 이동가능 거점":"NA",
            "교통총점":"NA",
            "백화점":0,
            "아울렛몰":0,
            "대형마트":0,
            "은행":0,
            "병원":0,
            "종합병원":80,
            "공원":100,
            "혐오시설":0,
            "인프라총점":19.0,
            "초등학군":89.92,
            "중학군":46.34,
            "학군총점":55.056,
            "인구수":7.1,
            "인구증감":-5.47,
            "인구총점":3.329,
            "일자리":6.03,
            "소득수준":66.45,
            "일자리총점":24.156,
            "가치 총점":32.039,
            "매매실거래년":20220325.0,
            "매매실거래가":4000.0,
            "평단가":270,
            "전세실거래년":20210714.0,
            "전세실거래가":2000.0,
            "전세가율":50.0,
            "장기전세가율평균":"NA",
            "전세가율거품지수":"NA",
            "검색코드":104958,
            "세대수":191.0,
            "난방":"개별난방",
            "주차":"192 (세대당 1.01대)",
            "현관구조":"계단식",
            "관리비평균":96758.0,
            "방수":2,
            "욕실개수":1,
            "준공년월":"2005-04-07",
            "준공년차":17.0,
            "가까운역이름":"NA",
            "가까운역거리":"NA",
            "역세권여부":"NA",
            "30분이내주요거점역":"NA",
            "30분거점역이름":"NA",
            "1시간이내주요거점역":"NA",
            "1시간거점역이름":"NA",
            "3km이내백화점수":0,
            "5km이내아울렛몰수":0,
            "1km이내대형먀트수":0,
            "500m이내은행수":0,
            "500m이내병원수":0,
            "5km이내대형병원수":1,
            "500m이내공원수":2,
            "3km이내혐오시설수":0,
            "초등학교학업성취도":89.92,
            "중학교학업성취도":76.7,
            "학원가":0,
            "학원수":0,
            "용적률":243,
            "건폐율":20,
            "Y":36.723588,
            "X":126.838207,
            "rank":20.0,
            "area_info":"14평(48.96),20평(68.56),22평(73.15)",
            "sales_info":"0.4억 (2022-03-25),0.63억 (2017-11-06),0.72억 (2022-02-18)",
            "last_sales":"2022-03-25,4000.0,14평(48.96)",
            "maintenance":"96758.0,141619.0,145508.0",
            "price_per":"270,303,325",
            "room":"2,2,3",
            "bath":"1,1,1",
            "rank_history":[
                [
                    "202204",
                    20
                ],
                [
                    "202203",
                    19
                ],
                [
                    "202202",
                    18
                ],
                [
                    "202201",
                    18
                ]
            ],
            "rank_gap":-1
        },
        {
            "index":0,
            "아파트명":"덕산써니밸리",
            "매매타입":"아파트",
            "전용면적(m2)":"114.38",
            "전용면적(평)":"34평",
            "법정동주소":"충청남도 예산군 덕산면 읍내리 200-1",
            "도로명주소":"충청남도 예산군 덕산온천로 413-26",
            "세대수":0,
            "입주년차":60,
            "용적률점수":"--",
            "건폐율점수":"--",
            "세대당주차수":30,
            "난방방식":30,
            "공급면적":"--",
            "전용률":"--",
            "욕실수":100,
            "현관타입":100,
            "주거총점":39.5,
            "지역구공급총점":0.0,
            "역세권":"NA",
            "30분내 이동가능 거점":"NA",
            "1시간내 이동가능 거점":"NA",
            "교통총점":"NA",
            "백화점":0,
            "아울렛몰":0,
            "대형마트":80,
            "은행":0,
            "병원":10,
            "종합병원":0,
            "공원":80,
            "혐오시설":0,
            "인프라총점":15.4,
            "초등학군":90.01,
            "중학군":37.44,
            "학군총점":47.954,
            "인구수":7.1,
            "인구증감":-5.47,
            "인구총점":3.329,
            "일자리":6.03,
            "소득수준":66.45,
            "일자리총점":24.156,
            "가치 총점":31.9735,
            "매매실거래년":20220331.0,
            "매매실거래가":22500.0,
            "평단가":505,
            "전세실거래년":20211228.0,
            "전세실거래가":12000.0,
            "전세가율":68.57,
            "장기전세가율평균":"NA",
            "전세가율거품지수":"NA",
            "검색코드":102012,
            "세대수":265.0,
            "난방":"개별난방",
            "주차":"330 (세대당 1.25대)",
            "현관구조":"계단식",
            "관리비평균":133491.0,
            "방수":3,
            "욕실개수":2,
            "준공년월":"2008-06-26",
            "준공년차":14.0,
            "가까운역이름":"NA",
            "가까운역거리":"NA",
            "역세권여부":"NA",
            "30분이내주요거점역":"NA",
            "30분거점역이름":"NA",
            "1시간이내주요거점역":"NA",
            "1시간거점역이름":"NA",
            "3km이내백화점수":0,
            "5km이내아울렛몰수":0,
            "1km이내대형먀트수":1,
            "500m이내은행수":0,
            "500m이내병원수":3,
            "5km이내대형병원수":0,
            "500m이내공원수":1,
            "3km이내혐오시설수":0,
            "초등학교학업성취도":90.01,
            "중학교학업성취도":62.4,
            "학원가":0,
            "학원수":0,
            "용적률":218,
            "건폐율":24,
            "Y":36.704557,
            "X":126.665495,
            "rank":21.0,
            "area_info":"34평(114.38),41평(138.56),48평(160.51)",
            "sales_info":"1.75억 (2022-02-21),2.3억 (2022-03-23),2.25억 (2022-03-31)",
            "last_sales":"2022-03-31,22500.0,48평(160.51)",
            "maintenance":"133491.0,178511.0,200177.0",
            "price_per":"505,548,463",
            "room":"3,3,3",
            "bath":"2,2,2",
            "rank_history":[
                [
                    "202204",
                    21
                ],
                [
                    "202203",
                    20
                ],
                [
                    "202202",
                    19
                ],
                [
                    "202201",
                    20
                ]
            ],
            "rank_gap":-1
        },
        {
            "index":14,
            "아파트명":"내포신도시도나우에듀파크(3BL,민간임대,주상복합)",
            "매매타입":"분양권",
            "전용면적(m2)":"95.67",
            "전용면적(평)":"28평",
            "법정동주소":"충청남도 예산군 삽교읍 목리 840",
            "도로명주소":"충청남도 예산군",
            "세대수":0,
            "입주년차":100,
            "용적률점수":"--",
            "건폐율점수":"--",
            "세대당주차수":60,
            "난방방식":30,
            "공급면적":"--",
            "전용률":"--",
            "욕실수":100,
            "현관타입":100,
            "주거총점":52.0,
            "지역구공급총점":0.0,
            "역세권":"NA",
            "30분내 이동가능 거점":"NA",
            "1시간내 이동가능 거점":"NA",
            "교통총점":"NA",
            "백화점":0,
            "아울렛몰":0,
            "대형마트":0,
            "은행":0,
            "병원":0,
            "종합병원":0,
            "공원":100,
            "혐오시설":0,
            "인프라총점":3.0,
            "초등학군":90.08,
            "중학군":37.44,
            "학군총점":47.968,
            "인구수":7.1,
            "인구증감":-5.47,
            "인구총점":3.329,
            "일자리":6.03,
            "소득수준":66.45,
            "일자리총점":24.156,
            "가치 총점":31.392,
            "매매실거래년":18000101.0,
            "매매실거래가":null,
            "평단가":"nan",
            "전세실거래년":null,
            "전세실거래가":null,
            "전세가율":null,
            "장기전세가율평균":"NA",
            "전세가율거품지수":"NA",
            "검색코드":143421,
            "세대수":223.0,
            "난방":"개별난방",
            "주차":"350 (세대당 1.57대)",
            "현관구조":"계단식",
            "관리비평균":null,
            "방수":3,
            "욕실개수":2,
            "준공년월":"2022-02-01",
            "준공년차":0.0,
            "가까운역이름":"NA",
            "가까운역거리":"NA",
            "역세권여부":"NA",
            "30분이내주요거점역":"NA",
            "30분거점역이름":"NA",
            "1시간이내주요거점역":"NA",
            "1시간거점역이름":"NA",
            "3km이내백화점수":0,
            "5km이내아울렛몰수":0,
            "1km이내대형먀트수":0,
            "500m이내은행수":0,
            "500m이내병원수":0,
            "5km이내대형병원수":0,
            "500m이내공원수":6,
            "3km이내혐오시설수":0,
            "초등학교학업성취도":90.08,
            "중학교학업성취도":62.4,
            "학원가":0,
            "학원수":0,
            "용적률":116,
            "건폐율":27,
            "Y":36.665223,
            "X":126.680624,
            "rank":22.0,
            "area_info":"28평(95.67),31평(102.59)",
            "sales_info":"거래 정보 없음,거래 정보 없음",
            "last_sales":"1800-01-01,nan,31평(102.59)",
            "maintenance":"nan,nan",
            "price_per":"nan,nan",
            "room":"3,4",
            "bath":"2,2",
            "rank_history":[
                [
                    "202204",
                    22
                ],
                [
                    "202203",
                    9999
                ]
            ],
            "rank_gap":9999
        },
        {
            "index":48,
            "아파트명":"서오2차",
            "매매타입":"아파트",
            "전용면적(m2)":"85.78",
            "전용면적(평)":"25평",
            "법정동주소":"충청남도 예산군 예산읍 산성리 711",
            "도로명주소":"충청남도 예산군 역전로 150-13",
            "세대수":0,
            "입주년차":0,
            "용적률점수":"--",
            "건폐율점수":"--",
            "세대당주차수":0,
            "난방방식":30,
            "공급면적":"--",
            "전용률":"--",
            "욕실수":50,
            "현관타입":10,
            "주거총점":9.0,
            "지역구공급총점":0.0,
            "역세권":"NA",
            "30분내 이동가능 거점":"NA",
            "1시간내 이동가능 거점":"NA",
            "교통총점":"NA",
            "백화점":0,
            "아울렛몰":0,
            "대형마트":80,
            "은행":0,
            "병원":30,
            "종합병원":80,
            "공원":100,
            "혐오시설":0,
            "인프라총점":34.0,
            "초등학군":90.01,
            "중학군":46.34,
            "학군총점":55.074,
            "인구수":7.1,
            "인구증감":-5.47,
            "인구총점":3.329,
            "일자리":6.03,
            "소득수준":66.45,
            "일자리총점":24.156,
            "가치 총점":30.5185,
            "매매실거래년":20220225.0,
            "매매실거래가":8000.0,
            "평단가":308,
            "전세실거래년":20211204.0,
            "전세실거래가":8500.0,
            "전세가율":106.25,
            "장기전세가율평균":"NA",
            "전세가율거품지수":"NA",
            "검색코드":7245,
            "세대수":210.0,
            "난방":"개별난방",
            "주차":"77 (세대당 0.37대)",
            "현관구조":"복도식",
            "관리비평균":155980.0,
            "방수":3,
            "욕실개수":1,
            "준공년월":"1992-10-29",
            "준공년차":30.0,
            "가까운역이름":"NA",
            "가까운역거리":"NA",
            "역세권여부":"NA",
            "30분이내주요거점역":"NA",
            "30분거점역이름":"NA",
            "1시간이내주요거점역":"NA",
            "1시간거점역이름":"NA",
            "3km이내백화점수":0,
            "5km이내아울렛몰수":0,
            "1km이내대형먀트수":1,
            "500m이내은행수":0,
            "500m이내병원수":9,
            "5km이내대형병원수":1,
            "500m이내공원수":4,
            "3km이내혐오시설수":0,
            "초등학교학업성취도":90.01,
            "중학교학업성취도":76.7,
            "학원가":1,
            "학원수":21,
            "용적률":0,
            "건폐율":0,
            "Y":36.6921,
            "X":126.83208,
            "rank":23.0,
            "area_info":"25평(85.78),30평(100.35),38평(127.31)",
            "sales_info":"0.8억 (2022-02-25),1.2억 (2022-02-19),1.5억 (2022-02-19)",
            "last_sales":"2022-02-25,8000.0,25평(85.78)",
            "maintenance":"155980.0,185253.0,235016.0",
            "price_per":"308,395,389",
            "room":"3,3,4",
            "bath":"1,2,2",
            "rank_history":[
                [
                    "202204",
                    23
                ],
                [
                    "202203",
                    21
                ],
                [
                    "202202",
                    20
                ],
                [
                    "202201",
                    19
                ]
            ],
            "rank_gap":-2
        },
        {
            "index":46,
            "아파트명":"서오1차",
            "매매타입":"아파트",
            "전용면적(m2)":"89.28",
            "전용면적(평)":"27평",
            "법정동주소":"충청남도 예산군 예산읍 산성리 705",
            "도로명주소":"충청남도 예산군 역전로 150-6",
            "세대수":0,
            "입주년차":0,
            "용적률점수":"--",
            "건폐율점수":"--",
            "세대당주차수":0,
            "난방방식":30,
            "공급면적":"--",
            "전용률":"--",
            "욕실수":50,
            "현관타입":10,
            "주거총점":9.0,
            "지역구공급총점":0.0,
            "역세권":"NA",
            "30분내 이동가능 거점":"NA",
            "1시간내 이동가능 거점":"NA",
            "교통총점":"NA",
            "백화점":0,
            "아울렛몰":0,
            "대형마트":80,
            "은행":0,
            "병원":30,
            "종합병원":80,
            "공원":100,
            "혐오시설":0,
            "인프라총점":34.0,
            "초등학군":90.01,
            "중학군":46.34,
            "학군총점":55.074,
            "인구수":7.1,
            "인구증감":-5.47,
            "인구총점":3.329,
            "일자리":6.03,
            "소득수준":66.45,
            "일자리총점":24.156,
            "가치 총점":30.5185,
            "매매실거래년":20220326.0,
            "매매실거래가":8900.0,
            "평단가":329,
            "전세실거래년":20211225.0,
            "전세실거래가":7000.0,
            "전세가율":78.65,
            "장기전세가율평균":"NA",
            "전세가율거품지수":"NA",
            "검색코드":7244,
            "세대수":264.0,
            "난방":"개별난방",
            "주차":"129 (세대당 0.49대)",
            "현관구조":"복도식",
            "관리비평균":152085.0,
            "방수":3,
            "욕실개수":1,
            "준공년월":"1991-10-01",
            "준공년차":31.0,
            "가까운역이름":"NA",
            "가까운역거리":"NA",
            "역세권여부":"NA",
            "30분이내주요거점역":"NA",
            "30분거점역이름":"NA",
            "1시간이내주요거점역":"NA",
            "1시간거점역이름":"NA",
            "3km이내백화점수":0,
            "5km이내아울렛몰수":0,
            "1km이내대형먀트수":1,
            "500m이내은행수":0,
            "500m이내병원수":9,
            "5km이내대형병원수":1,
            "500m이내공원수":4,
            "3km이내혐오시설수":0,
            "초등학교학업성취도":90.01,
            "중학교학업성취도":76.7,
            "학원가":1,
            "학원수":21,
            "용적률":249,
            "건폐율":23,
            "Y":36.692132,
            "X":126.831116,
            "rank":23.0,
            "area_info":"27평(89.28),33평(110.11)",
            "sales_info":"0.89억 (2022-03-26),0.88억 (2022-03-15)",
            "last_sales":"2022-03-26,8900.0,27평(89.28)",
            "maintenance":"152085.0,186087.0",
            "price_per":"329,264",
            "room":"3,3",
            "bath":"1,2",
            "rank_history":[
                [
                    "202204",
                    23
                ],
                [
                    "202203",
                    12
                ],
                [
                    "202202",
                    12
                ],
                [
                    "202201",
                    12
                ]
            ],
            "rank_gap":-11
        },
        {
            "index":107,
            "아파트명":"평화1차",
            "매매타입":"아파트",
            "전용면적(m2)":"102.64",
            "전용면적(평)":"31평",
            "법정동주소":"충청남도 예산군 예산읍 예산리 727-1",
            "도로명주소":"충청남도 예산군 예산로 110",
            "세대수":0,
            "입주년차":0,
            "용적률점수":"--",
            "건폐율점수":"--",
            "세대당주차수":0,
            "난방방식":30,
            "공급면적":"--",
            "전용률":"--",
            "욕실수":100,
            "현관타입":50,
            "주거총점":18.0,
            "지역구공급총점":0.0,
            "역세권":"NA",
            "30분내 이동가능 거점":"NA",
            "1시간내 이동가능 거점":"NA",
            "교통총점":"NA",
            "백화점":0,
            "아울렛몰":0,
            "대형마트":80,
            "은행":0,
            "병원":0,
            "종합병원":80,
            "공원":0,
            "혐오시설":0,
            "인프라총점":28.0,
            "초등학군":90.01,
            "중학군":37.8,
            "학군총점":48.242,
            "인구수":7.1,
            "인구증감":-5.47,
            "인구총점":3.329,
            "일자리":6.03,
            "소득수준":66.45,
            "일자리총점":24.156,
            "가치 총점":29.5605,
            "매매실거래년":20220322.0,
            "매매실거래가":8000.0,
            "평단가":193,
            "전세실거래년":20200220.0,
            "전세실거래가":3000.0,
            "전세가율":50.0,
            "장기전세가율평균":"NA",
            "전세가율거품지수":"NA",
            "검색코드":23997,
            "세대수":90.0,
            "난방":"개별난방",
            "주차":"0 (세대당 0.0대)",
            "현관구조":"복합식",
            "관리비평균":null,
            "방수":3,
            "욕실개수":2,
            "준공년월":"1993",
            "준공년차":29.0,
            "가까운역이름":"NA",
            "가까운역거리":"NA",
            "역세권여부":"NA",
            "30분이내주요거점역":"NA",
            "30분거점역이름":"NA",
            "1시간이내주요거점역":"NA",
            "1시간거점역이름":"NA",
            "3km이내백화점수":0,
            "5km이내아울렛몰수":0,
            "1km이내대형먀트수":1,
            "500m이내은행수":0,
            "500m이내병원수":1,
            "5km이내대형병원수":1,
            "500m이내공원수":0,
            "3km이내혐오시설수":0,
            "초등학교학업성취도":90.01,
            "중학교학업성취도":63.0,
            "학원가":0,
            "학원수":0,
            "용적률":0,
            "건폐율":0,
            "Y":36.67889,
            "X":126.83736,
            "rank":24.0,
            "area_info":"31평(102.64),31평(103.29),32평(107.99)",
            "sales_info":"0.6억 (2018-01-18),0.8억 (2022-03-22),거래 정보 없음",
            "last_sales":"2022-03-22,8000.0,31평(103.29)",
            "maintenance":"nan,nan,nan",
            "price_per":"193,256,nan",
            "room":"3,3,3",
            "bath":"2,2,2",
            "rank_history":[
                [
                    "202204",
                    24
                ],
                [
                    "202203",
                    22
                ],
                [
                    "202202",
                    9999
                ]
            ],
            "rank_gap":-2
        },
        {
            "index":8,
            "아파트명":"은행마을",
            "매매타입":"아파트",
            "전용면적(m2)":"73.6",
            "전용면적(평)":"22평",
            "법정동주소":"충청남도 예산군 봉산면 대지리 279-4",
            "도로명주소":"충청남도 예산군 황금뜰로 156",
            "세대수":0,
            "입주년차":40,
            "용적률점수":"--",
            "건폐율점수":"--",
            "세대당주차수":30,
            "난방방식":30,
            "공급면적":"--",
            "전용률":"--",
            "욕실수":50,
            "현관타입":100,
            "주거총점":30.5,
            "지역구공급총점":0.0,
            "역세권":"NA",
            "30분내 이동가능 거점":"NA",
            "1시간내 이동가능 거점":"NA",
            "교통총점":"NA",
            "백화점":0,
            "아울렛몰":0,
            "대형마트":80,
            "은행":0,
            "병원":0,
            "종합병원":0,
            "공원":0,
            "혐오시설":0,
            "인프라총점":12.0,
            "초등학군":90.0,
            "중학군":44.28,
            "학군총점":53.424,
            "인구수":7.1,
            "인구증감":-5.47,
            "인구총점":3.329,
            "일자리":6.03,
            "소득수준":66.45,
            "일자리총점":24.156,
            "가치 총점":28.831,
            "매매실거래년":20220411.0,
            "매매실거래가":6000.0,
            "평단가":269,
            "전세실거래년":20200711.0,
            "전세실거래가":3000.0,
            "전세가율":50.0,
            "장기전세가율평균":"NA",
            "전세가율거품지수":"NA",
            "검색코드":17195,
            "세대수":204.0,
            "난방":"개별난방",
            "주차":"211 (세대당 1.03대)",
            "현관구조":"계단식",
            "관리비평균":127100.0,
            "방수":3,
            "욕실개수":1,
            "준공년월":"2003-04-30",
            "준공년차":19.0,
            "가까운역이름":"NA",
            "가까운역거리":"NA",
            "역세권여부":"NA",
            "30분이내주요거점역":"NA",
            "30분거점역이름":"NA",
            "1시간이내주요거점역":"NA",
            "1시간거점역이름":"NA",
            "3km이내백화점수":0,
            "5km이내아울렛몰수":0,
            "1km이내대형먀트수":1,
            "500m이내은행수":0,
            "500m이내병원수":0,
            "5km이내대형병원수":0,
            "500m이내공원수":0,
            "3km이내혐오시설수":0,
            "초등학교학업성취도":90.0,
            "중학교학업성취도":73.8,
            "학원가":0,
            "학원수":0,
            "용적률":98,
            "건폐율":20,
            "Y":36.746385,
            "X":126.696986,
            "rank":25.0,
            "area_info":"22평(73.6)",
            "sales_info":"0.6억 (2022-04-11)",
            "last_sales":"2022-04-11,6000.0,22평(73.6)",
            "maintenance":"127100.0",
            "price_per":"269",
            "room":"3",
            "bath":"1",
            "rank_history":[
                [
                    "202204",
                    25
                ],
                [
                    "202203",
                    25
                ],
                [
                    "202202",
                    21
                ],
                [
                    "202201",
                    23
                ]
            ],
            "rank_gap":0
        },
        {
            "index":101,
            "아파트명":"청천",
            "매매타입":"아파트",
            "전용면적(m2)":"76.96",
            "전용면적(평)":"23평",
            "법정동주소":"충청남도 예산군 예산읍 창소리 35-10",
            "도로명주소":"충청남도 예산군 창말로 22-14",
            "세대수":0,
            "입주년차":0,
            "용적률점수":"--",
            "건폐율점수":"--",
            "세대당주차수":0,
            "난방방식":30,
            "공급면적":"--",
            "전용률":"--",
            "욕실수":100,
            "현관타입":100,
            "주거총점":23.0,
            "지역구공급총점":0.0,
            "역세권":"NA",
            "30분내 이동가능 거점":"NA",
            "1시간내 이동가능 거점":"NA",
            "교통총점":"NA",
            "백화점":0,
            "아울렛몰":0,
            "대형마트":0,
            "은행":0,
            "병원":10,
            "종합병원":80,
            "공원":0,
            "혐오시설":0,
            "인프라총점":17.0,
            "초등학군":89.92,
            "중학군":46.26,
            "학군총점":54.992,
            "인구수":7.1,
            "인구증감":-5.47,
            "인구총점":3.329,
            "일자리":6.03,
            "소득수준":66.45,
            "일자리총점":24.156,
            "가치 총점":28.598,
            "매매실거래년":20220404.0,
            "매매실거래가":5950.0,
            "평단가":193,
            "전세실거래년":20220123.0,
            "전세실거래가":3500.0,
            "전세가율":77.78,
            "장기전세가율평균":"NA",
            "전세가율거품지수":"NA",
            "검색코드":142986,
            "세대수":99.0,
            "난방":"개별난방",
            "주차":"42 (세대당 0.42대)",
            "현관구조":"계단식",
            "관리비평균":null,
            "방수":3,
            "욕실개수":2,
            "준공년월":"1993-03-22",
            "준공년차":29.0,
            "가까운역이름":"NA",
            "가까운역거리":"NA",
            "역세권여부":"NA",
            "30분이내주요거점역":"NA",
            "30분거점역이름":"NA",
            "1시간이내주요거점역":"NA",
            "1시간거점역이름":"NA",
            "3km이내백화점수":0,
            "5km이내아울렛몰수":0,
            "1km이내대형먀트수":0,
            "500m이내은행수":0,
            "500m이내병원수":3,
            "5km이내대형병원수":1,
            "500m이내공원수":0,
            "3km이내혐오시설수":0,
            "초등학교학업성취도":89.92,
            "중학교학업성취도":77.1,
            "학원가":0,
            "학원수":0,
            "용적률":233,
            "건폐율":24,
            "Y":36.728944,
            "X":126.843975,
            "rank":26.0,
            "area_info":"23평(76.96),30평(100.79),45평(149.54)",
            "sales_info":"0.45억 (2021-11-30),0.595억 (2022-04-04),거래 정보 없음",
            "last_sales":"2022-04-04,5950.0,30평(100.79)",
            "maintenance":"nan,nan,nan",
            "price_per":"193,195,nan",
            "room":"3,3,4",
            "bath":"2,2,2",
            "rank_history":[
                [
                    "202204",
                    26
                ],
                [
                    "202203",
                    23
                ],
                [
                    "202202",
                    9999
                ]
            ],
            "rank_gap":-3
        },
        {
            "index":104,
            "아파트명":"충일",
            "매매타입":"아파트",
            "전용면적(m2)":"99.51",
            "전용면적(평)":"30평",
            "법정동주소":"충청남도 예산군 예산읍 향천리 176-1",
            "도로명주소":"충청남도 예산군 예산로 267",
            "세대수":0,
            "입주년차":0,
            "용적률점수":"--",
            "건폐율점수":"--",
            "세대당주차수":0,
            "난방방식":30,
            "공급면적":"--",
            "전용률":"--",
            "욕실수":100,
            "현관타입":100,
            "주거총점":23.0,
            "지역구공급총점":0.0,
            "역세권":"NA",
            "30분내 이동가능 거점":"NA",
            "1시간내 이동가능 거점":"NA",
            "교통총점":"NA",
            "백화점":0,
            "아울렛몰":0,
            "대형마트":0,
            "은행":0,
            "병원":30,
            "종합병원":80,
            "공원":0,
            "혐오시설":0,
            "인프라총점":19.0,
            "초등학군":89.99,
            "중학군":37.8,
            "학군총점":48.238,
            "인구수":7.1,
            "인구증감":-5.47,
            "인구총점":3.329,
            "일자리":6.03,
            "소득수준":66.45,
            "일자리총점":24.156,
            "가치 총점":27.7095,
            "매매실거래년":20220404.0,
            "매매실거래가":6900.0,
            "평단가":229,
            "전세실거래년":20130225.0,
            "전세실거래가":3500.0,
            "전세가율":50.72,
            "장기전세가율평균":"NA",
            "전세가율거품지수":"NA",
            "검색코드":104875,
            "세대수":87.0,
            "난방":"개별난방",
            "주차":"31 (세대당 0.36대)",
            "현관구조":"계단식",
            "관리비평균":null,
            "방수":3,
            "욕실개수":2,
            "준공년월":"1994-12-17",
            "준공년차":28.0,
            "가까운역이름":"NA",
            "가까운역거리":"NA",
            "역세권여부":"NA",
            "30분이내주요거점역":"NA",
            "30분거점역이름":"NA",
            "1시간이내주요거점역":"NA",
            "1시간거점역이름":"NA",
            "3km이내백화점수":0,
            "5km이내아울렛몰수":0,
            "1km이내대형먀트수":0,
            "500m이내은행수":0,
            "500m이내병원수":5,
            "5km이내대형병원수":1,
            "500m이내공원수":0,
            "3km이내혐오시설수":0,
            "초등학교학업성취도":89.99,
            "중학교학업성취도":63.0,
            "학원가":0,
            "학원수":0,
            "용적률":262,
            "건폐율":21,
            "Y":36.681653,
            "X":126.854446,
            "rank":27.0,
            "area_info":"30평(99.51),36평(119.05),36평(120.75)",
            "sales_info":"0.69억 (2022-04-04),거래 정보 없음,0.9억 (2022-03-04)",
            "last_sales":"2022-04-04,6900.0,30평(99.51)",
            "maintenance":"nan,nan,nan",
            "price_per":"229,nan,246",
            "room":"3,3,3",
            "bath":"2,2,2",
            "rank_history":[
                [
                    "202204",
                    27
                ],
                [
                    "202203",
                    24
                ],
                [
                    "202202",
                    9999
                ]
            ],
            "rank_gap":-3
        },
        {
            "index":60,
            "아파트명":"성문",
            "매매타입":"아파트",
            "전용면적(m2)":"66.45",
            "전용면적(평)":"20평",
            "법정동주소":"충청남도 예산군 예산읍 신례원리 264-3",
            "도로명주소":"충청남도 예산군 창신로 51-34",
            "세대수":0,
            "입주년차":0,
            "용적률점수":"--",
            "건폐율점수":"--",
            "세대당주차수":0,
            "난방방식":30,
            "공급면적":"--",
            "전용률":"--",
            "욕실수":50,
            "현관타입":100,
            "주거총점":18.0,
            "지역구공급총점":0.0,
            "역세권":"NA",
            "30분내 이동가능 거점":"NA",
            "1시간내 이동가능 거점":"NA",
            "교통총점":"NA",
            "백화점":0,
            "아울렛몰":0,
            "대형마트":0,
            "은행":0,
            "병원":0,
            "종합병원":80,
            "공원":100,
            "혐오시설":0,
            "인프라총점":19.0,
            "초등학군":89.92,
            "중학군":46.34,
            "학군총점":55.056,
            "인구수":7.1,
            "인구증감":-5.47,
            "인구총점":3.329,
            "일자리":6.03,
            "소득수준":66.45,
            "일자리총점":24.156,
            "가치 총점":27.664,
            "매매실거래년":20220329.0,
            "매매실거래가":3350.0,
            "평단가":149,
            "전세실거래년":20210328.0,
            "전세실거래가":1500.0,
            "전세가율":50.0,
            "장기전세가율평균":"NA",
            "전세가율거품지수":"NA",
            "검색코드":106258,
            "세대수":228.0,
            "난방":"개별난방",
            "주차":"76 (세대당 0.33대)",
            "현관구조":"계단식",
            "관리비평균":null,
            "방수":2,
            "욕실개수":1,
            "준공년월":"1992-08-17",
            "준공년차":30.0,
            "가까운역이름":"NA",
            "가까운역거리":"NA",
            "역세권여부":"NA",
            "30분이내주요거점역":"NA",
            "30분거점역이름":"NA",
            "1시간이내주요거점역":"NA",
            "1시간거점역이름":"NA",
            "3km이내백화점수":0,
            "5km이내아울렛몰수":0,
            "1km이내대형먀트수":0,
            "500m이내은행수":0,
            "500m이내병원수":1,
            "5km이내대형병원수":1,
            "500m이내공원수":2,
            "3km이내혐오시설수":0,
            "초등학교학업성취도":89.92,
            "중학교학업성취도":76.7,
            "학원가":0,
            "학원수":0,
            "용적률":182,
            "건폐율":31,
            "Y":36.72488,
            "X":126.840326,
            "rank":28.0,
            "area_info":"20평(66.45),21평(72.19),22평(75.37)",
            "sales_info":"0.3억 (2022-03-23),0.335억 (2022-03-29),0.35억 (2022-03-15)",
            "last_sales":"2022-03-29,3350.0,21평(72.19)",
            "maintenance":"nan,nan,nan",
            "price_per":"149,153,153",
            "room":"2,2,3",
            "bath":"1,1,1",
            "rank_history":[
                [
                    "202204",
                    28
                ],
                [
                    "202203",
                    14
                ],
                [
                    "202202",
                    14
                ],
                [
                    "202201",
                    14
                ]
            ],
            "rank_gap":-14
        },
        {
            "index":44,
            "아파트명":"다솜HILL",
            "매매타입":"아파트",
            "전용면적(m2)":"42.4",
            "전용면적(평)":"12평",
            "법정동주소":"충청남도 예산군 예산읍 향천리 235-4",
            "도로명주소":"충청남도 예산군 충령사로 3-14",
            "세대수":0,
            "입주년차":60,
            "용적률점수":"--",
            "건폐율점수":"--",
            "세대당주차수":0,
            "난방방식":30,
            "공급면적":"--",
            "전용률":"--",
            "욕실수":50,
            "현관타입":50,
            "주거총점":25.0,
            "지역구공급총점":0.0,
            "역세권":"NA",
            "30분내 이동가능 거점":"NA",
            "1시간내 이동가능 거점":"NA",
            "교통총점":"NA",
            "백화점":0,
            "아울렛몰":0,
            "대형마트":0,
            "은행":0,
            "병원":0,
            "종합병원":80,
            "공원":0,
            "혐오시설":0,
            "인프라총점":16.0,
            "초등학군":89.99,
            "중학군":37.8,
            "학군총점":48.238,
            "인구수":7.1,
            "인구증감":-5.47,
            "인구총점":3.329,
            "일자리":6.03,
            "소득수준":66.45,
            "일자리총점":24.156,
            "가치 총점":27.2095,
            "매매실거래년":18000101.0,
            "매매실거래가":null,
            "평단가":"nan",
            "전세실거래년":null,
            "전세실거래가":null,
            "전세가율":null,
            "장기전세가율평균":"NA",
            "전세가율거품지수":"NA",
            "검색코드":104509,
            "세대수":140.0,
            "난방":"개별난방",
            "주차":"129 (세대당 0.92대)",
            "현관구조":"복합식",
            "관리비평균":null,
            "방수":2,
            "욕실개수":1,
            "준공년월":"2010-05-04",
            "준공년차":12.0,
            "가까운역이름":"NA",
            "가까운역거리":"NA",
            "역세권여부":"NA",
            "30분이내주요거점역":"NA",
            "30분거점역이름":"NA",
            "1시간이내주요거점역":"NA",
            "1시간거점역이름":"NA",
            "3km이내백화점수":0,
            "5km이내아울렛몰수":0,
            "1km이내대형먀트수":0,
            "500m이내은행수":0,
            "500m이내병원수":0,
            "5km이내대형병원수":1,
            "500m이내공원수":0,
            "3km이내혐오시설수":0,
            "초등학교학업성취도":89.99,
            "중학교학업성취도":63.0,
            "학원가":0,
            "학원수":0,
            "용적률":69,
            "건폐율":19,
            "Y":36.678963,
            "X":126.864275,
            "rank":29.0,
            "area_info":"12평(42.4),17평(57.85)",
            "sales_info":"거래 정보 없음,거래 정보 없음",
            "last_sales":"1800-01-01,nan,17평(57.85)",
            "maintenance":"nan,nan",
            "price_per":"nan,nan",
            "room":"2,3",
            "bath":"1,1",
            "rank_history":[
                [
                    "202204",
                    29
                ],
                [
                    "202203",
                    26
                ],
                [
                    "202202",
                    22
                ],
                [
                    "202201",
                    21
                ]
            ],
            "rank_gap":-3
        },
        {
            "index":36,
            "아파트명":"신암삼신",
            "매매타입":"아파트",
            "전용면적(m2)":"60.54",
            "전용면적(평)":"18평",
            "법정동주소":"충청남도 예산군 신암면 두곡리 253-17",
            "도로명주소":"충청남도 예산군 추사고택로 36-8",
            "세대수":0,
            "입주년차":20,
            "용적률점수":"--",
            "건폐율점수":"--",
            "세대당주차수":0,
            "난방방식":30,
            "공급면적":"--",
            "전용률":"--",
            "욕실수":50,
            "현관타입":100,
            "주거총점":22.0,
            "지역구공급총점":0.0,
            "역세권":"NA",
            "30분내 이동가능 거점":"NA",
            "1시간내 이동가능 거점":"NA",
            "교통총점":"NA",
            "백화점":0,
            "아울렛몰":0,
            "대형마트":80,
            "은행":0,
            "병원":0,
            "종합병원":0,
            "공원":0,
            "혐오시설":0,
            "인프라총점":12.0,
            "초등학군":90.02,
            "중학군":46.26,
            "학군총점":55.012,
            "인구수":7.1,
            "인구증감":-5.47,
            "인구총점":3.329,
            "일자리":6.03,
            "소득수준":66.45,
            "일자리총점":24.156,
            "가치 총점":26.253,
            "매매실거래년":20220326.0,
            "매매실거래가":2750.0,
            "평단가":150,
            "전세실거래년":20211228.0,
            "전세실거래가":1500.0,
            "전세가율":54.55,
            "장기전세가율평균":"NA",
            "전세가율거품지수":"NA",
            "검색코드":125711,
            "세대수":299.0,
            "난방":"개별난방",
            "주차":"130 (세대당 0.43대)",
            "현관구조":"계단식",
            "관리비평균":null,
            "방수":3,
            "욕실개수":1,
            "준공년월":"1998-01-22",
            "준공년차":24.0,
            "가까운역이름":"NA",
            "가까운역거리":"NA",
            "역세권여부":"NA",
            "30분이내주요거점역":"NA",
            "30분거점역이름":"NA",
            "1시간이내주요거점역":"NA",
            "1시간거점역이름":"NA",
            "3km이내백화점수":0,
            "5km이내아울렛몰수":0,
            "1km이내대형먀트수":1,
            "500m이내은행수":0,
            "500m이내병원수":0,
            "5km이내대형병원수":0,
            "500m이내공원수":0,
            "3km이내혐오시설수":0,
            "초등학교학업성취도":90.02,
            "중학교학업성취도":77.1,
            "학원가":0,
            "학원수":0,
            "용적률":143,
            "건폐율":26,
            "Y":36.744356,
            "X":126.820849,
            "rank":30.0,
            "area_info":"18평(60.54)",
            "sales_info":"0.275억 (2022-03-26)",
            "last_sales":"2022-03-26,2750.0,18평(60.54)",
            "maintenance":"nan",
            "price_per":"150",
            "room":"3",
            "bath":"1",
            "rank_history":[
                [
                    "202204",
                    30
                ],
                [
                    "202203",
                    31
                ],
                [
                    "202202",
                    24
                ],
                [
                    "202201",
                    27
                ]
            ],
            "rank_gap":1
        },
        {
            "index":110,
            "아파트명":"평화2차",
            "매매타입":"아파트",
            "전용면적(m2)":"77.68",
            "전용면적(평)":"23평",
            "법정동주소":"충청남도 예산군 예산읍 예산리 725",
            "도로명주소":"충청남도 예산군 예산로 118-10",
            "세대수":0,
            "입주년차":20,
            "용적률점수":"--",
            "건폐율점수":"--",
            "세대당주차수":0,
            "난방방식":30,
            "공급면적":"--",
            "전용률":"--",
            "욕실수":50,
            "현관타입":100,
            "주거총점":22.0,
            "지역구공급총점":0.0,
            "역세권":"NA",
            "30분내 이동가능 거점":"NA",
            "1시간내 이동가능 거점":"NA",
            "교통총점":"NA",
            "백화점":0,
            "아울렛몰":0,
            "대형마트":0,
            "은행":0,
            "병원":0,
            "종합병원":80,
            "공원":0,
            "혐오시설":0,
            "인프라총점":16.0,
            "초등학군":90.01,
            "중학군":37.8,
            "학군총점":48.242,
            "인구수":7.1,
            "인구증감":-5.47,
            "인구총점":3.329,
            "일자리":6.03,
            "소득수준":66.45,
            "일자리총점":24.156,
            "가치 총점":26.1605,
            "매매실거래년":20220314.0,
            "매매실거래가":7800.0,
            "평단가":310,
            "전세실거래년":20210719.0,
            "전세실거래가":6000.0,
            "전세가율":82.19,
            "장기전세가율평균":"NA",
            "전세가율거품지수":"NA",
            "검색코드":23994,
            "세대수":200.0,
            "난방":"개별난방",
            "주차":"99 (세대당 0.49대)",
            "현관구조":"계단식",
            "관리비평균":99761.0,
            "방수":2,
            "욕실개수":1,
            "준공년월":"2002-09-19",
            "준공년차":20.0,
            "가까운역이름":"NA",
            "가까운역거리":"NA",
            "역세권여부":"NA",
            "30분이내주요거점역":"NA",
            "30분거점역이름":"NA",
            "1시간이내주요거점역":"NA",
            "1시간거점역이름":"NA",
            "3km이내백화점수":0,
            "5km이내아울렛몰수":0,
            "1km이내대형먀트수":0,
            "500m이내은행수":0,
            "500m이내병원수":1,
            "5km이내대형병원수":1,
            "500m이내공원수":0,
            "3km이내혐오시설수":0,
            "초등학교학업성취도":90.01,
            "중학교학업성취도":63.0,
            "학원가":0,
            "학원수":0,
            "용적률":0,
            "건폐율":0,
            "Y":36.678261,
            "X":126.837289,
            "rank":31.0,
            "area_info":"23평(77.68),23평(78.02),31평(105.41)",
            "sales_info":"0.73억 (2021-09-15),0.81억 (2021-10-25),0.78억 (2022-03-14)",
            "last_sales":"2022-03-14,7800.0,31평(105.41)",
            "maintenance":"99761.0,100198.0,142196.0",
            "price_per":"310,343,244",
            "room":"2,3,3",
            "bath":"1,1,2",
            "rank_history":[
                [
                    "202204",
                    31
                ],
                [
                    "202203",
                    27
                ],
                [
                    "202202",
                    23
                ],
                [
                    "202201",
                    22
                ]
            ],
            "rank_gap":-4
        },
        {
            "index":37,
            "아파트명":"예당마을",
            "매매타입":"아파트",
            "전용면적(m2)":"53.22",
            "전용면적(평)":"16평",
            "법정동주소":"충청남도 예산군 신양면 대덕리 813-3",
            "도로명주소":"충청남도 예산군 청신로 292",
            "세대수":0,
            "입주년차":20,
            "용적률점수":"--",
            "건폐율점수":"--",
            "세대당주차수":30,
            "난방방식":30,
            "공급면적":"--",
            "전용률":"--",
            "욕실수":50,
            "현관타입":100,
            "주거총점":26.5,
            "지역구공급총점":0.0,
            "역세권":"NA",
            "30분내 이동가능 거점":"NA",
            "1시간내 이동가능 거점":"NA",
            "교통총점":"NA",
            "백화점":0,
            "아울렛몰":0,
            "대형마트":80,
            "은행":0,
            "병원":0,
            "종합병원":0,
            "공원":0,
            "혐오시설":0,
            "인프라총점":12.0,
            "초등학군":90.04,
            "중학군":37.38,
            "학군총점":47.912,
            "인구수":7.1,
            "인구증감":-5.47,
            "인구총점":3.329,
            "일자리":6.03,
            "소득수준":66.45,
            "일자리총점":24.156,
            "가치 총점":26.053,
            "매매실거래년":20220323.0,
            "매매실거래가":2000.0,
            "평단가":124,
            "전세실거래년":20171013.0,
            "전세실거래가":300.0,
            "전세가율":15.0,
            "장기전세가율평균":"NA",
            "전세가율거품지수":"NA",
            "검색코드":124112,
            "세대수":99.0,
            "난방":"개별난방",
            "주차":"100 (세대당 1.01대)",
            "현관구조":"계단식",
            "관리비평균":null,
            "방수":2,
            "욕실개수":1,
            "준공년월":"2002-11-21",
            "준공년차":20.0,
            "가까운역이름":"NA",
            "가까운역거리":"NA",
            "역세권여부":"NA",
            "30분이내주요거점역":"NA",
            "30분거점역이름":"NA",
            "1시간이내주요거점역":"NA",
            "1시간거점역이름":"NA",
            "3km이내백화점수":0,
            "5km이내아울렛몰수":0,
            "1km이내대형먀트수":1,
            "500m이내은행수":0,
            "500m이내병원수":0,
            "5km이내대형병원수":0,
            "500m이내공원수":0,
            "3km이내혐오시설수":0,
            "초등학교학업성취도":90.04,
            "중학교학업성취도":62.3,
            "학원가":0,
            "학원수":0,
            "용적률":97,
            "건폐율":15,
            "Y":36.595735,
            "X":126.863588,
            "rank":32.0,
            "area_info":"16평(53.22),25평(83.09)",
            "sales_info":"0.2억 (2022-03-23),0.43억 (2022-02-28)",
            "last_sales":"2022-03-23,2000.0,16평(53.22)",
            "maintenance":"nan,nan",
            "price_per":"124,171",
            "room":"2,3",
            "bath":"1,1",
            "rank_history":[
                [
                    "202204",
                    32
                ],
                [
                    "202203",
                    28
                ],
                [
                    "202202",
                    9999
                ]
            ],
            "rank_gap":-4
        },
        {
            "index":117,
            "아파트명":"장백",
            "매매타입":"아파트",
            "전용면적(m2)":"54.53",
            "전용면적(평)":"16평",
            "법정동주소":"충청남도 예산군 응봉면 송석리 288",
            "도로명주소":"충청남도 예산군 예당로 1605",
            "세대수":0,
            "입주년차":20,
            "용적률점수":"--",
            "건폐율점수":"--",
            "세대당주차수":0,
            "난방방식":30,
            "공급면적":"--",
            "전용률":"--",
            "욕실수":50,
            "현관타입":100,
            "주거총점":22.0,
            "지역구공급총점":0.0,
            "역세권":"NA",
            "30분내 이동가능 거점":"NA",
            "1시간내 이동가능 거점":"NA",
            "교통총점":"NA",
            "백화점":0,
            "아울렛몰":0,
            "대형마트":80,
            "은행":0,
            "병원":0,
            "종합병원":0,
            "공원":0,
            "혐오시설":0,
            "인프라총점":12.0,
            "초등학군":89.98,
            "중학군":42.18,
            "학군총점":51.74,
            "인구수":7.1,
            "인구증감":-5.47,
            "인구총점":3.329,
            "일자리":6.03,
            "소득수준":66.45,
            "일자리총점":24.156,
            "가치 총점":25.435,
            "매매실거래년":20220407.0,
            "매매실거래가":5000.0,
            "평단가":303,
            "전세실거래년":20211126.0,
            "전세실거래가":3500.0,
            "전세가율":70.0,
            "장기전세가율평균":"NA",
            "전세가율거품지수":"NA",
            "검색코드":108267,
            "세대수":179.0,
            "난방":"개별난방",
            "주차":"0 (세대당 0.0대)",
            "현관구조":"계단식",
            "관리비평균":90550.0,
            "방수":2,
            "욕실개수":1,
            "준공년월":"1998-11-25",
            "준공년차":24.0,
            "가까운역이름":"NA",
            "가까운역거리":"NA",
            "역세권여부":"NA",
            "30분이내주요거점역":"NA",
            "30분거점역이름":"NA",
            "1시간이내주요거점역":"NA",
            "1시간거점역이름":"NA",
            "3km이내백화점수":0,
            "5km이내아울렛몰수":0,
            "1km이내대형먀트수":1,
            "500m이내은행수":0,
            "500m이내병원수":0,
            "5km이내대형병원수":0,
            "500m이내공원수":0,
            "3km이내혐오시설수":0,
            "초등학교학업성취도":89.98,
            "중학교학업성취도":70.3,
            "학원가":0,
            "학원수":0,
            "용적률":0,
            "건폐율":0,
            "Y":36.660997,
            "X":126.762429,
            "rank":33.0,
            "area_info":"16평(54.53),20평(68.74)",
            "sales_info":"0.5억 (2022-04-07),0.67억 (2021-12-30)",
            "last_sales":"2022-04-07,5000.0,16평(54.53)",
            "maintenance":"90550.0,114148.0",
            "price_per":"303,322",
            "room":"2,3",
            "bath":"1,1",
            "rank_history":[
                [
                    "202204",
                    33
                ],
                [
                    "202203",
                    32
                ],
                [
                    "202202",
                    25
                ],
                [
                    "202201",
                    28
                ]
            ],
            "rank_gap":-1
        },
        {
            "index":5,
            "아파트명":"태산",
            "매매타입":"아파트",
            "전용면적(m2)":"53.88",
            "전용면적(평)":"16평",
            "법정동주소":"충청남도 예산군 덕산면 옥계리 28-1",
            "도로명주소":"충청남도 예산군 가야산로 43",
            "세대수":0,
            "입주년차":20,
            "용적률점수":"--",
            "건폐율점수":"--",
            "세대당주차수":0,
            "난방방식":30,
            "공급면적":"--",
            "전용률":"--",
            "욕실수":50,
            "현관타입":50,
            "주거총점":17.0,
            "지역구공급총점":0.0,
            "역세권":"NA",
            "30분내 이동가능 거점":"NA",
            "1시간내 이동가능 거점":"NA",
            "교통총점":"NA",
            "백화점":0,
            "아울렛몰":0,
            "대형마트":80,
            "은행":0,
            "병원":0,
            "종합병원":0,
            "공원":0,
            "혐오시설":0,
            "인프라총점":12.0,
            "초등학군":90.01,
            "중학군":37.44,
            "학군총점":47.954,
            "인구수":7.1,
            "인구증감":-5.47,
            "인구총점":3.329,
            "일자리":6.03,
            "소득수준":66.45,
            "일자리총점":24.156,
            "가치 총점":22.7385,
            "매매실거래년":20220405.0,
            "매매실거래가":6400.0,
            "평단가":303,
            "전세실거래년":20190607.0,
            "전세실거래가":3000.0,
            "전세가율":60.61,
            "장기전세가율평균":"NA",
            "전세가율거품지수":"NA",
            "검색코드":107186,
            "세대수":116.0,
            "난방":"개별난방",
            "주차":"82 (세대당 0.71대)",
            "현관구조":"복합식",
            "관리비평균":null,
            "방수":2,
            "욕실개수":1,
            "준공년월":"1998-04-10",
            "준공년차":24.0,
            "가까운역이름":"NA",
            "가까운역거리":"NA",
            "역세권여부":"NA",
            "30분이내주요거점역":"NA",
            "30분거점역이름":"NA",
            "1시간이내주요거점역":"NA",
            "1시간거점역이름":"NA",
            "3km이내백화점수":0,
            "5km이내아울렛몰수":0,
            "1km이내대형먀트수":1,
            "500m이내은행수":0,
            "500m이내병원수":0,
            "5km이내대형병원수":0,
            "500m이내공원수":0,
            "3km이내혐오시설수":0,
            "초등학교학업성취도":90.01,
            "중학교학업성취도":62.4,
            "학원가":0,
            "학원수":0,
            "용적률":149,
            "건폐율":22,
            "Y":36.705613,
            "X":126.661705,
            "rank":34.0,
            "area_info":"16평(53.88),18평(61.53),22평(73.99)",
            "sales_info":"0.495억 (2021-11-02),0.64억 (2022-04-05),0.69억 (2021-09-14)",
            "last_sales":"2022-04-05,6400.0,18평(61.53)",
            "maintenance":"nan,nan,nan",
            "price_per":"303,343,308",
            "room":"2,2,3",
            "bath":"1,1,1",
            "rank_history":[
                [
                    "202204",
                    34
                ],
                [
                    "202203",
                    35
                ],
                [
                    "202202",
                    27
                ],
                [
                    "202201",
                    25
                ]
            ],
            "rank_gap":1
        },
        {
            "index":9,
            "아파트명":"남선",
            "매매타입":"아파트",
            "전용면적(m2)":"79.4",
            "전용면적(평)":"24평",
            "법정동주소":"충청남도 예산군 삽교읍 두리 550-4",
            "도로명주소":"충청남도 예산군 두리학교길 28",
            "세대수":0,
            "입주년차":0,
            "용적률점수":"--",
            "건폐율점수":"--",
            "세대당주차수":0,
            "난방방식":30,
            "공급면적":"--",
            "전용률":"--",
            "욕실수":50,
            "현관타입":10,
            "주거총점":9.0,
            "지역구공급총점":0.0,
            "역세권":"NA",
            "30분내 이동가능 거점":"NA",
            "1시간내 이동가능 거점":"NA",
            "교통총점":"NA",
            "백화점":0,
            "아울렛몰":0,
            "대형마트":80,
            "은행":0,
            "병원":0,
            "종합병원":0,
            "공원":100,
            "혐오시설":0,
            "인프라총점":15.0,
            "초등학군":90.02,
            "중학군":42.18,
            "학군총점":51.748,
            "인구수":7.1,
            "인구증감":-5.47,
            "인구총점":3.329,
            "일자리":6.03,
            "소득수준":66.45,
            "일자리총점":24.156,
            "가치 총점":22.087,
            "매매실거래년":20211108.0,
            "매매실거래가":5300.0,
            "평단가":220,
            "전세실거래년":20210920.0,
            "전세실거래가":3000.0,
            "전세가율":56.6,
            "장기전세가율평균":"NA",
            "전세가율거품지수":"NA",
            "검색코드":15263,
            "세대수":100.0,
            "난방":"개별난방",
            "주차":"39 (세대당 0.39대)",
            "현관구조":"복도식",
            "관리비평균":null,
            "방수":3,
            "욕실개수":1,
            "준공년월":"1994-06-04",
            "준공년차":28.0,
            "가까운역이름":"NA",
            "가까운역거리":"NA",
            "역세권여부":"NA",
            "30분이내주요거점역":"NA",
            "30분거점역이름":"NA",
            "1시간이내주요거점역":"NA",
            "1시간거점역이름":"NA",
            "3km이내백화점수":0,
            "5km이내아울렛몰수":0,
            "1km이내대형먀트수":1,
            "500m이내은행수":0,
            "500m이내병원수":0,
            "5km이내대형병원수":0,
            "500m이내공원수":2,
            "3km이내혐오시설수":0,
            "초등학교학업성취도":90.02,
            "중학교학업성취도":70.3,
            "학원가":0,
            "학원수":0,
            "용적률":385,
            "건폐율":37,
            "Y":36.68692,
            "X":126.74486,
            "rank":35.0,
            "area_info":"24평(79.4),34평(113.5)",
            "sales_info":"0.53억 (2021-11-08),0.85억 (2020-05-20)",
            "last_sales":"2021-11-08,5300.0,24평(79.4)",
            "maintenance":"nan,nan",
            "price_per":"220,247",
            "room":"3,3",
            "bath":"1,2",
            "rank_history":[
                [
                    "202204",
                    35
                ],
                [
                    "202203",
                    34
                ],
                [
                    "202202",
                    26
                ],
                [
                    "202201",
                    24
                ]
            ],
            "rank_gap":-1
        },
        {
            "index":3,
            "아파트명":"아람파크빌",
            "매매타입":"아파트",
            "전용면적(m2)":"57.25",
            "전용면적(평)":"17평",
            "법정동주소":"충청남도 예산군 덕산면 시량리 468-1",
            "도로명주소":"충청남도 예산군 덕산온천로 21-11",
            "세대수":0,
            "입주년차":20,
            "용적률점수":"--",
            "건폐율점수":"--",
            "세대당주차수":30,
            "난방방식":30,
            "공급면적":"--",
            "전용률":"--",
            "욕실수":50,
            "현관타입":100,
            "주거총점":26.5,
            "지역구공급총점":0.0,
            "역세권":"NA",
            "30분내 이동가능 거점":"NA",
            "1시간내 이동가능 거점":"NA",
            "교통총점":"NA",
            "백화점":0,
            "아울렛몰":0,
            "대형마트":0,
            "은행":0,
            "병원":0,
            "종합병원":0,
            "공원":0,
            "혐오시설":0,
            "인프라총점":0.0,
            "초등학군":90.0,
            "중학군":37.44,
            "학군총점":47.952,
            "인구수":7.1,
            "인구증감":-5.47,
            "인구총점":3.329,
            "일자리":6.03,
            "소득수준":66.45,
            "일자리총점":24.156,
            "가치 총점":21.263,
            "매매실거래년":20220322.0,
            "매매실거래가":10000.0,
            "평단가":265,
            "전세실거래년":20211015.0,
            "전세실거래가":3000.0,
            "전세가율":65.22,
            "장기전세가율평균":"NA",
            "전세가율거품지수":"NA",
            "검색코드":23661,
            "세대수":250.0,
            "난방":"개별난방",
            "주차":"253 (세대당 1.01대)",
            "현관구조":"계단식",
            "관리비평균":64669.0,
            "방수":2,
            "욕실개수":1,
            "준공년월":"2000-12-28",
            "준공년차":22.0,
            "가까운역이름":"NA",
            "가까운역거리":"NA",
            "역세권여부":"NA",
            "30분이내주요거점역":"NA",
            "30분거점역이름":"NA",
            "1시간이내주요거점역":"NA",
            "1시간거점역이름":"NA",
            "3km이내백화점수":0,
            "5km이내아울렛몰수":0,
            "1km이내대형먀트수":0,
            "500m이내은행수":0,
            "500m이내병원수":0,
            "5km이내대형병원수":0,
            "500m이내공원수":0,
            "3km이내혐오시설수":0,
            "초등학교학업성취도":90.0,
            "중학교학업성취도":62.4,
            "학원가":0,
            "학원수":0,
            "용적률":149,
            "건폐율":19,
            "Y":36.686432,
            "X":126.633473,
            "rank":36.0,
            "area_info":"17평(57.25),31평(105.76)",
            "sales_info":"0.46억 (2022-03-05),1.0억 (2022-03-22)",
            "last_sales":"2022-03-22,10000.0,31평(105.76)",
            "maintenance":"64669.0,136268.0",
            "price_per":"265,312",
            "room":"2,3",
            "bath":"1,2",
            "rank_history":[
                [
                    "202204",
                    36
                ],
                [
                    "202203",
                    36
                ],
                [
                    "202202",
                    28
                ],
                [
                    "202201",
                    26
                ]
            ],
            "rank_gap":0
        },
        {
            "index":113,
            "아파트명":"오가우성",
            "매매타입":"아파트",
            "전용면적(m2)":"58.45",
            "전용면적(평)":"17평",
            "법정동주소":"충청남도 예산군 오가면 신석리 16-15",
            "도로명주소":"충청남도 예산군 신석길 159",
            "세대수":0,
            "입주년차":0,
            "용적률점수":"--",
            "건폐율점수":"--",
            "세대당주차수":0,
            "난방방식":30,
            "공급면적":"--",
            "전용률":"--",
            "욕실수":50,
            "현관타입":50,
            "주거총점":13.0,
            "지역구공급총점":0.0,
            "역세권":"NA",
            "30분내 이동가능 거점":"NA",
            "1시간내 이동가능 거점":"NA",
            "교통총점":"NA",
            "백화점":0,
            "아울렛몰":0,
            "대형마트":0,
            "은행":0,
            "병원":0,
            "종합병원":0,
            "공원":0,
            "혐오시설":0,
            "인프라총점":0.0,
            "초등학군":89.98,
            "중학군":42.96,
            "학군총점":52.364,
            "인구수":7.1,
            "인구증감":-5.47,
            "인구총점":3.329,
            "일자리":6.03,
            "소득수준":66.45,
            "일자리총점":24.156,
            "가치 총점":17.641,
            "매매실거래년":20220412.0,
            "매매실거래가":3700.0,
            "평단가":209,
            "전세실거래년":20211110.0,
            "전세실거래가":2000.0,
            "전세가율":54.05,
            "장기전세가율평균":"NA",
            "전세가율거품지수":"NA",
            "검색코드":105761,
            "세대수":299.0,
            "난방":"개별난방",
            "주차":"133 (세대당 0.44대)",
            "현관구조":"복합식",
            "관리비평균":86489.0,
            "방수":2,
            "욕실개수":1,
            "준공년월":"1997-03-13",
            "준공년차":25.0,
            "가까운역이름":"NA",
            "가까운역거리":"NA",
            "역세권여부":"NA",
            "30분이내주요거점역":"NA",
            "30분거점역이름":"NA",
            "1시간이내주요거점역":"NA",
            "1시간거점역이름":"NA",
            "3km이내백화점수":0,
            "5km이내아울렛몰수":0,
            "1km이내대형먀트수":0,
            "500m이내은행수":0,
            "500m이내병원수":0,
            "5km이내대형병원수":0,
            "500m이내공원수":0,
            "3km이내혐오시설수":0,
            "초등학교학업성취도":89.98,
            "중학교학업성취도":71.6,
            "학원가":0,
            "학원수":0,
            "용적률":269,
            "건폐율":27,
            "Y":36.685341,
            "X":126.776763,
            "rank":37.0,
            "area_info":"17평(58.45),19평(64.23)",
            "sales_info":"0.37억 (2022-04-12),0.42억 (2021-08-03)",
            "last_sales":"2022-04-12,3700.0,17평(58.45)",
            "maintenance":"86489.0,95042.0",
            "price_per":"209,216",
            "room":"2,2",
            "bath":"1,1",
            "rank_history":[
                [
                    "202204",
                    37
                ],
                [
                    "202203",
                    37
                ],
                [
                    "202202",
                    29
                ],
                [
                    "202201",
                    29
                ]
            ],
            "rank_gap":0
        }
    ]
}