{
    "schema":{
        "fields":[
            {
                "name":"index",
                "type":"integer"
            },
            {
                "name":"아파트명",
                "type":"string"
            },
            {
                "name":"투자타입",
                "type":"string"
            },
            {
                "name":"전용면적(m2)",
                "type":"string"
            },
            {
                "name":"전용면적(평)",
                "type":"string"
            },
            {
                "name":"법정동주소",
                "type":"string"
            },
            {
                "name":"도로명주소",
                "type":"string"
            },
            {
                "name":"세대수",
                "type":"integer"
            },
            {
                "name":"입주년차",
                "type":"string"
            },
            {
                "name":"용적률점수",
                "type":"string"
            },
            {
                "name":"건폐율점수",
                "type":"string"
            },
            {
                "name":"세대당주차수",
                "type":"string"
            },
            {
                "name":"난방방식",
                "type":"string"
            },
            {
                "name":"공급면적",
                "type":"string"
            },
            {
                "name":"전용률",
                "type":"string"
            },
            {
                "name":"욕실수",
                "type":"string"
            },
            {
                "name":"현관타입",
                "type":"string"
            },
            {
                "name":"주거총점",
                "type":"number"
            },
            {
                "name":"지역구공급총점",
                "type":"number"
            },
            {
                "name":"역세권",
                "type":"string"
            },
            {
                "name":"30분내 이동가능 거점",
                "type":"string"
            },
            {
                "name":"1시간내 이동가능 거점",
                "type":"string"
            },
            {
                "name":"교통총점",
                "type":"string"
            },
            {
                "name":"백화점",
                "type":"integer"
            },
            {
                "name":"아울렛몰",
                "type":"integer"
            },
            {
                "name":"대형마트",
                "type":"integer"
            },
            {
                "name":"은행",
                "type":"integer"
            },
            {
                "name":"병원",
                "type":"integer"
            },
            {
                "name":"종합병원",
                "type":"integer"
            },
            {
                "name":"공원",
                "type":"integer"
            },
            {
                "name":"혐오시설",
                "type":"integer"
            },
            {
                "name":"인프라총점",
                "type":"number"
            },
            {
                "name":"초등학군",
                "type":"number"
            },
            {
                "name":"중학군",
                "type":"number"
            },
            {
                "name":"학군총점",
                "type":"number"
            },
            {
                "name":"인구수",
                "type":"number"
            },
            {
                "name":"인구증감",
                "type":"number"
            },
            {
                "name":"인구총점",
                "type":"number"
            },
            {
                "name":"일자리",
                "type":"number"
            },
            {
                "name":"소득수준",
                "type":"number"
            },
            {
                "name":"일자리총점",
                "type":"number"
            },
            {
                "name":"가치 총점",
                "type":"number"
            },
            {
                "name":"매매실거래년",
                "type":"string"
            },
            {
                "name":"매매실거래가",
                "type":"number"
            },
            {
                "name":"전세실거래년",
                "type":"number"
            },
            {
                "name":"전세실거래가",
                "type":"number"
            },
            {
                "name":"전세가율",
                "type":"number"
            },
            {
                "name":"장기전세가율평균",
                "type":"number"
            },
            {
                "name":"전세가율거품지수",
                "type":"number"
            },
            {
                "name":"검색코드",
                "type":"integer"
            },
            {
                "name":"세대수",
                "type":"number"
            },
            {
                "name":"준공년월",
                "type":"string"
            },
            {
                "name":"준공년차",
                "type":"number"
            },
            {
                "name":"가까운역이름",
                "type":"string"
            },
            {
                "name":"가까운역거리",
                "type":"string"
            },
            {
                "name":"역세권여부",
                "type":"string"
            },
            {
                "name":"30분이내주요거점역",
                "type":"string"
            },
            {
                "name":"30분거점역이름",
                "type":"string"
            },
            {
                "name":"1시간이내주요거점역",
                "type":"string"
            },
            {
                "name":"1시간거점역이름",
                "type":"string"
            },
            {
                "name":"3km이내백화점수",
                "type":"integer"
            },
            {
                "name":"5km이내아울렛몰수",
                "type":"integer"
            },
            {
                "name":"1km이내대형먀트수",
                "type":"integer"
            },
            {
                "name":"500m이내은행수",
                "type":"integer"
            },
            {
                "name":"500m이내병원수",
                "type":"integer"
            },
            {
                "name":"5km이내대형병원수",
                "type":"integer"
            },
            {
                "name":"500m이내공원수",
                "type":"integer"
            },
            {
                "name":"3km이내혐오시설수",
                "type":"integer"
            },
            {
                "name":"초등학교학업성취도",
                "type":"number"
            },
            {
                "name":"중학교학업성취도",
                "type":"number"
            },
            {
                "name":"용적률",
                "type":"integer"
            },
            {
                "name":"건폐율",
                "type":"integer"
            },
            {
                "name":"Y",
                "type":"number"
            },
            {
                "name":"X",
                "type":"number"
            },
            {
                "name":"rank",
                "type":"number"
            },
            {
                "name":"area_info",
                "type":"string"
            },
            {
                "name":"last_sales",
                "type":"string"
            },
            {
                "name":"rank_history",
                "type":"string"
            },
            {
                "name":"rank_gap",
                "type":"integer"
            }
        ],
        "primaryKey":[
            "index"
        ],
        "pandas_version":"1.4.0"
    },
    "data":[
        {
            "index":115,
            "아파트명":"울산문수산더샵",
            "투자타입":"일반",
            "전용면적(m2)":"114.75",
            "전용면적(평)":"34평",
            "법정동주소":"울산시 울주군 범서읍 굴화리 758",
            "도로명주소":"울산시 울주군 장검길 88",
            "세대수":90,
            "입주년차":80,
            "용적률점수":"--",
            "건폐율점수":"--",
            "세대당주차수":30,
            "난방방식":30,
            "공급면적":"--",
            "전용률":"--",
            "욕실수":100,
            "현관타입":100,
            "주거총점":75.0,
            "지역구공급총점":0.0,
            "역세권":"NA",
            "30분내 이동가능 거점":"NA",
            "1시간내 이동가능 거점":"NA",
            "교통총점":"NA",
            "백화점":0,
            "아울렛몰":0,
            "대형마트":80,
            "은행":0,
            "병원":0,
            "종합병원":100,
            "공원":100,
            "혐오시설":0,
            "인프라총점":35.0,
            "초등학군":89.99,
            "중학군":55.82,
            "학군총점":62.654,
            "인구수":24.46,
            "인구증감":-0.4,
            "인구총점":17.002,
            "일자리":16.11,
            "소득수준":68.47,
            "일자리총점":31.818,
            "가치 총점":55.9135,
            "매매실거래년":20220115.0,
            "매매실거래가":59500.0,
            "전세실거래년":20220103.0,
            "전세실거래가":44000.0,
            "전세가율":73.95,
            "장기전세가율평균":70.39,
            "전세가율거품지수":-3.56,
            "검색코드":103469,
            "세대수":1005.0,
            "준공년월":"2014-02-17",
            "준공년차":9.0,
            "가까운역이름":"NA",
            "가까운역거리":"NA",
            "역세권여부":"NA",
            "30분이내주요거점역":"NA",
            "30분거점역이름":"NA",
            "1시간이내주요거점역":"NA",
            "1시간거점역이름":"NA",
            "3km이내백화점수":0,
            "5km이내아울렛몰수":0,
            "1km이내대형먀트수":1,
            "500m이내은행수":0,
            "500m이내병원수":0,
            "5km이내대형병원수":2,
            "500m이내공원수":5,
            "3km이내혐오시설수":0,
            "초등학교학업성취도":89.99,
            "중학교학업성취도":92.5,
            "용적률":246,
            "건폐율":12,
            "Y":35.550706,
            "X":129.250814,
            "rank":1.0,
            "area_info":"34평(114.75), 34평(114.55), 34평(114.41), 34평(115.1)",
            "last_sales":"2022-01-15,59500.0,34평(114.75)",
            "rank_history":[
                [
                    "202203",
                    1
                ],
                [
                    "202202",
                    1
                ],
                [
                    "202201",
                    1
                ]
            ],
            "rank_gap":0
        },
        {
            "index":46,
            "아파트명":"문수마을동문굿모닝힐",
            "투자타입":"일반",
            "전용면적(m2)":"163.42",
            "전용면적(평)":"49평",
            "법정동주소":"울산시 울주군 범서읍 굴화리 734",
            "도로명주소":"울산시 울주군 장검길 123",
            "세대수":50,
            "입주년차":60,
            "용적률점수":"--",
            "건폐율점수":"--",
            "세대당주차수":80,
            "난방방식":30,
            "공급면적":"--",
            "전용률":"--",
            "욕실수":100,
            "현관타입":100,
            "주거총점":64.5,
            "지역구공급총점":0.0,
            "역세권":"NA",
            "30분내 이동가능 거점":"NA",
            "1시간내 이동가능 거점":"NA",
            "교통총점":"NA",
            "백화점":0,
            "아울렛몰":0,
            "대형마트":80,
            "은행":0,
            "병원":0,
            "종합병원":100,
            "공원":100,
            "혐오시설":0,
            "인프라총점":35.0,
            "초등학군":89.98,
            "중학군":55.82,
            "학군총점":62.652,
            "인구수":24.46,
            "인구증감":-0.4,
            "인구총점":17.002,
            "일자리":16.11,
            "소득수준":68.47,
            "일자리총점":31.818,
            "가치 총점":52.238,
            "매매실거래년":20220126.0,
            "매매실거래가":65000.0,
            "전세실거래년":20210521.0,
            "전세실거래가":53000.0,
            "전세가율":79.1,
            "장기전세가율평균":70.39,
            "전세가율거품지수":-8.71,
            "검색코드":106980,
            "세대수":472.0,
            "준공년월":"2010-05-24",
            "준공년차":13.0,
            "가까운역이름":"NA",
            "가까운역거리":"NA",
            "역세권여부":"NA",
            "30분이내주요거점역":"NA",
            "30분거점역이름":"NA",
            "1시간이내주요거점역":"NA",
            "1시간거점역이름":"NA",
            "3km이내백화점수":0,
            "5km이내아울렛몰수":0,
            "1km이내대형먀트수":1,
            "500m이내은행수":0,
            "500m이내병원수":0,
            "5km이내대형병원수":2,
            "500m이내공원수":5,
            "3km이내혐오시설수":0,
            "초등학교학업성취도":89.98,
            "중학교학업성취도":92.5,
            "용적률":243,
            "건폐율":13,
            "Y":35.549614,
            "X":129.251718,
            "rank":2.0,
            "area_info":"49평(163.42), 50평(168.12), 54평(179.19), 59평(195.55)",
            "last_sales":"2022-01-26,65000.0,54평(179.19)",
            "rank_history":[
                [
                    "202203",
                    2
                ],
                [
                    "202202",
                    2
                ],
                [
                    "202201",
                    2
                ]
            ],
            "rank_gap":0
        },
        {
            "index":54,
            "아파트명":"문수산동원로얄듀크",
            "투자타입":"일반",
            "전용면적(m2)":"113.17",
            "전용면적(평)":"34평",
            "법정동주소":"울산시 울주군 범서읍 굴화리 743-2",
            "도로명주소":"울산시 울주군 장검길 60",
            "세대수":50,
            "입주년차":80,
            "용적률점수":"--",
            "건폐율점수":"--",
            "세대당주차수":60,
            "난방방식":30,
            "공급면적":"--",
            "전용률":"--",
            "욕실수":100,
            "현관타입":100,
            "주거총점":65.5,
            "지역구공급총점":0.0,
            "역세권":"NA",
            "30분내 이동가능 거점":"NA",
            "1시간내 이동가능 거점":"NA",
            "교통총점":"NA",
            "백화점":0,
            "아울렛몰":0,
            "대형마트":80,
            "은행":0,
            "병원":0,
            "종합병원":100,
            "공원":100,
            "혐오시설":0,
            "인프라총점":35.0,
            "초등학군":89.99,
            "중학군":51.18,
            "학군총점":58.942,
            "인구수":24.46,
            "인구증감":-0.4,
            "인구총점":17.002,
            "일자리":16.11,
            "소득수준":68.47,
            "일자리총점":31.818,
            "가치 총점":51.6605,
            "매매실거래년":20220121.0,
            "매매실거래가":78000.0,
            "전세실거래년":20220207.0,
            "전세실거래가":30000.0,
            "전세가율":46.08,
            "장기전세가율평균":70.39,
            "전세가율거품지수":24.31,
            "검색코드":109407,
            "세대수":625.0,
            "준공년월":"2017-08-22",
            "준공년차":6.0,
            "가까운역이름":"NA",
            "가까운역거리":"NA",
            "역세권여부":"NA",
            "30분이내주요거점역":"NA",
            "30분거점역이름":"NA",
            "1시간이내주요거점역":"NA",
            "1시간거점역이름":"NA",
            "3km이내백화점수":0,
            "5km이내아울렛몰수":0,
            "1km이내대형먀트수":1,
            "500m이내은행수":0,
            "500m이내병원수":0,
            "5km이내대형병원수":2,
            "500m이내공원수":4,
            "3km이내혐오시설수":0,
            "초등학교학업성취도":89.99,
            "중학교학업성취도":85.3,
            "용적률":248,
            "건폐율":17,
            "Y":35.554109,
            "X":129.252031,
            "rank":3.0,
            "area_info":"34평(113.17), 39평(129.56)",
            "last_sales":"2022-01-21,78000.0,39평(129.56)",
            "rank_history":[
                [
                    "202203",
                    3
                ],
                [
                    "202202",
                    3
                ],
                [
                    "202201",
                    3
                ]
            ],
            "rank_gap":0
        },
        {
            "index":441,
            "아파트명":"울산덕하신일해피트리",
            "투자타입":"일반",
            "전용면적(m2)":"80.69",
            "전용면적(평)":"24평",
            "법정동주소":"울산시 울주군 청량읍 상남리 696-1",
            "도로명주소":"울산시 울주군 삼정로 811",
            "세대수":50,
            "입주년차":100,
            "용적률점수":"--",
            "건폐율점수":"--",
            "세대당주차수":30,
            "난방방식":30,
            "공급면적":"--",
            "전용률":"--",
            "욕실수":100,
            "현관타입":100,
            "주거총점":65.0,
            "지역구공급총점":0.0,
            "역세권":"NA",
            "30분내 이동가능 거점":"NA",
            "1시간내 이동가능 거점":"NA",
            "교통총점":"NA",
            "백화점":0,
            "아울렛몰":0,
            "대형마트":80,
            "은행":0,
            "병원":0,
            "종합병원":80,
            "공원":100,
            "혐오시설":0,
            "인프라총점":31.0,
            "초등학군":90.04,
            "중학군":55.2,
            "학군총점":62.168,
            "인구수":24.46,
            "인구증감":-0.4,
            "인구총점":17.002,
            "일자리":16.11,
            "소득수준":68.47,
            "일자리총점":31.818,
            "가치 총점":50.692,
            "매매실거래년":20220122.0,
            "매매실거래가":47000.0,
            "전세실거래년":20210721.0,
            "전세실거래가":11550.0,
            "전세가율":35.0,
            "장기전세가율평균":70.39,
            "전세가율거품지수":35.39,
            "검색코드":117462,
            "세대수":660.0,
            "준공년월":"2019-06-19",
            "준공년차":4.0,
            "가까운역이름":"NA",
            "가까운역거리":"NA",
            "역세권여부":"NA",
            "30분이내주요거점역":"NA",
            "30분거점역이름":"NA",
            "1시간이내주요거점역":"NA",
            "1시간거점역이름":"NA",
            "3km이내백화점수":0,
            "5km이내아울렛몰수":0,
            "1km이내대형먀트수":1,
            "500m이내은행수":0,
            "500m이내병원수":0,
            "5km이내대형병원수":1,
            "500m이내공원수":2,
            "3km이내혐오시설수":0,
            "초등학교학업성취도":90.04,
            "중학교학업성취도":92.0,
            "용적률":249,
            "건폐율":19,
            "Y":35.488498,
            "X":129.303109,
            "rank":4.0,
            "area_info":"24평(80.69), 30평(99.85), 30평(100.03), 34평(112.8)",
            "last_sales":"2022-01-22,47000.0,34평(112.8)",
            "rank_history":[
                [
                    "202203",
                    4
                ],
                [
                    "202202",
                    4
                ],
                [
                    "202201",
                    19
                ]
            ],
            "rank_gap":0
        },
        {
            "index":244,
            "아파트명":"울산역신도시동문굿모닝힐",
            "투자타입":"일반",
            "전용면적(m2)":"119.85",
            "전용면적(평)":"36평",
            "법정동주소":"울산시 울주군 삼남읍 교동리 1678-3",
            "도로명주소":"울산시 울주군 울산역로 274",
            "세대수":50,
            "입주년차":100,
            "용적률점수":"--",
            "건폐율점수":"--",
            "세대당주차수":60,
            "난방방식":30,
            "공급면적":"--",
            "전용률":"--",
            "욕실수":100,
            "현관타입":100,
            "주거총점":69.5,
            "지역구공급총점":0.0,
            "역세권":"NA",
            "30분내 이동가능 거점":"NA",
            "1시간내 이동가능 거점":"NA",
            "교통총점":"NA",
            "백화점":0,
            "아울렛몰":0,
            "대형마트":80,
            "은행":0,
            "병원":0,
            "종합병원":80,
            "공원":100,
            "혐오시설":0,
            "인프라총점":31.0,
            "초등학군":90.03,
            "중학군":43.72,
            "학군총점":52.982,
            "인구수":24.46,
            "인구증감":-0.4,
            "인구총점":17.002,
            "일자리":16.11,
            "소득수준":68.47,
            "일자리총점":31.818,
            "가치 총점":49.9705,
            "매매실거래년":20211119.0,
            "매매실거래가":47500.0,
            "전세실거래년":20211114.0,
            "전세실거래가":37000.0,
            "전세가율":77.89,
            "장기전세가율평균":70.39,
            "전세가율거품지수":-7.5,
            "검색코드":115978,
            "세대수":503.0,
            "준공년월":"2019-04-30",
            "준공년차":4.0,
            "가까운역이름":"NA",
            "가까운역거리":"NA",
            "역세권여부":"NA",
            "30분이내주요거점역":"NA",
            "30분거점역이름":"NA",
            "1시간이내주요거점역":"NA",
            "1시간거점역이름":"NA",
            "3km이내백화점수":0,
            "5km이내아울렛몰수":0,
            "1km이내대형먀트수":1,
            "500m이내은행수":0,
            "500m이내병원수":0,
            "5km이내대형병원수":1,
            "500m이내공원수":4,
            "3km이내혐오시설수":0,
            "초등학교학업성취도":90.03,
            "중학교학업성취도":72.0,
            "용적률":384,
            "건폐율":29,
            "Y":35.557929,
            "X":129.131306,
            "rank":5.0,
            "area_info":"36평(119.85), 36평(120.52), 52평(172.63), 54평(178.94)",
            "last_sales":"2021-11-19,47500.0,36평(119.85)",
            "rank_history":[
                [
                    "202203",
                    5
                ],
                [
                    "202202",
                    5
                ],
                [
                    "202201",
                    7
                ]
            ],
            "rank_gap":0
        },
        {
            "index":21,
            "아파트명":"굴화강변월드메르디앙",
            "투자타입":"일반",
            "전용면적(m2)":"110.47",
            "전용면적(평)":"33평",
            "법정동주소":"울산시 울주군 범서읍 굴화리 353",
            "도로명주소":"울산시 울주군 굴화1길 55",
            "세대수":50,
            "입주년차":40,
            "용적률점수":"--",
            "건폐율점수":"--",
            "세대당주차수":60,
            "난방방식":30,
            "공급면적":"--",
            "전용률":"--",
            "욕실수":100,
            "현관타입":100,
            "주거총점":57.5,
            "지역구공급총점":0.0,
            "역세권":"NA",
            "30분내 이동가능 거점":"NA",
            "1시간내 이동가능 거점":"NA",
            "교통총점":"NA",
            "백화점":0,
            "아울렛몰":0,
            "대형마트":100,
            "은행":0,
            "병원":0,
            "종합병원":100,
            "공원":80,
            "혐오시설":0,
            "인프라총점":37.4,
            "초등학군":89.99,
            "중학군":51.18,
            "학군총점":58.942,
            "인구수":24.46,
            "인구증감":-0.4,
            "인구총점":17.002,
            "일자리":16.11,
            "소득수준":68.47,
            "일자리총점":31.818,
            "가치 총점":49.8205,
            "매매실거래년":20220222.0,
            "매매실거래가":60000.0,
            "전세실거래년":20220111.0,
            "전세실거래가":28800.0,
            "전세가율":50.26,
            "장기전세가율평균":70.39,
            "전세가율거품지수":20.13,
            "검색코드":25467,
            "세대수":696.0,
            "준공년월":"2008-12-12",
            "준공년차":15.0,
            "가까운역이름":"NA",
            "가까운역거리":"NA",
            "역세권여부":"NA",
            "30분이내주요거점역":"NA",
            "30분거점역이름":"NA",
            "1시간이내주요거점역":"NA",
            "1시간거점역이름":"NA",
            "3km이내백화점수":0,
            "5km이내아울렛몰수":0,
            "1km이내대형먀트수":2,
            "500m이내은행수":0,
            "500m이내병원수":0,
            "5km이내대형병원수":2,
            "500m이내공원수":1,
            "3km이내혐오시설수":0,
            "초등학교학업성취도":89.99,
            "중학교학업성취도":85.3,
            "용적률":252,
            "건폐율":51,
            "Y":35.556523,
            "X":129.258234,
            "rank":6.0,
            "area_info":"33평(110.47), 43평(142.87), 50평(166.65)",
            "last_sales":"2022-02-22,60000.0,43평(142.87)",
            "rank_history":[
                [
                    "202203",
                    6
                ],
                [
                    "202202",
                    6
                ],
                [
                    "202201",
                    9
                ]
            ],
            "rank_gap":0
        },
        {
            "index":14,
            "아파트명":"구영우미린2차",
            "투자타입":"일반",
            "전용면적(m2)":"102.16",
            "전용면적(평)":"30평",
            "법정동주소":"울산시 울주군 범서읍 구영리 207-1",
            "도로명주소":"울산시 울주군 대리로 15-17",
            "세대수":50,
            "입주년차":40,
            "용적률점수":"--",
            "건폐율점수":"--",
            "세대당주차수":30,
            "난방방식":30,
            "공급면적":"--",
            "전용률":"--",
            "욕실수":100,
            "현관타입":100,
            "주거총점":53.0,
            "지역구공급총점":0.0,
            "역세권":"NA",
            "30분내 이동가능 거점":"NA",
            "1시간내 이동가능 거점":"NA",
            "교통총점":"NA",
            "백화점":0,
            "아울렛몰":0,
            "대형마트":80,
            "은행":70,
            "병원":0,
            "종합병원":80,
            "공원":100,
            "혐오시설":0,
            "인프라총점":38.0,
            "초등학군":90.0,
            "중학군":54.76,
            "학군총점":61.808,
            "인구수":24.46,
            "인구증감":-0.4,
            "인구총점":17.002,
            "일자리":16.11,
            "소득수준":68.47,
            "일자리총점":31.818,
            "가치 총점":49.202,
            "매매실거래년":20220128.0,
            "매매실거래가":43300.0,
            "전세실거래년":20220207.0,
            "전세실거래가":38000.0,
            "전세가율":87.76,
            "장기전세가율평균":70.39,
            "전세가율거품지수":-17.37,
            "검색코드":25215,
            "세대수":614.0,
            "준공년월":"2007-10-19",
            "준공년차":16.0,
            "가까운역이름":"NA",
            "가까운역거리":"NA",
            "역세권여부":"NA",
            "30분이내주요거점역":"NA",
            "30분거점역이름":"NA",
            "1시간이내주요거점역":"NA",
            "1시간거점역이름":"NA",
            "3km이내백화점수":0,
            "5km이내아울렛몰수":0,
            "1km이내대형먀트수":1,
            "500m이내은행수":4,
            "500m이내병원수":0,
            "5km이내대형병원수":1,
            "500m이내공원수":2,
            "3km이내혐오시설수":0,
            "초등학교학업성취도":90.0,
            "중학교학업성취도":90.0,
            "용적률":197,
            "건폐율":15,
            "Y":35.57298,
            "X":129.24351,
            "rank":7.0,
            "area_info":"30평(102.16), 45평(150.38), 46평(154.11)",
            "last_sales":"2022-01-28,43300.0,30평(102.16)",
            "rank_history":[
                [
                    "202203",
                    7
                ],
                [
                    "202202",
                    7
                ],
                [
                    "202201",
                    4
                ]
            ],
            "rank_gap":0
        },
        {
            "index":167,
            "아파트명":"호반베르디움",
            "투자타입":"일반",
            "전용면적(m2)":"93.43",
            "전용면적(평)":"28평",
            "법정동주소":"울산시 울주군 범서읍 구영리 211-1",
            "도로명주소":"울산시 울주군 대리로 15-12",
            "세대수":50,
            "입주년차":40,
            "용적률점수":"--",
            "건폐율점수":"--",
            "세대당주차수":30,
            "난방방식":30,
            "공급면적":"--",
            "전용률":"--",
            "욕실수":100,
            "현관타입":100,
            "주거총점":53.0,
            "지역구공급총점":0.0,
            "역세권":"NA",
            "30분내 이동가능 거점":"NA",
            "1시간내 이동가능 거점":"NA",
            "교통총점":"NA",
            "백화점":0,
            "아울렛몰":0,
            "대형마트":80,
            "은행":70,
            "병원":0,
            "종합병원":80,
            "공원":100,
            "혐오시설":0,
            "인프라총점":38.0,
            "초등학군":89.99,
            "중학군":54.76,
            "학군총점":61.806,
            "인구수":24.46,
            "인구증감":-0.4,
            "인구총점":17.002,
            "일자리":16.11,
            "소득수준":68.47,
            "일자리총점":31.818,
            "가치 총점":49.2015,
            "매매실거래년":20220126.0,
            "매매실거래가":41400.0,
            "전세실거래년":20211119.0,
            "전세실거래가":32000.0,
            "전세가율":85.56,
            "장기전세가율평균":70.39,
            "전세가율거품지수":-15.17,
            "검색코드":25419,
            "세대수":648.0,
            "준공년월":"2007-12-07",
            "준공년차":16.0,
            "가까운역이름":"NA",
            "가까운역거리":"NA",
            "역세권여부":"NA",
            "30분이내주요거점역":"NA",
            "30분거점역이름":"NA",
            "1시간이내주요거점역":"NA",
            "1시간거점역이름":"NA",
            "3km이내백화점수":0,
            "5km이내아울렛몰수":0,
            "1km이내대형먀트수":1,
            "500m이내은행수":4,
            "500m이내병원수":0,
            "5km이내대형병원수":1,
            "500m이내공원수":4,
            "3km이내혐오시설수":0,
            "초등학교학업성취도":89.99,
            "중학교학업성취도":90.0,
            "용적률":200,
            "건폐율":15,
            "Y":35.572223,
            "X":129.245208,
            "rank":8.0,
            "area_info":"28평(93.43), 33평(111.58), 34평(113.28)",
            "last_sales":"2022-01-26,41400.0,33평(111.58)",
            "rank_history":[
                [
                    "202203",
                    8
                ],
                [
                    "202202",
                    8
                ],
                [
                    "202201",
                    5
                ]
            ],
            "rank_gap":0
        },
        {
            "index":17,
            "아파트명":"구영지구푸르지오1단지",
            "투자타입":"일반",
            "전용면적(m2)":"88.83",
            "전용면적(평)":"26평",
            "법정동주소":"울산시 울주군 범서읍 구영리 370-1",
            "도로명주소":"울산시 울주군 대리2길 48",
            "세대수":50,
            "입주년차":40,
            "용적률점수":"--",
            "건폐율점수":"--",
            "세대당주차수":30,
            "난방방식":30,
            "공급면적":"--",
            "전용률":"--",
            "욕실수":100,
            "현관타입":100,
            "주거총점":53.0,
            "지역구공급총점":0.0,
            "역세권":"NA",
            "30분내 이동가능 거점":"NA",
            "1시간내 이동가능 거점":"NA",
            "교통총점":"NA",
            "백화점":0,
            "아울렛몰":0,
            "대형마트":80,
            "은행":70,
            "병원":0,
            "종합병원":80,
            "공원":100,
            "혐오시설":0,
            "인프라총점":38.0,
            "초등학군":89.99,
            "중학군":54.76,
            "학군총점":61.806,
            "인구수":24.46,
            "인구증감":-0.4,
            "인구총점":17.002,
            "일자리":16.11,
            "소득수준":68.47,
            "일자리총점":31.818,
            "가치 총점":49.2015,
            "매매실거래년":20220205.0,
            "매매실거래가":42500.0,
            "전세실거래년":20211229.0,
            "전세실거래가":30000.0,
            "전세가율":86.96,
            "장기전세가율평균":70.39,
            "전세가율거품지수":-16.57,
            "검색코드":17657,
            "세대수":444.0,
            "준공년월":"2006-05-30",
            "준공년차":17.0,
            "가까운역이름":"NA",
            "가까운역거리":"NA",
            "역세권여부":"NA",
            "30분이내주요거점역":"NA",
            "30분거점역이름":"NA",
            "1시간이내주요거점역":"NA",
            "1시간거점역이름":"NA",
            "3km이내백화점수":0,
            "5km이내아울렛몰수":0,
            "1km이내대형먀트수":1,
            "500m이내은행수":4,
            "500m이내병원수":0,
            "5km이내대형병원수":1,
            "500m이내공원수":5,
            "3km이내혐오시설수":0,
            "초등학교학업성취도":89.99,
            "중학교학업성취도":90.0,
            "용적률":226,
            "건폐율":18,
            "Y":35.570612,
            "X":129.244146,
            "rank":8.0,
            "area_info":"26평(88.83), 34평(113.59)",
            "last_sales":"2022-02-05,42500.0,34평(113.59)",
            "rank_history":[
                [
                    "202203",
                    8
                ],
                [
                    "202202",
                    8
                ],
                [
                    "202201",
                    5
                ]
            ],
            "rank_gap":0
        },
        {
            "index":429,
            "아파트명":"덕하한양수자인",
            "투자타입":"일반",
            "전용면적(m2)":"80.8",
            "전용면적(평)":"24평",
            "법정동주소":"울산시 울주군 청량읍 상남리 696-2",
            "도로명주소":"울산시 울주군 덕하로 182",
            "세대수":50,
            "입주년차":80,
            "용적률점수":"--",
            "건폐율점수":"--",
            "세대당주차수":30,
            "난방방식":30,
            "공급면적":"--",
            "전용률":"--",
            "욕실수":100,
            "현관타입":100,
            "주거총점":61.0,
            "지역구공급총점":0.0,
            "역세권":"NA",
            "30분내 이동가능 거점":"NA",
            "1시간내 이동가능 거점":"NA",
            "교통총점":"NA",
            "백화점":0,
            "아울렛몰":0,
            "대형마트":80,
            "은행":0,
            "병원":0,
            "종합병원":80,
            "공원":80,
            "혐오시설":0,
            "인프라총점":30.4,
            "초등학군":90.04,
            "중학군":55.2,
            "학군총점":62.168,
            "인구수":24.46,
            "인구증감":-0.4,
            "인구총점":17.002,
            "일자리":16.11,
            "소득수준":68.47,
            "일자리총점":31.818,
            "가치 총점":49.052,
            "매매실거래년":20220123.0,
            "매매실거래가":32400.0,
            "전세실거래년":20211215.0,
            "전세실거래가":18000.0,
            "전세가율":55.56,
            "장기전세가율평균":70.39,
            "전세가율거품지수":14.83,
            "검색코드":112492,
            "세대수":572.0,
            "준공년월":"2018-05-21",
            "준공년차":5.0,
            "가까운역이름":"NA",
            "가까운역거리":"NA",
            "역세권여부":"NA",
            "30분이내주요거점역":"NA",
            "30분거점역이름":"NA",
            "1시간이내주요거점역":"NA",
            "1시간거점역이름":"NA",
            "3km이내백화점수":0,
            "5km이내아울렛몰수":0,
            "1km이내대형먀트수":1,
            "500m이내은행수":0,
            "500m이내병원수":0,
            "5km이내대형병원수":1,
            "500m이내공원수":1,
            "3km이내혐오시설수":0,
            "초등학교학업성취도":90.04,
            "중학교학업성취도":92.0,
            "용적률":234,
            "건폐율":19,
            "Y":35.488221,
            "X":129.301403,
            "rank":9.0,
            "area_info":"24평(80.8), 33평(109.63), 33평(111.01)",
            "last_sales":"2022-01-23,32400.0,24평(80.8)",
            "rank_history":[
                [
                    "202203",
                    9
                ],
                [
                    "202202",
                    9
                ],
                [
                    "202201",
                    25
                ]
            ],
            "rank_gap":0
        },
        {
            "index":2,
            "아파트명":"구영2차푸르지오",
            "투자타입":"일반",
            "전용면적(m2)":"91.3",
            "전용면적(평)":"27평",
            "법정동주소":"울산시 울주군 범서읍 구영리 209-1",
            "도로명주소":"울산시 울주군 구영로 101-7",
            "세대수":50,
            "입주년차":40,
            "용적률점수":"--",
            "건폐율점수":"--",
            "세대당주차수":30,
            "난방방식":30,
            "공급면적":"--",
            "전용률":"--",
            "욕실수":100,
            "현관타입":100,
            "주거총점":53.0,
            "지역구공급총점":0.0,
            "역세권":"NA",
            "30분내 이동가능 거점":"NA",
            "1시간내 이동가능 거점":"NA",
            "교통총점":"NA",
            "백화점":0,
            "아울렛몰":0,
            "대형마트":80,
            "은행":70,
            "병원":0,
            "종합병원":80,
            "공원":80,
            "혐오시설":0,
            "인프라총점":37.4,
            "초등학군":90.0,
            "중학군":53.58,
            "학군총점":60.864,
            "인구수":24.46,
            "인구증감":-0.4,
            "인구총점":17.002,
            "일자리":16.11,
            "소득수준":68.47,
            "일자리총점":31.818,
            "가치 총점":48.726,
            "매매실거래년":20220216.0,
            "매매실거래가":49000.0,
            "전세실거래년":20220103.0,
            "전세실거래가":36000.0,
            "전세가율":84.71,
            "장기전세가율평균":70.39,
            "전세가율거품지수":-14.32,
            "검색코드":25420,
            "세대수":662.0,
            "준공년월":"2007-12-14",
            "준공년차":16.0,
            "가까운역이름":"NA",
            "가까운역거리":"NA",
            "역세권여부":"NA",
            "30분이내주요거점역":"NA",
            "30분거점역이름":"NA",
            "1시간이내주요거점역":"NA",
            "1시간거점역이름":"NA",
            "3km이내백화점수":0,
            "5km이내아울렛몰수":0,
            "1km이내대형먀트수":1,
            "500m이내은행수":4,
            "500m이내병원수":0,
            "5km이내대형병원수":1,
            "500m이내공원수":1,
            "3km이내혐오시설수":0,
            "초등학교학업성취도":90.0,
            "중학교학업성취도":88.5,
            "용적률":202,
            "건폐율":15,
            "Y":35.575073,
            "X":129.242483,
            "rank":10.0,
            "area_info":"27평(91.3), 28평(93.74), 33평(110.09), 33평(111.4), 45평(151.89)",
            "last_sales":"2022-02-16,49000.0,33평(110.09)",
            "rank_history":[
                [
                    "202203",
                    10
                ],
                [
                    "202202",
                    10
                ],
                [
                    "202201",
                    6
                ]
            ],
            "rank_gap":0
        },
        {
            "index":160,
            "아파트명":"풍경채",
            "투자타입":"일반",
            "전용면적(m2)":"80.69",
            "전용면적(평)":"24평",
            "법정동주소":"울산시 울주군 범서읍 구영리 208",
            "도로명주소":"울산시 울주군 구영로 75-26",
            "세대수":50,
            "입주년차":40,
            "용적률점수":"--",
            "건폐율점수":"--",
            "세대당주차수":30,
            "난방방식":30,
            "공급면적":"--",
            "전용률":"--",
            "욕실수":100,
            "현관타입":100,
            "주거총점":53.0,
            "지역구공급총점":0.0,
            "역세권":"NA",
            "30분내 이동가능 거점":"NA",
            "1시간내 이동가능 거점":"NA",
            "교통총점":"NA",
            "백화점":0,
            "아울렛몰":0,
            "대형마트":80,
            "은행":70,
            "병원":0,
            "종합병원":80,
            "공원":80,
            "혐오시설":0,
            "인프라총점":37.4,
            "초등학군":90.0,
            "중학군":53.58,
            "학군총점":60.864,
            "인구수":24.46,
            "인구증감":-0.4,
            "인구총점":17.002,
            "일자리":16.11,
            "소득수준":68.47,
            "일자리총점":31.818,
            "가치 총점":48.726,
            "매매실거래년":20220214.0,
            "매매실거래가":47000.0,
            "전세실거래년":20210517.0,
            "전세실거래가":29000.0,
            "전세가율":86.57,
            "장기전세가율평균":70.39,
            "전세가율거품지수":-16.18,
            "검색코드":25058,
            "세대수":413.0,
            "준공년월":"2007-09-17",
            "준공년차":16.0,
            "가까운역이름":"NA",
            "가까운역거리":"NA",
            "역세권여부":"NA",
            "30분이내주요거점역":"NA",
            "30분거점역이름":"NA",
            "1시간이내주요거점역":"NA",
            "1시간거점역이름":"NA",
            "3km이내백화점수":0,
            "5km이내아울렛몰수":0,
            "1km이내대형먀트수":1,
            "500m이내은행수":3,
            "500m이내병원수":0,
            "5km이내대형병원수":1,
            "500m이내공원수":1,
            "3km이내혐오시설수":0,
            "초등학교학업성취도":90.0,
            "중학교학업성취도":88.5,
            "용적률":200,
            "건폐율":14,
            "Y":35.575942,
            "X":129.243864,
            "rank":10.0,
            "area_info":"24평(80.69), 32평(106.75), 32평(107.56)",
            "last_sales":"2022-02-14,47000.0,32평(107.56)",
            "rank_history":[
                [
                    "202203",
                    10
                ],
                [
                    "202202",
                    10
                ],
                [
                    "202201",
                    6
                ]
            ],
            "rank_gap":0
        },
        {
            "index":10,
            "아파트명":"구영우미린1차",
            "투자타입":"일반",
            "전용면적(m2)":"94.35",
            "전용면적(평)":"28평",
            "법정동주소":"울산시 울주군 범서읍 구영리 204-1",
            "도로명주소":"울산시 울주군 구영로 75-9",
            "세대수":50,
            "입주년차":40,
            "용적률점수":"--",
            "건폐율점수":"--",
            "세대당주차수":30,
            "난방방식":30,
            "공급면적":"--",
            "전용률":"--",
            "욕실수":100,
            "현관타입":100,
            "주거총점":53.0,
            "지역구공급총점":0.0,
            "역세권":"NA",
            "30분내 이동가능 거점":"NA",
            "1시간내 이동가능 거점":"NA",
            "교통총점":"NA",
            "백화점":0,
            "아울렛몰":0,
            "대형마트":80,
            "은행":70,
            "병원":0,
            "종합병원":80,
            "공원":80,
            "혐오시설":0,
            "인프라총점":37.4,
            "초등학군":90.0,
            "중학군":53.58,
            "학군총점":60.864,
            "인구수":24.46,
            "인구증감":-0.4,
            "인구총점":17.002,
            "일자리":16.11,
            "소득수준":68.47,
            "일자리총점":31.818,
            "가치 총점":48.726,
            "매매실거래년":20220122.0,
            "매매실거래가":41800.0,
            "전세실거래년":20220122.0,
            "전세실거래가":36000.0,
            "전세가율":86.12,
            "장기전세가율평균":70.39,
            "전세가율거품지수":-15.73,
            "검색코드":25216,
            "세대수":693.0,
            "준공년월":"2007-10-19",
            "준공년차":16.0,
            "가까운역이름":"NA",
            "가까운역거리":"NA",
            "역세권여부":"NA",
            "30분이내주요거점역":"NA",
            "30분거점역이름":"NA",
            "1시간이내주요거점역":"NA",
            "1시간거점역이름":"NA",
            "3km이내백화점수":0,
            "5km이내아울렛몰수":0,
            "1km이내대형먀트수":1,
            "500m이내은행수":3,
            "500m이내병원수":0,
            "5km이내대형병원수":1,
            "500m이내공원수":1,
            "3km이내혐오시설수":0,
            "초등학교학업성취도":90.0,
            "중학교학업성취도":88.5,
            "용적률":194,
            "건폐율":14,
            "Y":35.577371,
            "X":129.241625,
            "rank":10.0,
            "area_info":"28평(94.35), 33평(110.77), 34평(112.53), 45평(150.32)",
            "last_sales":"2022-01-22,41800.0,28평(94.35)",
            "rank_history":[
                [
                    "202203",
                    10
                ],
                [
                    "202202",
                    10
                ],
                [
                    "202201",
                    6
                ]
            ],
            "rank_gap":0
        },
        {
            "index":65,
            "아파트명":"문수애시앙1단지",
            "투자타입":"일반",
            "전용면적(m2)":"125.17",
            "전용면적(평)":"37평",
            "법정동주소":"울산시 울주군 범서읍 천상리 268",
            "도로명주소":"울산시 울주군 대동길 21",
            "세대수":80,
            "입주년차":80,
            "용적률점수":"--",
            "건폐율점수":"--",
            "세대당주차수":60,
            "난방방식":30,
            "공급면적":"--",
            "전용률":"--",
            "욕실수":100,
            "현관타입":100,
            "주거총점":76.0,
            "지역구공급총점":0.0,
            "역세권":"NA",
            "30분내 이동가능 거점":"NA",
            "1시간내 이동가능 거점":"NA",
            "교통총점":"NA",
            "백화점":0,
            "아울렛몰":0,
            "대형마트":0,
            "은행":0,
            "병원":0,
            "종합병원":80,
            "공원":100,
            "혐오시설":0,
            "인프라총점":19.0,
            "초등학군":90.0,
            "중학군":49.74,
            "학군총점":57.792,
            "인구수":24.46,
            "인구증감":-0.4,
            "인구총점":17.002,
            "일자리":16.11,
            "소득수준":68.47,
            "일자리총점":31.818,
            "가치 총점":48.648,
            "매매실거래년":20220109.0,
            "매매실거래가":54000.0,
            "전세실거래년":20220114.0,
            "전세실거래가":41000.0,
            "전세가율":91.62,
            "장기전세가율평균":70.39,
            "전세가율거품지수":-21.23,
            "검색코드":107838,
            "세대수":821.0,
            "준공년월":"2014-03-07",
            "준공년차":9.0,
            "가까운역이름":"NA",
            "가까운역거리":"NA",
            "역세권여부":"NA",
            "30분이내주요거점역":"NA",
            "30분거점역이름":"NA",
            "1시간이내주요거점역":"NA",
            "1시간거점역이름":"NA",
            "3km이내백화점수":0,
            "5km이내아울렛몰수":0,
            "1km이내대형먀트수":0,
            "500m이내은행수":0,
            "500m이내병원수":0,
            "5km이내대형병원수":1,
            "500m이내공원수":3,
            "3km이내혐오시설수":0,
            "초등학교학업성취도":90.0,
            "중학교학업성취도":82.7,
            "용적률":243,
            "건폐율":14,
            "Y":35.560569,
            "X":129.231508,
            "rank":11.0,
            "area_info":"37평(125.17), 40평(133.53), 40평(135.41), 45평(149.78), 48평(160.05), 48평(160.75)",
            "last_sales":"2022-01-09,54000.0,45평(149.78)",
            "rank_history":[
                [
                    "202203",
                    11
                ],
                [
                    "202202",
                    11
                ],
                [
                    "202201",
                    8
                ]
            ],
            "rank_gap":0
        },
        {
            "index":301,
            "아파트명":"양우내안애더퍼스트",
            "투자타입":"일반",
            "전용면적(m2)":"89.77",
            "전용면적(평)":"27평",
            "법정동주소":"울산시 울주군 언양읍 송대리 언양송대지구 B4블럭(1블럭 1롯트)",
            "도로명주소":"울산시 울주군 내곡능골길 93-20",
            "세대수":100,
            "입주년차":100,
            "용적률점수":"--",
            "건폐율점수":"--",
            "세대당주차수":30,
            "난방방식":30,
            "공급면적":"--",
            "전용률":"--",
            "욕실수":100,
            "현관타입":100,
            "주거총점":82.5,
            "지역구공급총점":0.0,
            "역세권":"NA",
            "30분내 이동가능 거점":"NA",
            "1시간내 이동가능 거점":"NA",
            "교통총점":"NA",
            "백화점":0,
            "아울렛몰":0,
            "대형마트":0,
            "은행":0,
            "병원":0,
            "종합병원":80,
            "공원":0,
            "혐오시설":0,
            "인프라총점":16.0,
            "초등학군":90.0,
            "중학군":43.72,
            "학군총점":52.976,
            "인구수":24.46,
            "인구증감":-0.4,
            "인구총점":17.002,
            "일자리":16.11,
            "소득수준":68.47,
            "일자리총점":31.818,
            "가치 총점":48.519,
            "매매실거래년":20220205.0,
            "매매실거래가":27100.0,
            "전세실거래년":20210717.0,
            "전세실거래가":20000.0,
            "전세가율":73.8,
            "장기전세가율평균":70.39,
            "전세가율거품지수":-3.41,
            "검색코드":112444,
            "세대수":1715.0,
            "준공년월":"2019-01-01",
            "준공년차":4.0,
            "가까운역이름":"NA",
            "가까운역거리":"NA",
            "역세권여부":"NA",
            "30분이내주요거점역":"NA",
            "30분거점역이름":"NA",
            "1시간이내주요거점역":"NA",
            "1시간거점역이름":"NA",
            "3km이내백화점수":0,
            "5km이내아울렛몰수":0,
            "1km이내대형먀트수":0,
            "500m이내은행수":0,
            "500m이내병원수":0,
            "5km이내대형병원수":1,
            "500m이내공원수":0,
            "3km이내혐오시설수":0,
            "초등학교학업성취도":90.0,
            "중학교학업성취도":72.0,
            "용적률":213,
            "건폐율":17,
            "Y":35.582346,
            "X":129.122134,
            "rank":12.0,
            "area_info":"27평(89.77), 29평(96.72), 29평(97.29), 29평(98.58), 29평(98.58), 29평(99.14), 33평(111.98)",
            "last_sales":"2022-02-05,27100.0,27평(89.77)",
            "rank_history":[
                [
                    "202203",
                    12
                ],
                [
                    "202202",
                    12
                ],
                [
                    "202201",
                    14
                ]
            ],
            "rank_gap":0
        },
        {
            "index":358,
            "아파트명":"울산덕신사원",
            "투자타입":"재건축",
            "전용면적(m2)":"45.84",
            "전용면적(평)":"13평",
            "법정동주소":"울산시 울주군 온산읍 덕신리 1329-5",
            "도로명주소":"울산시 울주군 영남7길 35",
            "세대수":50,
            "입주년차":"--",
            "용적률점수":100,
            "건폐율점수":100,
            "세대당주차수":"--",
            "난방방식":"--",
            "공급면적":50,
            "전용률":80,
            "욕실수":"--",
            "현관타입":"--",
            "주거총점":81.5,
            "지역구공급총점":0.0,
            "역세권":"NA",
            "30분내 이동가능 거점":"NA",
            "1시간내 이동가능 거점":"NA",
            "교통총점":"NA",
            "백화점":0,
            "아울렛몰":0,
            "대형마트":80,
            "은행":0,
            "병원":0,
            "종합병원":0,
            "공원":100,
            "혐오시설":0,
            "인프라총점":15.0,
            "초등학군":89.99,
            "중학군":46.84,
            "학군총점":55.47,
            "인구수":24.46,
            "인구증감":-0.4,
            "인구총점":17.002,
            "일자리":16.11,
            "소득수준":68.47,
            "일자리총점":31.818,
            "가치 총점":48.3925,
            "매매실거래년":20220214.0,
            "매매실거래가":7500.0,
            "전세실거래년":20210601.0,
            "전세실거래가":4500.0,
            "전세가율":90.0,
            "장기전세가율평균":70.39,
            "전세가율거품지수":-19.61,
            "검색코드":6703,
            "세대수":528.0,
            "준공년월":"1992-09-08",
            "준공년차":31.0,
            "가까운역이름":"NA",
            "가까운역거리":"NA",
            "역세권여부":"NA",
            "30분이내주요거점역":"NA",
            "30분거점역이름":"NA",
            "1시간이내주요거점역":"NA",
            "1시간거점역이름":"NA",
            "3km이내백화점수":0,
            "5km이내아울렛몰수":0,
            "1km이내대형먀트수":1,
            "500m이내은행수":0,
            "500m이내병원수":0,
            "5km이내대형병원수":0,
            "500m이내공원수":3,
            "3km이내혐오시설수":0,
            "초등학교학업성취도":89.99,
            "중학교학업성취도":76.8,
            "용적률":95,
            "건폐율":18,
            "Y":35.4414,
            "X":129.308888,
            "rank":13.0,
            "area_info":"13평(45.84), 13평(45.45), 16평(53.16)",
            "last_sales":"2022-02-14,7500.0,16평(53.16)",
            "rank_history":[
                [
                    "202203",
                    13
                ],
                [
                    "202202",
                    13
                ],
                [
                    "202201",
                    15
                ]
            ],
            "rank_gap":0
        },
        {
            "index":282,
            "아파트명":"서울산두산위브",
            "투자타입":"일반",
            "전용면적(m2)":"113.91",
            "전용면적(평)":"34평",
            "법정동주소":"울산시 울주군 언양읍 서부리 401",
            "도로명주소":"울산시 울주군 헌양길 202",
            "세대수":50,
            "입주년차":60,
            "용적률점수":"--",
            "건폐율점수":"--",
            "세대당주차수":60,
            "난방방식":30,
            "공급면적":"--",
            "전용률":"--",
            "욕실수":100,
            "현관타입":100,
            "주거총점":61.5,
            "지역구공급총점":0.0,
            "역세권":"NA",
            "30분내 이동가능 거점":"NA",
            "1시간내 이동가능 거점":"NA",
            "교통총점":"NA",
            "백화점":0,
            "아울렛몰":0,
            "대형마트":80,
            "은행":0,
            "병원":0,
            "종합병원":80,
            "공원":100,
            "혐오시설":0,
            "인프라총점":31.0,
            "초등학군":90.01,
            "중학군":49.32,
            "학군총점":57.458,
            "인구수":24.46,
            "인구증감":-0.4,
            "인구총점":17.002,
            "일자리":16.11,
            "소득수준":68.47,
            "일자리총점":31.818,
            "가치 총점":48.2895,
            "매매실거래년":20220210.0,
            "매매실거래가":33000.0,
            "전세실거래년":20210522.0,
            "전세실거래가":27000.0,
            "전세가율":81.82,
            "장기전세가율평균":70.39,
            "전세가율거품지수":-11.43,
            "검색코드":26933,
            "세대수":451.0,
            "준공년월":"2009-04-30",
            "준공년차":14.0,
            "가까운역이름":"NA",
            "가까운역거리":"NA",
            "역세권여부":"NA",
            "30분이내주요거점역":"NA",
            "30분거점역이름":"NA",
            "1시간이내주요거점역":"NA",
            "1시간거점역이름":"NA",
            "3km이내백화점수":0,
            "5km이내아울렛몰수":0,
            "1km이내대형먀트수":1,
            "500m이내은행수":0,
            "500m이내병원수":0,
            "5km이내대형병원수":1,
            "500m이내공원수":7,
            "3km이내혐오시설수":0,
            "초등학교학업성취도":90.01,
            "중학교학업성취도":80.4,
            "용적률":229,
            "건폐율":22,
            "Y":35.568828,
            "X":129.116088,
            "rank":14.0,
            "area_info":"34평(113.91), 46평(152.1), 46평(152.16), 46평(154.65), 51평(170.9)",
            "last_sales":"2022-02-10,33000.0,34평(113.91)",
            "rank_history":[
                [
                    "202203",
                    14
                ],
                [
                    "202202",
                    15
                ],
                [
                    "202201",
                    12
                ]
            ],
            "rank_gap":1
        },
        {
            "index":233,
            "아파트명":"우성스마트시티뷰",
            "투자타입":"일반",
            "전용면적(m2)":"109.96",
            "전용면적(평)":"33평",
            "법정동주소":"울산시 울주군 삼남읍 교동리 1678-1",
            "도로명주소":"울산시 울주군 울산역로 300",
            "세대수":50,
            "입주년차":80,
            "용적률점수":"--",
            "건폐율점수":"--",
            "세대당주차수":30,
            "난방방식":30,
            "공급면적":"--",
            "전용률":"--",
            "욕실수":100,
            "현관타입":100,
            "주거총점":61.0,
            "지역구공급총점":0.0,
            "역세권":"NA",
            "30분내 이동가능 거점":"NA",
            "1시간내 이동가능 거점":"NA",
            "교통총점":"NA",
            "백화점":0,
            "아울렛몰":0,
            "대형마트":100,
            "은행":0,
            "병원":0,
            "종합병원":80,
            "공원":100,
            "혐오시설":0,
            "인프라총점":34.0,
            "초등학군":89.86,
            "중학군":43.72,
            "학군총점":52.948,
            "인구수":24.46,
            "인구증감":-0.4,
            "인구총점":17.002,
            "일자리":16.11,
            "소득수준":68.47,
            "일자리총점":31.818,
            "가치 총점":48.187,
            "매매실거래년":20211010.0,
            "매매실거래가":53000.0,
            "전세실거래년":20220219.0,
            "전세실거래가":36000.0,
            "전세가율":67.92,
            "장기전세가율평균":70.39,
            "전세가율거품지수":2.47,
            "검색코드":111444,
            "세대수":444.0,
            "준공년월":"2018-07-01",
            "준공년차":5.0,
            "가까운역이름":"NA",
            "가까운역거리":"NA",
            "역세권여부":"NA",
            "30분이내주요거점역":"NA",
            "30분거점역이름":"NA",
            "1시간이내주요거점역":"NA",
            "1시간거점역이름":"NA",
            "3km이내백화점수":0,
            "5km이내아울렛몰수":0,
            "1km이내대형먀트수":2,
            "500m이내은행수":0,
            "500m이내병원수":0,
            "5km이내대형병원수":1,
            "500m이내공원수":4,
            "3km이내혐오시설수":0,
            "초등학교학업성취도":89.86,
            "중학교학업성취도":72.0,
            "용적률":0,
            "건폐율":0,
            "Y":35.55949,
            "X":129.128631,
            "rank":15.0,
            "area_info":"33평(109.96), 33평(109.36), 33평(109.99), 38평(127.9)",
            "last_sales":"2021-10-10,53000.0,33평(109.96)",
            "rank_history":[
                [
                    "202203",
                    15
                ],
                [
                    "202202",
                    14
                ],
                [
                    "202201",
                    10
                ]
            ],
            "rank_gap":-1
        },
        {
            "index":62,
            "아파트명":"문수산푸르지오",
            "투자타입":"일반",
            "전용면적(m2)":"114.95",
            "전용면적(평)":"34평",
            "법정동주소":"울산시 울주군 범서읍 굴화리 743-1",
            "도로명주소":"울산시 울주군 장검길 48",
            "세대수":30,
            "입주년차":80,
            "용적률점수":"--",
            "건폐율점수":"--",
            "세대당주차수":30,
            "난방방식":30,
            "공급면적":"--",
            "전용률":"--",
            "욕실수":100,
            "현관타입":100,
            "주거총점":54.0,
            "지역구공급총점":0.0,
            "역세권":"NA",
            "30분내 이동가능 거점":"NA",
            "1시간내 이동가능 거점":"NA",
            "교통총점":"NA",
            "백화점":0,
            "아울렛몰":0,
            "대형마트":80,
            "은행":0,
            "병원":0,
            "종합병원":100,
            "공원":100,
            "혐오시설":0,
            "인프라총점":35.0,
            "초등학군":89.99,
            "중학군":51.18,
            "학군총점":58.942,
            "인구수":24.46,
            "인구증감":-0.4,
            "인구총점":17.002,
            "일자리":16.11,
            "소득수준":68.47,
            "일자리총점":31.818,
            "가치 총점":47.6355,
            "매매실거래년":20220113.0,
            "매매실거래가":59000.0,
            "전세실거래년":20220127.0,
            "전세실거래가":38000.0,
            "전세가율":64.41,
            "장기전세가율평균":70.39,
            "전세가율거품지수":5.98,
            "검색코드":105287,
            "세대수":392.0,
            "준공년월":"2014-10-31",
            "준공년차":9.0,
            "가까운역이름":"NA",
            "가까운역거리":"NA",
            "역세권여부":"NA",
            "30분이내주요거점역":"NA",
            "30분거점역이름":"NA",
            "1시간이내주요거점역":"NA",
            "1시간거점역이름":"NA",
            "3km이내백화점수":0,
            "5km이내아울렛몰수":0,
            "1km이내대형먀트수":1,
            "500m이내은행수":0,
            "500m이내병원수":0,
            "5km이내대형병원수":2,
            "500m이내공원수":3,
            "3km이내혐오시설수":0,
            "초등학교학업성취도":89.99,
            "중학교학업성취도":85.3,
            "용적률":241,
            "건폐율":21,
            "Y":35.555303,
            "X":129.252468,
            "rank":16.0,
            "area_info":"34평(114.95), 34평(114.99), 34평(114.63)",
            "last_sales":"2022-01-13,59000.0,34평(114.95)",
            "rank_history":[
                [
                    "202203",
                    16
                ],
                [
                    "202202",
                    16
                ],
                [
                    "202201",
                    11
                ]
            ],
            "rank_gap":0
        },
        {
            "index":19,
            "아파트명":"구영지구푸르지오2단지",
            "투자타입":"일반",
            "전용면적(m2)":"87.26",
            "전용면적(평)":"26평",
            "법정동주소":"울산시 울주군 범서읍 구영리  371",
            "도로명주소":"울산시 울주군 대리2길 46",
            "세대수":50,
            "입주년차":40,
            "용적률점수":"--",
            "건폐율점수":"--",
            "세대당주차수":30,
            "난방방식":30,
            "공급면적":"--",
            "전용률":"--",
            "욕실수":100,
            "현관타입":100,
            "주거총점":53.0,
            "지역구공급총점":0.0,
            "역세권":"NA",
            "30분내 이동가능 거점":"NA",
            "1시간내 이동가능 거점":"NA",
            "교통총점":"NA",
            "백화점":0,
            "아울렛몰":0,
            "대형마트":80,
            "은행":20,
            "병원":0,
            "종합병원":80,
            "공원":100,
            "혐오시설":0,
            "인프라총점":33.0,
            "초등학군":89.99,
            "중학군":54.76,
            "학군총점":61.806,
            "인구수":24.46,
            "인구증감":-0.4,
            "인구총점":17.002,
            "일자리":16.11,
            "소득수준":68.47,
            "일자리총점":31.818,
            "가치 총점":47.2015,
            "매매실거래년":20211230.0,
            "매매실거래가":42900.0,
            "전세실거래년":20200807.0,
            "전세실거래가":16000.0,
            "전세가율":51.45,
            "장기전세가율평균":70.39,
            "전세가율거품지수":18.94,
            "검색코드":17658,
            "세대수":539.0,
            "준공년월":"2006-05-30",
            "준공년차":17.0,
            "가까운역이름":"NA",
            "가까운역거리":"NA",
            "역세권여부":"NA",
            "30분이내주요거점역":"NA",
            "30분거점역이름":"NA",
            "1시간이내주요거점역":"NA",
            "1시간거점역이름":"NA",
            "3km이내백화점수":0,
            "5km이내아울렛몰수":0,
            "1km이내대형먀트수":1,
            "500m이내은행수":2,
            "500m이내병원수":0,
            "5km이내대형병원수":1,
            "500m이내공원수":6,
            "3km이내혐오시설수":0,
            "초등학교학업성취도":89.99,
            "중학교학업성취도":90.0,
            "용적률":233,
            "건폐율":18,
            "Y":35.570598,
            "X":129.245536,
            "rank":17.0,
            "area_info":"26평(87.26), 34평(113.67)",
            "last_sales":"2021-12-30,42900.0,34평(113.67)",
            "rank_history":[
                [
                    "202203",
                    17
                ],
                [
                    "202202",
                    17
                ],
                [
                    "202201",
                    13
                ]
            ],
            "rank_gap":0
        },
        {
            "index":297,
            "아파트명":"신울산경남아너스빌",
            "투자타입":"일반",
            "전용면적(m2)":"110.56",
            "전용면적(평)":"33평",
            "법정동주소":"울산시 울주군 언양읍 동부리 498",
            "도로명주소":"울산시 울주군 북문11길 9",
            "세대수":50,
            "입주년차":60,
            "용적률점수":"--",
            "건폐율점수":"--",
            "세대당주차수":60,
            "난방방식":30,
            "공급면적":"--",
            "전용률":"--",
            "욕실수":100,
            "현관타입":100,
            "주거총점":61.5,
            "지역구공급총점":0.0,
            "역세권":"NA",
            "30분내 이동가능 거점":"NA",
            "1시간내 이동가능 거점":"NA",
            "교통총점":"NA",
            "백화점":0,
            "아울렛몰":0,
            "대형마트":80,
            "은행":0,
            "병원":0,
            "종합병원":80,
            "공원":100,
            "혐오시설":0,
            "인프라총점":31.0,
            "초등학군":90.0,
            "중학군":43.72,
            "학군총점":52.976,
            "인구수":24.46,
            "인구증감":-0.4,
            "인구총점":17.002,
            "일자리":16.11,
            "소득수준":68.47,
            "일자리총점":31.818,
            "가치 총점":47.169,
            "매매실거래년":20220122.0,
            "매매실거래가":32600.0,
            "전세실거래년":20220207.0,
            "전세실거래가":30000.0,
            "전세가율":92.02,
            "장기전세가율평균":70.39,
            "전세가율거품지수":-21.63,
            "검색코드":26932,
            "세대수":643.0,
            "준공년월":"2010-01-29",
            "준공년차":13.0,
            "가까운역이름":"NA",
            "가까운역거리":"NA",
            "역세권여부":"NA",
            "30분이내주요거점역":"NA",
            "30분거점역이름":"NA",
            "1시간이내주요거점역":"NA",
            "1시간거점역이름":"NA",
            "3km이내백화점수":0,
            "5km이내아울렛몰수":0,
            "1km이내대형먀트수":1,
            "500m이내은행수":0,
            "500m이내병원수":0,
            "5km이내대형병원수":1,
            "500m이내공원수":5,
            "3km이내혐오시설수":0,
            "초등학교학업성취도":90.0,
            "중학교학업성취도":72.0,
            "용적률":245,
            "건폐율":18,
            "Y":35.572888,
            "X":129.124385,
            "rank":18.0,
            "area_info":"33평(110.56), 33평(110.03), 46평(153.01), 46평(153.01)",
            "last_sales":"2022-01-22,32600.0,33평(110.56)",
            "rank_history":[
                [
                    "202203",
                    18
                ],
                [
                    "202202",
                    18
                ],
                [
                    "202201",
                    16
                ]
            ],
            "rank_gap":0
        },
        {
            "index":336,
            "아파트명":"덕신동백",
            "투자타입":"재건축",
            "전용면적(m2)":"63.58",
            "전용면적(평)":"19평",
            "법정동주소":"울산시 울주군 온산읍 덕신리 1329-4",
            "도로명주소":"울산시 울주군 영남7길 21",
            "세대수":80,
            "입주년차":"--",
            "용적률점수":100,
            "건폐율점수":100,
            "세대당주차수":"--",
            "난방방식":"--",
            "공급면적":50,
            "전용률":60,
            "욕실수":"--",
            "현관타입":"--",
            "주거총점":89.5,
            "지역구공급총점":0.0,
            "역세권":"NA",
            "30분내 이동가능 거점":"NA",
            "1시간내 이동가능 거점":"NA",
            "교통총점":"NA",
            "백화점":0,
            "아울렛몰":0,
            "대형마트":0,
            "은행":0,
            "병원":0,
            "종합병원":0,
            "공원":100,
            "혐오시설":0,
            "인프라총점":3.0,
            "초등학군":89.99,
            "중학군":46.84,
            "학군총점":55.47,
            "인구수":24.46,
            "인구증감":-0.4,
            "인구총점":17.002,
            "일자리":16.11,
            "소득수준":68.47,
            "일자리총점":31.818,
            "가치 총점":46.3925,
            "매매실거래년":20220215.0,
            "매매실거래가":8400.0,
            "전세실거래년":20211221.0,
            "전세실거래가":6200.0,
            "전세가율":73.81,
            "장기전세가율평균":70.39,
            "전세가율거품지수":-3.42,
            "검색코드":6697,
            "세대수":810.0,
            "준공년월":"1992-10-06",
            "준공년차":31.0,
            "가까운역이름":"NA",
            "가까운역거리":"NA",
            "역세권여부":"NA",
            "30분이내주요거점역":"NA",
            "30분거점역이름":"NA",
            "1시간이내주요거점역":"NA",
            "1시간거점역이름":"NA",
            "3km이내백화점수":0,
            "5km이내아울렛몰수":0,
            "1km이내대형먀트수":0,
            "500m이내은행수":0,
            "500m이내병원수":0,
            "5km이내대형병원수":0,
            "500m이내공원수":3,
            "3km이내혐오시설수":0,
            "초등학교학업성취도":89.99,
            "중학교학업성취도":76.8,
            "용적률":87,
            "건폐율":7,
            "Y":35.442121,
            "X":129.307192,
            "rank":19.0,
            "area_info":"19평(63.58)",
            "last_sales":"2022-02-15,8400.0,19평(63.58)",
            "rank_history":[
                [
                    "202203",
                    19
                ],
                [
                    "202202",
                    19
                ],
                [
                    "202201",
                    21
                ]
            ],
            "rank_gap":0
        },
        {
            "index":217,
            "아파트명":"영남알프스타운",
            "투자타입":"일반",
            "전용면적(m2)":"61.26",
            "전용면적(평)":"18평",
            "법정동주소":"울산시 울주군 삼남읍 교동리 1678",
            "도로명주소":"울산시 울주군 작괘들길 41",
            "세대수":100,
            "입주년차":80,
            "용적률점수":"--",
            "건폐율점수":"--",
            "세대당주차수":0,
            "난방방식":30,
            "공급면적":"--",
            "전용률":"--",
            "욕실수":50,
            "현관타입":100,
            "주거총점":69.0,
            "지역구공급총점":0.0,
            "역세권":"NA",
            "30분내 이동가능 거점":"NA",
            "1시간내 이동가능 거점":"NA",
            "교통총점":"NA",
            "백화점":0,
            "아울렛몰":0,
            "대형마트":0,
            "은행":0,
            "병원":0,
            "종합병원":80,
            "공원":0,
            "혐오시설":0,
            "인프라총점":16.0,
            "초등학군":90.02,
            "중학군":52.9,
            "학군총점":60.324,
            "인구수":24.46,
            "인구증감":-0.4,
            "인구총점":17.002,
            "일자리":16.11,
            "소득수준":68.47,
            "일자리총점":31.818,
            "가치 총점":45.631,
            "매매실거래년":20220211.0,
            "매매실거래가":12900.0,
            "전세실거래년":20220123.0,
            "전세실거래가":6000.0,
            "전세가율":70.59,
            "장기전세가율평균":70.39,
            "전세가율거품지수":-0.2,
            "검색코드":107326,
            "세대수":1540.0,
            "준공년월":"2015-02-27",
            "준공년차":8.0,
            "가까운역이름":"NA",
            "가까운역거리":"NA",
            "역세권여부":"NA",
            "30분이내주요거점역":"NA",
            "30분거점역이름":"NA",
            "1시간이내주요거점역":"NA",
            "1시간거점역이름":"NA",
            "3km이내백화점수":0,
            "5km이내아울렛몰수":0,
            "1km이내대형먀트수":0,
            "500m이내은행수":0,
            "500m이내병원수":0,
            "5km이내대형병원수":1,
            "500m이내공원수":0,
            "3km이내혐오시설수":0,
            "초등학교학업성취도":90.02,
            "중학교학업성취도":87.1,
            "용적률":167,
            "건폐율":16,
            "Y":35.544052,
            "X":129.104198,
            "rank":20.0,
            "area_info":"18평(61.26), 18평(61.1), 18평(61.19), 18평(61.25), 18평(61.09), 18평(61.21), 18평(61.1), 18평(61.05), 18평(61.28), 18평(61.12), 22평(73.69), 22평(73.58), 22평(73.54), 22평(73.66), 22평(73.55), 22평(73.43)",
            "last_sales":"2022-02-11,12900.0,22평(73.58)",
            "rank_history":[
                [
                    "202203",
                    20
                ],
                [
                    "202202",
                    20
                ],
                [
                    "202201",
                    22
                ]
            ],
            "rank_gap":0
        },
        {
            "index":75,
            "아파트명":"문수애시앙3단지",
            "투자타입":"일반",
            "전용면적(m2)":"150.88",
            "전용면적(평)":"45평",
            "법정동주소":"울산시 울주군 범서읍 천상리 267",
            "도로명주소":"울산시 울주군 대동길 21",
            "세대수":0,
            "입주년차":80,
            "용적률점수":"--",
            "건폐율점수":"--",
            "세대당주차수":80,
            "난방방식":30,
            "공급면적":"--",
            "전용률":"--",
            "욕실수":100,
            "현관타입":100,
            "주거총점":51.0,
            "지역구공급총점":0.0,
            "역세권":"NA",
            "30분내 이동가능 거점":"NA",
            "1시간내 이동가능 거점":"NA",
            "교통총점":"NA",
            "백화점":0,
            "아울렛몰":0,
            "대형마트":80,
            "은행":0,
            "병원":0,
            "종합병원":80,
            "공원":100,
            "혐오시설":0,
            "인프라총점":31.0,
            "초등학군":90.0,
            "중학군":53.58,
            "학군총점":60.864,
            "인구수":24.46,
            "인구증감":-0.4,
            "인구총점":17.002,
            "일자리":16.11,
            "소득수준":68.47,
            "일자리총점":31.818,
            "가치 총점":45.466,
            "매매실거래년":20211117.0,
            "매매실거래가":50500.0,
            "전세실거래년":20180501.0,
            "전세실거래가":28000.0,
            "전세가율":55.45,
            "장기전세가율평균":70.39,
            "전세가율거품지수":14.94,
            "검색코드":107840,
            "세대수":138.0,
            "준공년월":"2014-03-07",
            "준공년차":9.0,
            "가까운역이름":"NA",
            "가까운역거리":"NA",
            "역세권여부":"NA",
            "30분이내주요거점역":"NA",
            "30분거점역이름":"NA",
            "1시간이내주요거점역":"NA",
            "1시간거점역이름":"NA",
            "3km이내백화점수":0,
            "5km이내아울렛몰수":0,
            "1km이내대형먀트수":1,
            "500m이내은행수":0,
            "500m이내병원수":0,
            "5km이내대형병원수":1,
            "500m이내공원수":3,
            "3km이내혐오시설수":0,
            "초등학교학업성취도":90.0,
            "중학교학업성취도":88.5,
            "용적률":216,
            "건폐율":16,
            "Y":35.562216,
            "X":129.233251,
            "rank":21.0,
            "area_info":"45평(150.88), 45평(150.63), 48평(160.97), 58평(194.02), 72평(239.13)",
            "last_sales":"2021-11-17,50500.0,45평(150.88)",
            "rank_history":[
                [
                    "202203",
                    21
                ],
                [
                    "202202",
                    21
                ],
                [
                    "202201",
                    18
                ]
            ],
            "rank_gap":0
        },
        {
            "index":404,
            "아파트명":"울산온양서희스타힐스",
            "투자타입":"일반",
            "전용면적(m2)":"97.89",
            "전용면적(평)":"29평",
            "법정동주소":"울산시 울주군 온양읍 발리 1311",
            "도로명주소":"울산시 울주군 보곡3길 40",
            "세대수":80,
            "입주년차":80,
            "용적률점수":"--",
            "건폐율점수":"--",
            "세대당주차수":30,
            "난방방식":30,
            "공급면적":"--",
            "전용률":"--",
            "욕실수":100,
            "현관타입":100,
            "주거총점":71.5,
            "지역구공급총점":0.0,
            "역세권":"NA",
            "30분내 이동가능 거점":"NA",
            "1시간내 이동가능 거점":"NA",
            "교통총점":"NA",
            "백화점":0,
            "아울렛몰":0,
            "대형마트":80,
            "은행":0,
            "병원":0,
            "종합병원":0,
            "공원":100,
            "혐오시설":0,
            "인프라총점":15.0,
            "초등학군":89.99,
            "중학군":49.0,
            "학군총점":57.198,
            "인구수":24.46,
            "인구증감":-0.4,
            "인구총점":17.002,
            "일자리":16.11,
            "소득수준":68.47,
            "일자리총점":31.818,
            "가치 총점":45.3245,
            "매매실거래년":20220223.0,
            "매매실거래가":42000.0,
            "전세실거래년":20220125.0,
            "전세실거래가":30000.0,
            "전세가율":84.27,
            "장기전세가율평균":70.39,
            "전세가율거품지수":-13.88,
            "검색코드":109806,
            "세대수":760.0,
            "준공년월":"2017-09-01",
            "준공년차":6.0,
            "가까운역이름":"NA",
            "가까운역거리":"NA",
            "역세권여부":"NA",
            "30분이내주요거점역":"NA",
            "30분거점역이름":"NA",
            "1시간이내주요거점역":"NA",
            "1시간거점역이름":"NA",
            "3km이내백화점수":0,
            "5km이내아울렛몰수":0,
            "1km이내대형먀트수":1,
            "500m이내은행수":0,
            "500m이내병원수":0,
            "5km이내대형병원수":0,
            "500m이내공원수":3,
            "3km이내혐오시설수":0,
            "초등학교학업성취도":89.99,
            "중학교학업성취도":80.8,
            "용적률":276,
            "건폐율":15,
            "Y":35.409986,
            "X":129.292405,
            "rank":22.0,
            "area_info":"29평(97.89), 33평(110.88), 34평(112.41)",
            "last_sales":"2022-02-23,42000.0,33평(110.88)",
            "rank_history":[
                [
                    "202203",
                    22
                ],
                [
                    "202202",
                    22
                ],
                [
                    "202201",
                    31
                ]
            ],
            "rank_gap":0
        },
        {
            "index":237,
            "아파트명":"울산교동리슈빌",
            "투자타입":"일반",
            "전용면적(m2)":"114.78",
            "전용면적(평)":"34평",
            "법정동주소":"울산시 울주군 삼남읍 교동리 1555-1",
            "도로명주소":"울산시 울주군 향교로 164",
            "세대수":50,
            "입주년차":40,
            "용적률점수":"--",
            "건폐율점수":"--",
            "세대당주차수":30,
            "난방방식":30,
            "공급면적":"--",
            "전용률":"--",
            "욕실수":100,
            "현관타입":100,
            "주거총점":53.0,
            "지역구공급총점":0.0,
            "역세권":"NA",
            "30분내 이동가능 거점":"NA",
            "1시간내 이동가능 거점":"NA",
            "교통총점":"NA",
            "백화점":0,
            "아울렛몰":0,
            "대형마트":80,
            "은행":0,
            "병원":0,
            "종합병원":80,
            "공원":100,
            "혐오시설":0,
            "인프라총점":31.0,
            "초등학군":90.01,
            "중학군":49.32,
            "학군총점":57.458,
            "인구수":24.46,
            "인구증감":-0.4,
            "인구총점":17.002,
            "일자리":16.11,
            "소득수준":68.47,
            "일자리총점":31.818,
            "가치 총점":45.3145,
            "매매실거래년":20220214.0,
            "매매실거래가":27500.0,
            "전세실거래년":20211214.0,
            "전세실거래가":22000.0,
            "전세가율":80.0,
            "장기전세가율평균":70.39,
            "전세가율거품지수":-9.61,
            "검색코드":26306,
            "세대수":699.0,
            "준공년월":"2008-05-22",
            "준공년차":15.0,
            "가까운역이름":"NA",
            "가까운역거리":"NA",
            "역세권여부":"NA",
            "30분이내주요거점역":"NA",
            "30분거점역이름":"NA",
            "1시간이내주요거점역":"NA",
            "1시간거점역이름":"NA",
            "3km이내백화점수":0,
            "5km이내아울렛몰수":0,
            "1km이내대형먀트수":1,
            "500m이내은행수":0,
            "500m이내병원수":0,
            "5km이내대형병원수":1,
            "500m이내공원수":5,
            "3km이내혐오시설수":0,
            "초등학교학업성취도":90.01,
            "중학교학업성취도":80.4,
            "용적률":248,
            "건폐율":15,
            "Y":35.562951,
            "X":129.114197,
            "rank":23.0,
            "area_info":"34평(114.78), 34평(115.6), 39평(130.11), 47평(158.11)",
            "last_sales":"2022-02-14,27500.0,34평(114.78)",
            "rank_history":[
                [
                    "202203",
                    23
                ],
                [
                    "202202",
                    23
                ],
                [
                    "202201",
                    23
                ]
            ],
            "rank_gap":0
        },
        {
            "index":432,
            "아파트명":"문수데시앙1단지",
            "투자타입":"일반",
            "전용면적(m2)":"90.83",
            "전용면적(평)":"27평",
            "법정동주소":"울산시 울주군 청량읍 율리 1472-1",
            "도로명주소":"울산시 울주군 율리영해2길 8",
            "세대수":50,
            "입주년차":80,
            "용적률점수":"--",
            "건폐율점수":"--",
            "세대당주차수":60,
            "난방방식":30,
            "공급면적":"--",
            "전용률":"--",
            "욕실수":100,
            "현관타입":100,
            "주거총점":65.5,
            "지역구공급총점":0.0,
            "역세권":"NA",
            "30분내 이동가능 거점":"NA",
            "1시간내 이동가능 거점":"NA",
            "교통총점":"NA",
            "백화점":0,
            "아울렛몰":0,
            "대형마트":0,
            "은행":0,
            "병원":0,
            "종합병원":80,
            "공원":0,
            "혐오시설":0,
            "인프라총점":16.0,
            "초등학군":89.98,
            "중학군":55.82,
            "학군총점":62.652,
            "인구수":24.46,
            "인구증감":-0.4,
            "인구총점":17.002,
            "일자리":16.11,
            "소득수준":68.47,
            "일자리총점":31.818,
            "가치 총점":44.988,
            "매매실거래년":20220207.0,
            "매매실거래가":50800.0,
            "전세실거래년":20210812.0,
            "전세실거래가":25000.0,
            "전세가율":60.24,
            "장기전세가율평균":70.39,
            "전세가율거품지수":10.15,
            "검색코드":106180,
            "세대수":523.0,
            "준공년월":"2015-05-22",
            "준공년차":8.0,
            "가까운역이름":"NA",
            "가까운역거리":"NA",
            "역세권여부":"NA",
            "30분이내주요거점역":"NA",
            "30분거점역이름":"NA",
            "1시간이내주요거점역":"NA",
            "1시간거점역이름":"NA",
            "3km이내백화점수":0,
            "5km이내아울렛몰수":0,
            "1km이내대형먀트수":0,
            "500m이내은행수":0,
            "500m이내병원수":0,
            "5km이내대형병원수":1,
            "500m이내공원수":0,
            "3km이내혐오시설수":0,
            "초등학교학업성취도":89.98,
            "중학교학업성취도":92.5,
            "용적률":209,
            "건폐율":18,
            "Y":35.526578,
            "X":129.241535,
            "rank":24.0,
            "area_info":"27평(90.83), 33평(109.93), 33평(110.16), 33평(111.08)",
            "last_sales":"2022-02-07,50800.0,33평(109.93)",
            "rank_history":[
                [
                    "202203",
                    24
                ],
                [
                    "202202",
                    24
                ],
                [
                    "202201",
                    24
                ]
            ],
            "rank_gap":0
        },
        {
            "index":36,
            "아파트명":"동문굿모닝힐",
            "투자타입":"일반",
            "전용면적(m2)":"91.38",
            "전용면적(평)":"27평",
            "법정동주소":"울산시 울주군 범서읍 구영리 205",
            "도로명주소":"울산시 울주군 구영로 75-25",
            "세대수":80,
            "입주년차":40,
            "용적률점수":"--",
            "건폐율점수":"--",
            "세대당주차수":30,
            "난방방식":30,
            "공급면적":"--",
            "전용률":"--",
            "욕실수":100,
            "현관타입":100,
            "주거총점":63.5,
            "지역구공급총점":0.0,
            "역세권":"NA",
            "30분내 이동가능 거점":"NA",
            "1시간내 이동가능 거점":"NA",
            "교통총점":"NA",
            "백화점":0,
            "아울렛몰":0,
            "대형마트":0,
            "은행":0,
            "병원":0,
            "종합병원":80,
            "공원":80,
            "혐오시설":0,
            "인프라총점":18.4,
            "초등학군":90.0,
            "중학군":53.58,
            "학군총점":60.864,
            "인구수":24.46,
            "인구증감":-0.4,
            "인구총점":17.002,
            "일자리":16.11,
            "소득수준":68.47,
            "일자리총점":31.818,
            "가치 총점":44.801,
            "매매실거래년":20220119.0,
            "매매실거래가":45900.0,
            "전세실거래년":20220215.0,
            "전세실거래가":34000.0,
            "전세가율":94.18,
            "장기전세가율평균":70.39,
            "전세가율거품지수":-23.79,
            "검색코드":25421,
            "세대수":731.0,
            "준공년월":"2007-10-26",
            "준공년차":16.0,
            "가까운역이름":"NA",
            "가까운역거리":"NA",
            "역세권여부":"NA",
            "30분이내주요거점역":"NA",
            "30분거점역이름":"NA",
            "1시간이내주요거점역":"NA",
            "1시간거점역이름":"NA",
            "3km이내백화점수":0,
            "5km이내아울렛몰수":0,
            "1km이내대형먀트수":0,
            "500m이내은행수":1,
            "500m이내병원수":0,
            "5km이내대형병원수":1,
            "500m이내공원수":1,
            "3km이내혐오시설수":0,
            "초등학교학업성취도":90.0,
            "중학교학업성취도":88.5,
            "용적률":202,
            "건폐율":15,
            "Y":35.578192,
            "X":129.24241,
            "rank":25.0,
            "area_info":"27평(91.38), 29평(96.18), 29평(97.38), 34평(113.5), 35평(118.99)",
            "last_sales":"2022-01-19,45900.0,34평(113.5)",
            "rank_history":[
                [
                    "202203",
                    25
                ],
                [
                    "202202",
                    25
                ],
                [
                    "202201",
                    20
                ]
            ],
            "rank_gap":0
        },
        {
            "index":24,
            "아파트명":"굴화주공강변그린빌3단지",
            "투자타입":"일반",
            "전용면적(m2)":"62.96",
            "전용면적(평)":"19평",
            "법정동주소":"울산시 울주군 범서읍 굴화리 6-1",
            "도로명주소":"울산시 울주군 울밀로 2879-7",
            "세대수":50,
            "입주년차":20,
            "용적률점수":"--",
            "건폐율점수":"--",
            "세대당주차수":0,
            "난방방식":30,
            "공급면적":"--",
            "전용률":"--",
            "욕실수":50,
            "현관타입":100,
            "주거총점":39.5,
            "지역구공급총점":0.0,
            "역세권":"NA",
            "30분내 이동가능 거점":"NA",
            "1시간내 이동가능 거점":"NA",
            "교통총점":"NA",
            "백화점":0,
            "아울렛몰":0,
            "대형마트":100,
            "은행":0,
            "병원":0,
            "종합병원":100,
            "공원":80,
            "혐오시설":0,
            "인프라총점":37.4,
            "초등학군":89.99,
            "중학군":51.18,
            "학군총점":58.942,
            "인구수":24.46,
            "인구증감":-0.4,
            "인구총점":17.002,
            "일자리":16.11,
            "소득수준":68.47,
            "일자리총점":31.818,
            "가치 총점":43.5205,
            "매매실거래년":20211011.0,
            "매매실거래가":53000.0,
            "전세실거래년":20210115.0,
            "전세실거래가":13000.0,
            "전세가율":76.47,
            "장기전세가율평균":70.39,
            "전세가율거품지수":-6.08,
            "검색코드":14704,
            "세대수":494.0,
            "준공년월":"2002-12-13",
            "준공년차":21.0,
            "가까운역이름":"NA",
            "가까운역거리":"NA",
            "역세권여부":"NA",
            "30분이내주요거점역":"NA",
            "30분거점역이름":"NA",
            "1시간이내주요거점역":"NA",
            "1시간거점역이름":"NA",
            "3km이내백화점수":0,
            "5km이내아울렛몰수":0,
            "1km이내대형먀트수":2,
            "500m이내은행수":1,
            "500m이내병원수":0,
            "5km이내대형병원수":3,
            "500m이내공원수":1,
            "3km이내혐오시설수":0,
            "초등학교학업성취도":89.99,
            "중학교학업성취도":85.3,
            "용적률":175,
            "건폐율":14,
            "Y":35.557709,
            "X":129.262907,
            "rank":26.0,
            "area_info":"19평(62.96), 23평(76.46), 26평(86.17), 33평(109.45)",
            "last_sales":"2021-10-11,53000.0,33평(109.45)",
            "rank_history":[
                [
                    "202203",
                    26
                ],
                [
                    "202202",
                    26
                ],
                [
                    "202201",
                    28
                ]
            ],
            "rank_gap":0
        },
        {
            "index":158,
            "아파트명":"코아루",
            "투자타입":"일반",
            "전용면적(m2)":"159.91",
            "전용면적(평)":"48평",
            "법정동주소":"울산시 울주군 범서읍 구영리 401-2",
            "도로명주소":"울산시 울주군 대리3길 23",
            "세대수":0,
            "입주년차":40,
            "용적률점수":"--",
            "건폐율점수":"--",
            "세대당주차수":80,
            "난방방식":30,
            "공급면적":"--",
            "전용률":"--",
            "욕실수":100,
            "현관타입":100,
            "주거총점":43.0,
            "지역구공급총점":0.0,
            "역세권":"NA",
            "30분내 이동가능 거점":"NA",
            "1시간내 이동가능 거점":"NA",
            "교통총점":"NA",
            "백화점":0,
            "아울렛몰":0,
            "대형마트":80,
            "은행":0,
            "병원":0,
            "종합병원":80,
            "공원":100,
            "혐오시설":0,
            "인프라총점":31.0,
            "초등학군":89.99,
            "중학군":54.76,
            "학군총점":61.806,
            "인구수":24.46,
            "인구증감":-0.4,
            "인구총점":17.002,
            "일자리":16.11,
            "소득수준":68.47,
            "일자리총점":31.818,
            "가치 총점":42.9015,
            "매매실거래년":20220108.0,
            "매매실거래가":60000.0,
            "전세실거래년":20201210.0,
            "전세실거래가":43000.0,
            "전세가율":102.87,
            "장기전세가율평균":70.39,
            "전세가율거품지수":-32.48,
            "검색코드":26055,
            "세대수":151.0,
            "준공년월":"2008-05-29",
            "준공년차":15.0,
            "가까운역이름":"NA",
            "가까운역거리":"NA",
            "역세권여부":"NA",
            "30분이내주요거점역":"NA",
            "30분거점역이름":"NA",
            "1시간이내주요거점역":"NA",
            "1시간거점역이름":"NA",
            "3km이내백화점수":0,
            "5km이내아울렛몰수":0,
            "1km이내대형먀트수":1,
            "500m이내은행수":0,
            "500m이내병원수":0,
            "5km이내대형병원수":1,
            "500m이내공원수":7,
            "3km이내혐오시설수":0,
            "초등학교학업성취도":89.99,
            "중학교학업성취도":90.0,
            "용적률":247,
            "건폐율":15,
            "Y":35.568671,
            "X":129.247922,
            "rank":27.0,
            "area_info":"48평(159.91), 54평(180.72)",
            "last_sales":"2022-01-08,60000.0,54평(180.72)",
            "rank_history":[
                [
                    "202203",
                    27
                ],
                [
                    "202202",
                    29
                ],
                [
                    "202201",
                    27
                ]
            ],
            "rank_gap":2
        },
        {
            "index":445,
            "아파트명":"울주상남골드클래스",
            "투자타입":"일반",
            "전용면적(m2)":"85.06",
            "전용면적(평)":"25평",
            "법정동주소":"울산시 울주군 청량읍 상남리 878-1",
            "도로명주소":"울산시 울주군 상남길 25",
            "세대수":50,
            "입주년차":80,
            "용적률점수":"--",
            "건폐율점수":"--",
            "세대당주차수":30,
            "난방방식":30,
            "공급면적":"--",
            "전용률":"--",
            "욕실수":100,
            "현관타입":100,
            "주거총점":61.0,
            "지역구공급총점":0.0,
            "역세권":"NA",
            "30분내 이동가능 거점":"NA",
            "1시간내 이동가능 거점":"NA",
            "교통총점":"NA",
            "백화점":0,
            "아울렛몰":0,
            "대형마트":80,
            "은행":0,
            "병원":0,
            "종합병원":0,
            "공원":100,
            "혐오시설":0,
            "인프라총점":15.0,
            "초등학군":90.04,
            "중학군":55.2,
            "학군총점":62.168,
            "인구수":24.46,
            "인구증감":-0.4,
            "인구총점":17.002,
            "일자리":16.11,
            "소득수준":68.47,
            "일자리총점":31.818,
            "가치 총점":42.892,
            "매매실거래년":20220217.0,
            "매매실거래가":32400.0,
            "전세실거래년":20211216.0,
            "전세실거래가":14700.0,
            "전세가율":45.37,
            "장기전세가율평균":70.39,
            "전세가율거품지수":25.02,
            "검색코드":110484,
            "세대수":447.0,
            "준공년월":"2017-08-01",
            "준공년차":6.0,
            "가까운역이름":"NA",
            "가까운역거리":"NA",
            "역세권여부":"NA",
            "30분이내주요거점역":"NA",
            "30분거점역이름":"NA",
            "1시간이내주요거점역":"NA",
            "1시간거점역이름":"NA",
            "3km이내백화점수":0,
            "5km이내아울렛몰수":0,
            "1km이내대형먀트수":1,
            "500m이내은행수":0,
            "500m이내병원수":0,
            "5km이내대형병원수":0,
            "500m이내공원수":3,
            "3km이내혐오시설수":0,
            "초등학교학업성취도":90.04,
            "중학교학업성취도":92.0,
            "용적률":0,
            "건폐율":0,
            "Y":35.483477,
            "X":129.305206,
            "rank":28.0,
            "area_info":"25평(85.06), 30평(100.76), 30평(101.22), 30평(102.03), 33평(111.39)",
            "last_sales":"2022-02-17,32400.0,25평(85.06)",
            "rank_history":[
                [
                    "202203",
                    28
                ],
                [
                    "202202",
                    27
                ],
                [
                    "202201",
                    43
                ]
            ],
            "rank_gap":-1
        },
        {
            "index":407,
            "아파트명":"울산온양일동미라주",
            "투자타입":"일반",
            "전용면적(m2)":"82.29",
            "전용면적(평)":"24평",
            "법정동주소":"울산시 울주군 온양읍 대안리 750",
            "도로명주소":"울산시 울주군 대안3길 46",
            "세대수":50,
            "입주년차":80,
            "용적률점수":"--",
            "건폐율점수":"--",
            "세대당주차수":30,
            "난방방식":30,
            "공급면적":"--",
            "전용률":"--",
            "욕실수":100,
            "현관타입":100,
            "주거총점":61.0,
            "지역구공급총점":0.0,
            "역세권":"NA",
            "30분내 이동가능 거점":"NA",
            "1시간내 이동가능 거점":"NA",
            "교통총점":"NA",
            "백화점":0,
            "아울렛몰":0,
            "대형마트":100,
            "은행":0,
            "병원":0,
            "종합병원":0,
            "공원":100,
            "혐오시설":0,
            "인프라총점":18.0,
            "초등학군":89.99,
            "중학군":49.0,
            "학군총점":57.198,
            "인구수":24.46,
            "인구증감":-0.4,
            "인구총점":17.002,
            "일자리":16.11,
            "소득수준":68.47,
            "일자리총점":31.818,
            "가치 총점":42.8495,
            "매매실거래년":20220218.0,
            "매매실거래가":30000.0,
            "전세실거래년":20211008.0,
            "전세실거래가":25000.0,
            "전세가율":83.33,
            "장기전세가율평균":70.39,
            "전세가율거품지수":-12.94,
            "검색코드":110496,
            "세대수":604.0,
            "준공년월":"2018-02-06",
            "준공년차":5.0,
            "가까운역이름":"NA",
            "가까운역거리":"NA",
            "역세권여부":"NA",
            "30분이내주요거점역":"NA",
            "30분거점역이름":"NA",
            "1시간이내주요거점역":"NA",
            "1시간거점역이름":"NA",
            "3km이내백화점수":0,
            "5km이내아울렛몰수":0,
            "1km이내대형먀트수":2,
            "500m이내은행수":0,
            "500m이내병원수":0,
            "5km이내대형병원수":0,
            "500m이내공원수":5,
            "3km이내혐오시설수":0,
            "초등학교학업성취도":89.99,
            "중학교학업성취도":80.8,
            "용적률":218,
            "건폐율":19,
            "Y":35.411677,
            "X":129.282534,
            "rank":29.0,
            "area_info":"24평(82.29), 30평(99.45), 30평(99.45), 34평(114.75)",
            "last_sales":"2022-02-18,30000.0,24평(82.29)",
            "rank_history":[
                [
                    "202203",
                    29
                ],
                [
                    "202202",
                    28
                ],
                [
                    "202201",
                    41
                ]
            ],
            "rank_gap":-1
        },
        {
            "index":57,
            "아파트명":"문수산아드리아",
            "투자타입":"일반",
            "전용면적(m2)":"85.59",
            "전용면적(평)":"25평",
            "법정동주소":"울산시 울주군 범서읍 천상리 149",
            "도로명주소":"울산시 울주군 대동1길 7",
            "세대수":0,
            "입주년차":80,
            "용적률점수":"--",
            "건폐율점수":"--",
            "세대당주차수":30,
            "난방방식":30,
            "공급면적":"--",
            "전용률":"--",
            "욕실수":100,
            "현관타입":100,
            "주거총점":43.5,
            "지역구공급총점":0.0,
            "역세권":"NA",
            "30분내 이동가능 거점":"NA",
            "1시간내 이동가능 거점":"NA",
            "교통총점":"NA",
            "백화점":0,
            "아울렛몰":0,
            "대형마트":80,
            "은행":0,
            "병원":0,
            "종합병원":80,
            "공원":100,
            "혐오시설":0,
            "인프라총점":31.0,
            "초등학군":90.0,
            "중학군":53.58,
            "학군총점":60.864,
            "인구수":24.46,
            "인구증감":-0.4,
            "인구총점":17.002,
            "일자리":16.11,
            "소득수준":68.47,
            "일자리총점":31.818,
            "가치 총점":42.841,
            "매매실거래년":20220121.0,
            "매매실거래가":22750.0,
            "전세실거래년":20210223.0,
            "전세실거래가":18000.0,
            "전세가율":null,
            "장기전세가율평균":70.39,
            "전세가율거품지수":null,
            "검색코드":122406,
            "세대수":60.0,
            "준공년월":"2016-12-21",
            "준공년차":7.0,
            "가까운역이름":"NA",
            "가까운역거리":"NA",
            "역세권여부":"NA",
            "30분이내주요거점역":"NA",
            "30분거점역이름":"NA",
            "1시간이내주요거점역":"NA",
            "1시간거점역이름":"NA",
            "3km이내백화점수":0,
            "5km이내아울렛몰수":0,
            "1km이내대형먀트수":1,
            "500m이내은행수":0,
            "500m이내병원수":0,
            "5km이내대형병원수":1,
            "500m이내공원수":2,
            "3km이내혐오시설수":0,
            "초등학교학업성취도":90.0,
            "중학교학업성취도":88.5,
            "용적률":188,
            "건폐율":44,
            "Y":35.563038,
            "X":129.233584,
            "rank":30.0,
            "area_info":"25평(85.59), 25평(85.65), 27평(91.25), 27평(91.01), 28평(93.8)",
            "last_sales":"2022-01-21,22750.0,28평(93.8)",
            "rank_history":[
                [
                    "202203",
                    30
                ],
                [
                    "202202",
                    9999
                ]
            ],
            "rank_gap":9999
        },
        {
            "index":106,
            "아파트명":"아담프라임빌",
            "투자타입":"일반",
            "전용면적(m2)":"91.68",
            "전용면적(평)":"27평",
            "법정동주소":"울산시 울주군 범서읍 굴화리 132-1",
            "도로명주소":"울산시 울주군 장검1길 16",
            "세대수":0,
            "입주년차":40,
            "용적률점수":"--",
            "건폐율점수":"--",
            "세대당주차수":30,
            "난방방식":30,
            "공급면적":"--",
            "전용률":"--",
            "욕실수":100,
            "현관타입":100,
            "주거총점":35.5,
            "지역구공급총점":0.0,
            "역세권":"NA",
            "30분내 이동가능 거점":"NA",
            "1시간내 이동가능 거점":"NA",
            "교통총점":"NA",
            "백화점":0,
            "아울렛몰":0,
            "대형마트":100,
            "은행":0,
            "병원":0,
            "종합병원":100,
            "공원":100,
            "혐오시설":0,
            "인프라총점":38.0,
            "초등학군":89.99,
            "중학군":51.18,
            "학군총점":58.942,
            "인구수":24.46,
            "인구증감":-0.4,
            "인구총점":17.002,
            "일자리":16.11,
            "소득수준":68.47,
            "일자리총점":31.818,
            "가치 총점":42.3605,
            "매매실거래년":20210530.0,
            "매매실거래가":40500.0,
            "전세실거래년":20190730.0,
            "전세실거래가":13000.0,
            "전세가율":78.79,
            "장기전세가율평균":70.39,
            "전세가율거품지수":-8.4,
            "검색코드":17341,
            "세대수":150.0,
            "준공년월":"2004-01-27",
            "준공년차":19.0,
            "가까운역이름":"NA",
            "가까운역거리":"NA",
            "역세권여부":"NA",
            "30분이내주요거점역":"NA",
            "30분거점역이름":"NA",
            "1시간이내주요거점역":"NA",
            "1시간거점역이름":"NA",
            "3km이내백화점수":0,
            "5km이내아울렛몰수":0,
            "1km이내대형먀트수":2,
            "500m이내은행수":0,
            "500m이내병원수":0,
            "5km이내대형병원수":2,
            "500m이내공원수":4,
            "3km이내혐오시설수":0,
            "초등학교학업성취도":89.99,
            "중학교학업성취도":85.3,
            "용적률":338,
            "건폐율":27,
            "Y":35.554384,
            "X":129.255057,
            "rank":31.0,
            "area_info":"27평(91.68), 31평(104.45), 32평(106.11), 37평(124.61), 40평(132.61)",
            "last_sales":"2021-05-30,40500.0,40평(132.61)",
            "rank_history":[
                [
                    "202203",
                    31
                ],
                [
                    "202202",
                    30
                ],
                [
                    "202201",
                    29
                ]
            ],
            "rank_gap":-1
        },
        {
            "index":411,
            "아파트명":"위드",
            "투자타입":"재건축",
            "전용면적(m2)":"55.75",
            "전용면적(평)":"16평",
            "법정동주소":"울산시 울주군 온양읍 163-22",
            "도로명주소":"울산시 울주군 온양로 4",
            "세대수":0,
            "입주년차":"--",
            "용적률점수":100,
            "건폐율점수":80,
            "세대당주차수":"--",
            "난방방식":"--",
            "공급면적":50,
            "전용률":80,
            "욕실수":"--",
            "현관타입":"--",
            "주거총점":62.5,
            "지역구공급총점":0.0,
            "역세권":"NA",
            "30분내 이동가능 거점":"NA",
            "1시간내 이동가능 거점":"NA",
            "교통총점":"NA",
            "백화점":0,
            "아울렛몰":0,
            "대형마트":80,
            "은행":0,
            "병원":0,
            "종합병원":0,
            "공원":80,
            "혐오시설":0,
            "인프라총점":14.4,
            "초등학군":89.99,
            "중학군":49.0,
            "학군총점":57.198,
            "인구수":24.46,
            "인구증감":-0.4,
            "인구총점":17.002,
            "일자리":16.11,
            "소득수준":68.47,
            "일자리총점":31.818,
            "가치 총점":41.9345,
            "매매실거래년":20210315.0,
            "매매실거래가":8000.0,
            "전세실거래년":null,
            "전세실거래가":null,
            "전세가율":null,
            "장기전세가율평균":70.39,
            "전세가율거품지수":null,
            "검색코드":109701,
            "세대수":140.0,
            "준공년월":"1990-09-10",
            "준공년차":33.0,
            "가까운역이름":"NA",
            "가까운역거리":"NA",
            "역세권여부":"NA",
            "30분이내주요거점역":"NA",
            "30분거점역이름":"NA",
            "1시간이내주요거점역":"NA",
            "1시간거점역이름":"NA",
            "3km이내백화점수":0,
            "5km이내아울렛몰수":0,
            "1km이내대형먀트수":1,
            "500m이내은행수":0,
            "500m이내병원수":0,
            "5km이내대형병원수":0,
            "500m이내공원수":1,
            "3km이내혐오시설수":0,
            "초등학교학업성취도":89.99,
            "중학교학업성취도":80.8,
            "용적률":101,
            "건폐율":23,
            "Y":35.414804,
            "X":129.274105,
            "rank":32.0,
            "area_info":"16평(55.75), 17평(57.71), 17평(57.72), 17평(57.37), 25평(83.56)",
            "last_sales":"2021-03-15,8000.0,17평(57.37)",
            "rank_history":[
                [
                    "202203",
                    32
                ],
                [
                    "202202",
                    31
                ],
                [
                    "202201",
                    48
                ]
            ],
            "rank_gap":-1
        },
        {
            "index":287,
            "아파트명":"서울산한신휴플러스",
            "투자타입":"일반",
            "전용면적(m2)":"84.24",
            "전용면적(평)":"25평",
            "법정동주소":"울산시 울주군 언양읍 서부리 411",
            "도로명주소":"울산시 울주군 웃방천1길 48",
            "세대수":50,
            "입주년차":60,
            "용적률점수":"--",
            "건폐율점수":"--",
            "세대당주차수":30,
            "난방방식":30,
            "공급면적":"--",
            "전용률":"--",
            "욕실수":100,
            "현관타입":100,
            "주거총점":57.0,
            "지역구공급총점":0.0,
            "역세권":"NA",
            "30분내 이동가능 거점":"NA",
            "1시간내 이동가능 거점":"NA",
            "교통총점":"NA",
            "백화점":0,
            "아울렛몰":0,
            "대형마트":0,
            "은행":0,
            "병원":0,
            "종합병원":80,
            "공원":100,
            "혐오시설":0,
            "인프라총점":19.0,
            "초등학군":90.01,
            "중학군":49.32,
            "학군총점":57.458,
            "인구수":24.46,
            "인구증감":-0.4,
            "인구총점":17.002,
            "일자리":16.11,
            "소득수준":68.47,
            "일자리총점":31.818,
            "가치 총점":41.9145,
            "매매실거래년":20211026.0,
            "매매실거래가":31700.0,
            "전세실거래년":20200817.0,
            "전세실거래가":18000.0,
            "전세가율":72.0,
            "장기전세가율평균":70.39,
            "전세가율거품지수":-1.61,
            "검색코드":104585,
            "세대수":422.0,
            "준공년월":"2013-06-28",
            "준공년차":10.0,
            "가까운역이름":"NA",
            "가까운역거리":"NA",
            "역세권여부":"NA",
            "30분이내주요거점역":"NA",
            "30분거점역이름":"NA",
            "1시간이내주요거점역":"NA",
            "1시간거점역이름":"NA",
            "3km이내백화점수":0,
            "5km이내아울렛몰수":0,
            "1km이내대형먀트수":0,
            "500m이내은행수":0,
            "500m이내병원수":0,
            "5km이내대형병원수":1,
            "500m이내공원수":7,
            "3km이내혐오시설수":0,
            "초등학교학업성취도":90.01,
            "중학교학업성취도":80.4,
            "용적률":244,
            "건폐율":22,
            "Y":35.56837,
            "X":129.113975,
            "rank":33.0,
            "area_info":"25평(84.24), 29평(96.75), 29평(96.18), 32평(106.29), 34평(113.77)",
            "last_sales":"2021-10-26,31700.0,32평(106.29)",
            "rank_history":[
                [
                    "202203",
                    33
                ],
                [
                    "202202",
                    33
                ],
                [
                    "202201",
                    17
                ]
            ],
            "rank_gap":0
        },
        {
            "index":390,
            "아파트명":"여울목",
            "투자타입":"일반",
            "전용면적(m2)":"111.64",
            "전용면적(평)":"33평",
            "법정동주소":"울산시 울주군 온양읍 발리 1307",
            "도로명주소":"울산시 울주군 솔밭3길 19-10",
            "세대수":50,
            "입주년차":60,
            "용적률점수":"--",
            "건폐율점수":"--",
            "세대당주차수":60,
            "난방방식":30,
            "공급면적":"--",
            "전용률":"--",
            "욕실수":100,
            "현관타입":100,
            "주거총점":61.5,
            "지역구공급총점":0.0,
            "역세권":"NA",
            "30분내 이동가능 거점":"NA",
            "1시간내 이동가능 거점":"NA",
            "교통총점":"NA",
            "백화점":0,
            "아울렛몰":0,
            "대형마트":80,
            "은행":0,
            "병원":0,
            "종합병원":0,
            "공원":100,
            "혐오시설":0,
            "인프라총점":15.0,
            "초등학군":89.99,
            "중학군":49.0,
            "학군총점":57.198,
            "인구수":24.46,
            "인구증감":-0.4,
            "인구총점":17.002,
            "일자리":16.11,
            "소득수준":68.47,
            "일자리총점":31.818,
            "가치 총점":41.8245,
            "매매실거래년":20220214.0,
            "매매실거래가":30800.0,
            "전세실거래년":20211125.0,
            "전세실거래가":26000.0,
            "전세가율":84.42,
            "장기전세가율평균":70.39,
            "전세가율거품지수":-14.03,
            "검색코드":106974,
            "세대수":405.0,
            "준공년월":"2012-07-18",
            "준공년차":11.0,
            "가까운역이름":"NA",
            "가까운역거리":"NA",
            "역세권여부":"NA",
            "30분이내주요거점역":"NA",
            "30분거점역이름":"NA",
            "1시간이내주요거점역":"NA",
            "1시간거점역이름":"NA",
            "3km이내백화점수":0,
            "5km이내아울렛몰수":0,
            "1km이내대형먀트수":1,
            "500m이내은행수":0,
            "500m이내병원수":0,
            "5km이내대형병원수":0,
            "500m이내공원수":3,
            "3km이내혐오시설수":0,
            "초등학교학업성취도":89.99,
            "중학교학업성취도":80.8,
            "용적률":184,
            "건폐율":18,
            "Y":35.405823,
            "X":129.290588,
            "rank":34.0,
            "area_info":"33평(111.64), 33평(111.58), 33평(111.31), 39평(129.48), 45평(150.75), 45평(151.27)",
            "last_sales":"2022-02-14,30800.0,33평(111.64)",
            "rank_history":[
                [
                    "202203",
                    34
                ],
                [
                    "202202",
                    32
                ],
                [
                    "202201",
                    46
                ]
            ],
            "rank_gap":-2
        },
        {
            "index":7,
            "아파트명":"구영강변디아채",
            "투자타입":"일반",
            "전용면적(m2)":"116.01",
            "전용면적(평)":"35평",
            "법정동주소":"울산시 울주군 범서읍 구영리 856",
            "도로명주소":"울산시 울주군 점촌4길 9",
            "세대수":0,
            "입주년차":40,
            "용적률점수":"--",
            "건폐율점수":"--",
            "세대당주차수":60,
            "난방방식":30,
            "공급면적":"--",
            "전용률":"--",
            "욕실수":100,
            "현관타입":100,
            "주거총점":40.0,
            "지역구공급총점":0.0,
            "역세권":"NA",
            "30분내 이동가능 거점":"NA",
            "1시간내 이동가능 거점":"NA",
            "교통총점":"NA",
            "백화점":0,
            "아울렛몰":0,
            "대형마트":80,
            "은행":20,
            "병원":0,
            "종합병원":80,
            "공원":0,
            "혐오시설":0,
            "인프라총점":30.0,
            "초등학군":90.0,
            "중학군":53.58,
            "학군총점":60.864,
            "인구수":24.46,
            "인구증감":-0.4,
            "인구총점":17.002,
            "일자리":16.11,
            "소득수준":68.47,
            "일자리총점":31.818,
            "가치 총점":41.216,
            "매매실거래년":20220111.0,
            "매매실거래가":43000.0,
            "전세실거래년":20191107.0,
            "전세실거래가":22000.0,
            "전세가율":48.89,
            "장기전세가율평균":70.39,
            "전세가율거품지수":21.5,
            "검색코드":104599,
            "세대수":131.0,
            "준공년월":"2008-09-17",
            "준공년차":15.0,
            "가까운역이름":"NA",
            "가까운역거리":"NA",
            "역세권여부":"NA",
            "30분이내주요거점역":"NA",
            "30분거점역이름":"NA",
            "1시간이내주요거점역":"NA",
            "1시간거점역이름":"NA",
            "3km이내백화점수":0,
            "5km이내아울렛몰수":0,
            "1km이내대형먀트수":1,
            "500m이내은행수":2,
            "500m이내병원수":0,
            "5km이내대형병원수":1,
            "500m이내공원수":0,
            "3km이내혐오시설수":0,
            "초등학교학업성취도":90.0,
            "중학교학업성취도":88.5,
            "용적률":244,
            "건폐율":28,
            "Y":35.571463,
            "X":129.23679,
            "rank":35.0,
            "area_info":"35평(116.01), 45평(149.47), 49평(162.98)",
            "last_sales":"2022-01-11,43000.0,45평(149.47)",
            "rank_history":[
                [
                    "202203",
                    35
                ],
                [
                    "202202",
                    34
                ],
                [
                    "202201",
                    26
                ]
            ],
            "rank_gap":-1
        },
        {
            "index":28,
            "아파트명":"굴화주공강변그린빌4단지",
            "투자타입":"일반",
            "전용면적(m2)":"76.72",
            "전용면적(평)":"23평",
            "법정동주소":"울산시 울주군 범서읍 굴화리 7-1",
            "도로명주소":"울산시 울주군 울밀로 2879-8",
            "세대수":30,
            "입주년차":20,
            "용적률점수":"--",
            "건폐율점수":"--",
            "세대당주차수":0,
            "난방방식":30,
            "공급면적":"--",
            "전용률":"--",
            "욕실수":50,
            "현관타입":100,
            "주거총점":32.5,
            "지역구공급총점":0.0,
            "역세권":"NA",
            "30분내 이동가능 거점":"NA",
            "1시간내 이동가능 거점":"NA",
            "교통총점":"NA",
            "백화점":0,
            "아울렛몰":0,
            "대형마트":100,
            "은행":0,
            "병원":0,
            "종합병원":100,
            "공원":80,
            "혐오시설":0,
            "인프라총점":37.4,
            "초등학군":89.98,
            "중학군":51.18,
            "학군총점":58.94,
            "인구수":24.46,
            "인구증감":-0.4,
            "인구총점":17.002,
            "일자리":16.11,
            "소득수준":68.47,
            "일자리총점":31.818,
            "가치 총점":41.07,
            "매매실거래년":20211208.0,
            "매매실거래가":50000.0,
            "전세실거래년":20211015.0,
            "전세실거래가":28000.0,
            "전세가율":90.32,
            "장기전세가율평균":70.39,
            "전세가율거품지수":-19.93,
            "검색코드":101096,
            "세대수":332.0,
            "준공년월":"2002-12-13",
            "준공년차":21.0,
            "가까운역이름":"NA",
            "가까운역거리":"NA",
            "역세권여부":"NA",
            "30분이내주요거점역":"NA",
            "30분거점역이름":"NA",
            "1시간이내주요거점역":"NA",
            "1시간거점역이름":"NA",
            "3km이내백화점수":0,
            "5km이내아울렛몰수":0,
            "1km이내대형먀트수":2,
            "500m이내은행수":1,
            "500m이내병원수":0,
            "5km이내대형병원수":3,
            "500m이내공원수":1,
            "3km이내혐오시설수":0,
            "초등학교학업성취도":89.98,
            "중학교학업성취도":85.3,
            "용적률":191,
            "건폐율":16,
            "Y":35.556624,
            "X":129.264081,
            "rank":36.0,
            "area_info":"23평(76.72), 23평(76.98), 23평(77.12), 32평(108.76), 33평(109.33)",
            "last_sales":"2021-12-08,50000.0,32평(108.76)",
            "rank_history":[
                [
                    "202203",
                    36
                ],
                [
                    "202202",
                    35
                ],
                [
                    "202201",
                    32
                ]
            ],
            "rank_gap":-1
        },
        {
            "index":361,
            "아파트명":"e편한세상울산온양",
            "투자타입":"일반",
            "전용면적(m2)":"84.32",
            "전용면적(평)":"25평",
            "법정동주소":"울산시 울주군 온양읍 망양리 794",
            "도로명주소":"울산시 울주군 망양길 50",
            "세대수":90,
            "입주년차":80,
            "용적률점수":"--",
            "건폐율점수":"--",
            "세대당주차수":30,
            "난방방식":30,
            "공급면적":"--",
            "전용률":"--",
            "욕실수":100,
            "현관타입":100,
            "주거총점":75.0,
            "지역구공급총점":0.0,
            "역세권":"NA",
            "30분내 이동가능 거점":"NA",
            "1시간내 이동가능 거점":"NA",
            "교통총점":"NA",
            "백화점":0,
            "아울렛몰":0,
            "대형마트":0,
            "은행":0,
            "병원":0,
            "종합병원":0,
            "공원":0,
            "혐오시설":0,
            "인프라총점":0.0,
            "초등학군":89.99,
            "중학군":46.84,
            "학군총점":55.47,
            "인구수":24.46,
            "인구증감":-0.4,
            "인구총점":17.002,
            "일자리":16.11,
            "소득수준":68.47,
            "일자리총점":31.818,
            "가치 총점":40.1175,
            "매매실거래년":20220212.0,
            "매매실거래가":28000.0,
            "전세실거래년":20210711.0,
            "전세실거래가":22000.0,
            "전세가율":78.57,
            "장기전세가율평균":70.39,
            "전세가율거품지수":-8.18,
            "검색코드":113492,
            "세대수":970.0,
            "준공년월":"2018-04-01",
            "준공년차":5.0,
            "가까운역이름":"NA",
            "가까운역거리":"NA",
            "역세권여부":"NA",
            "30분이내주요거점역":"NA",
            "30분거점역이름":"NA",
            "1시간이내주요거점역":"NA",
            "1시간거점역이름":"NA",
            "3km이내백화점수":0,
            "5km이내아울렛몰수":0,
            "1km이내대형먀트수":0,
            "500m이내은행수":0,
            "500m이내병원수":0,
            "5km이내대형병원수":0,
            "500m이내공원수":0,
            "3km이내혐오시설수":0,
            "초등학교학업성취도":89.99,
            "중학교학업성취도":76.8,
            "용적률":0,
            "건폐율":0,
            "Y":35.452289,
            "X":129.297112,
            "rank":37.0,
            "area_info":"25평(84.32), 29평(98.7), 29평(98.96), 33평(110.82)",
            "last_sales":"2022-02-12,28000.0,25평(84.32)",
            "rank_history":[
                [
                    "202203",
                    37
                ],
                [
                    "202202",
                    37
                ],
                [
                    "202201",
                    37
                ]
            ],
            "rank_gap":0
        },
        {
            "index":56,
            "아파트명":"문수산신동아파밀리에",
            "투자타입":"일반",
            "전용면적(m2)":"112.53",
            "전용면적(평)":"34평",
            "법정동주소":"울산시 울주군 범서읍 굴화리 743",
            "도로명주소":"울산시 울주군 장검길 143",
            "세대수":0,
            "입주년차":80,
            "용적률점수":"--",
            "건폐율점수":"--",
            "세대당주차수":30,
            "난방방식":30,
            "공급면적":"--",
            "전용률":"--",
            "욕실수":100,
            "현관타입":100,
            "주거총점":43.5,
            "지역구공급총점":0.0,
            "역세권":"NA",
            "30분내 이동가능 거점":"NA",
            "1시간내 이동가능 거점":"NA",
            "교통총점":"NA",
            "백화점":0,
            "아울렛몰":0,
            "대형마트":0,
            "은행":0,
            "병원":0,
            "종합병원":100,
            "공원":100,
            "혐오시설":0,
            "인프라총점":23.0,
            "초등학군":89.98,
            "중학군":55.82,
            "학군총점":62.652,
            "인구수":24.46,
            "인구증감":-0.4,
            "인구총점":17.002,
            "일자리":16.11,
            "소득수준":68.47,
            "일자리총점":31.818,
            "가치 총점":40.088,
            "매매실거래년":20211204.0,
            "매매실거래가":40700.0,
            "전세실거래년":20210822.0,
            "전세실거래가":23000.0,
            "전세가율":56.51,
            "장기전세가율평균":70.39,
            "전세가율거품지수":13.88,
            "검색코드":110136,
            "세대수":108.0,
            "준공년월":"2014-11-20",
            "준공년차":9.0,
            "가까운역이름":"NA",
            "가까운역거리":"NA",
            "역세권여부":"NA",
            "30분이내주요거점역":"NA",
            "30분거점역이름":"NA",
            "1시간이내주요거점역":"NA",
            "1시간거점역이름":"NA",
            "3km이내백화점수":0,
            "5km이내아울렛몰수":0,
            "1km이내대형먀트수":0,
            "500m이내은행수":0,
            "500m이내병원수":0,
            "5km이내대형병원수":2,
            "500m이내공원수":2,
            "3km이내혐오시설수":0,
            "초등학교학업성취도":89.98,
            "중학교학업성취도":92.5,
            "용적률":167,
            "건폐율":17,
            "Y":35.547412,
            "X":129.24939,
            "rank":38.0,
            "area_info":"34평(112.53)",
            "last_sales":"2021-12-04,40700.0,34평(112.53)",
            "rank_history":[
                [
                    "202203",
                    38
                ],
                [
                    "202202",
                    36
                ],
                [
                    "202201",
                    34
                ]
            ],
            "rank_gap":-2
        },
        {
            "index":308,
            "아파트명":"언양동부주공",
            "투자타입":"일반",
            "전용면적(m2)":"70.56",
            "전용면적(평)":"21평",
            "법정동주소":"울산시 울주군 언양읍 동부리 360-1",
            "도로명주소":"울산시 울주군 북문8길 17",
            "세대수":50,
            "입주년차":20,
            "용적률점수":"--",
            "건폐율점수":"--",
            "세대당주차수":0,
            "난방방식":30,
            "공급면적":"--",
            "전용률":"--",
            "욕실수":50,
            "현관타입":100,
            "주거총점":39.5,
            "지역구공급총점":0.0,
            "역세권":"NA",
            "30분내 이동가능 거점":"NA",
            "1시간내 이동가능 거점":"NA",
            "교통총점":"NA",
            "백화점":0,
            "아울렛몰":0,
            "대형마트":80,
            "은행":0,
            "병원":0,
            "종합병원":80,
            "공원":100,
            "혐오시설":0,
            "인프라총점":31.0,
            "초등학군":90.0,
            "중학군":43.72,
            "학군총점":52.976,
            "인구수":24.46,
            "인구증감":-0.4,
            "인구총점":17.002,
            "일자리":16.11,
            "소득수준":68.47,
            "일자리총점":31.818,
            "가치 총점":39.469,
            "매매실거래년":20220222.0,
            "매매실거래가":13300.0,
            "전세실거래년":20220218.0,
            "전세실거래가":9500.0,
            "전세가율":71.43,
            "장기전세가율평균":70.39,
            "전세가율거품지수":-1.04,
            "검색코드":26221,
            "세대수":487.0,
            "준공년월":"1999-07-01",
            "준공년차":24.0,
            "가까운역이름":"NA",
            "가까운역거리":"NA",
            "역세권여부":"NA",
            "30분이내주요거점역":"NA",
            "30분거점역이름":"NA",
            "1시간이내주요거점역":"NA",
            "1시간거점역이름":"NA",
            "3km이내백화점수":0,
            "5km이내아울렛몰수":0,
            "1km이내대형먀트수":1,
            "500m이내은행수":0,
            "500m이내병원수":0,
            "5km이내대형병원수":1,
            "500m이내공원수":5,
            "3km이내혐오시설수":0,
            "초등학교학업성취도":90.0,
            "중학교학업성취도":72.0,
            "용적률":199,
            "건폐율":19,
            "Y":35.572589,
            "X":129.122693,
            "rank":39.0,
            "area_info":"21평(70.56)",
            "last_sales":"2022-02-22,13300.0,21평(70.56)",
            "rank_history":[
                [
                    "202203",
                    39
                ],
                [
                    "202202",
                    38
                ],
                [
                    "202201",
                    39
                ]
            ],
            "rank_gap":-1
        },
        {
            "index":71,
            "아파트명":"문수애시앙2단지",
            "투자타입":"일반",
            "전용면적(m2)":"124.04",
            "전용면적(평)":"37평",
            "법정동주소":"울산시 울주군 범서읍 천상리 266",
            "도로명주소":"울산시 울주군 대동길 21",
            "세대수":0,
            "입주년차":80,
            "용적률점수":"--",
            "건폐율점수":"--",
            "세대당주차수":60,
            "난방방식":30,
            "공급면적":"--",
            "전용률":"--",
            "욕실수":100,
            "현관타입":100,
            "주거총점":48.0,
            "지역구공급총점":0.0,
            "역세권":"NA",
            "30분내 이동가능 거점":"NA",
            "1시간내 이동가능 거점":"NA",
            "교통총점":"NA",
            "백화점":0,
            "아울렛몰":0,
            "대형마트":0,
            "은행":0,
            "병원":0,
            "종합병원":80,
            "공원":100,
            "혐오시설":0,
            "인프라총점":19.0,
            "초등학군":90.0,
            "중학군":49.74,
            "학군총점":57.792,
            "인구수":24.46,
            "인구증감":-0.4,
            "인구총점":17.002,
            "일자리":16.11,
            "소득수준":68.47,
            "일자리총점":31.818,
            "가치 총점":38.848,
            "매매실거래년":20210723.0,
            "매매실거래가":55500.0,
            "전세실거래년":20211010.0,
            "전세실거래가":40000.0,
            "전세가율":89.89,
            "장기전세가율평균":70.39,
            "전세가율거품지수":-19.5,
            "검색코드":107839,
            "세대수":134.0,
            "준공년월":"2014-03-07",
            "준공년차":9.0,
            "가까운역이름":"NA",
            "가까운역거리":"NA",
            "역세권여부":"NA",
            "30분이내주요거점역":"NA",
            "30분거점역이름":"NA",
            "1시간이내주요거점역":"NA",
            "1시간거점역이름":"NA",
            "3km이내백화점수":0,
            "5km이내아울렛몰수":0,
            "1km이내대형먀트수":0,
            "500m이내은행수":0,
            "500m이내병원수":0,
            "5km이내대형병원수":1,
            "500m이내공원수":4,
            "3km이내혐오시설수":0,
            "초등학교학업성취도":90.0,
            "중학교학업성취도":82.7,
            "용적률":222,
            "건폐율":14,
            "Y":35.56254,
            "X":129.232373,
            "rank":40.0,
            "area_info":"37평(124.04), 45평(151.02), 58평(194.21), 72평(239.36)",
            "last_sales":"2021-07-23,55500.0,58평(194.21)",
            "rank_history":[
                [
                    "202203",
                    40
                ],
                [
                    "202202",
                    39
                ],
                [
                    "202201",
                    36
                ]
            ],
            "rank_gap":-1
        },
        {
            "index":50,
            "아파트명":"문수마을수필",
            "투자타입":"일반",
            "전용면적(m2)":"111.61",
            "전용면적(평)":"33평",
            "법정동주소":"울산시 울주군 범서읍 굴화리 739",
            "도로명주소":"울산시 울주군 장검길 122",
            "세대수":0,
            "입주년차":60,
            "용적률점수":"--",
            "건폐율점수":"--",
            "세대당주차수":30,
            "난방방식":30,
            "공급면적":"--",
            "전용률":"--",
            "욕실수":100,
            "현관타입":100,
            "주거총점":39.5,
            "지역구공급총점":0.0,
            "역세권":"NA",
            "30분내 이동가능 거점":"NA",
            "1시간내 이동가능 거점":"NA",
            "교통총점":"NA",
            "백화점":0,
            "아울렛몰":0,
            "대형마트":0,
            "은행":0,
            "병원":0,
            "종합병원":100,
            "공원":100,
            "혐오시설":0,
            "인프라총점":23.0,
            "초등학군":89.98,
            "중학군":55.82,
            "학군총점":62.652,
            "인구수":24.46,
            "인구증감":-0.4,
            "인구총점":17.002,
            "일자리":16.11,
            "소득수준":68.47,
            "일자리총점":31.818,
            "가치 총점":38.688,
            "매매실거래년":20210827.0,
            "매매실거래가":44000.0,
            "전세실거래년":20210716.0,
            "전세실거래가":36500.0,
            "전세가율":82.95,
            "장기전세가율평균":70.39,
            "전세가율거품지수":-12.56,
            "검색코드":102417,
            "세대수":207.0,
            "준공년월":"2010-06-28",
            "준공년차":13.0,
            "가까운역이름":"NA",
            "가까운역거리":"NA",
            "역세권여부":"NA",
            "30분이내주요거점역":"NA",
            "30분거점역이름":"NA",
            "1시간이내주요거점역":"NA",
            "1시간거점역이름":"NA",
            "3km이내백화점수":0,
            "5km이내아울렛몰수":0,
            "1km이내대형먀트수":0,
            "500m이내은행수":0,
            "500m이내병원수":0,
            "5km이내대형병원수":2,
            "500m이내공원수":3,
            "3km이내혐오시설수":0,
            "초등학교학업성취도":89.98,
            "중학교학업성취도":92.5,
            "용적률":181,
            "건폐율":18,
            "Y":35.548471,
            "X":129.24987,
            "rank":41.0,
            "area_info":"33평(111.61), 34평(112.58), 34평(113.5), 51평(170.51)",
            "last_sales":"2021-08-27,44000.0,33평(111.61)",
            "rank_history":[
                [
                    "202203",
                    41
                ],
                [
                    "202202",
                    40
                ],
                [
                    "202201",
                    42
                ]
            ],
            "rank_gap":-1
        },
        {
            "index":241,
            "아파트명":"울산센트레빌더테라스",
            "투자타입":"일반",
            "전용면적(m2)":"92.0",
            "전용면적(평)":"27평",
            "법정동주소":"울산시 울주군 삼남읍 교동리 110",
            "도로명주소":"울산시 울주군 진장길 144",
            "세대수":0,
            "입주년차":100,
            "용적률점수":"--",
            "건폐율점수":"--",
            "세대당주차수":30,
            "난방방식":30,
            "공급면적":"--",
            "전용률":"--",
            "욕실수":100,
            "현관타입":100,
            "주거총점":47.5,
            "지역구공급총점":0.0,
            "역세권":"NA",
            "30분내 이동가능 거점":"NA",
            "1시간내 이동가능 거점":"NA",
            "교통총점":"NA",
            "백화점":0,
            "아울렛몰":0,
            "대형마트":0,
            "은행":0,
            "병원":0,
            "종합병원":80,
            "공원":100,
            "혐오시설":0,
            "인프라총점":19.0,
            "초등학군":90.03,
            "중학군":49.32,
            "학군총점":57.462,
            "인구수":24.46,
            "인구증감":-0.4,
            "인구총점":17.002,
            "일자리":16.11,
            "소득수준":68.47,
            "일자리총점":31.818,
            "가치 총점":38.5905,
            "매매실거래년":"18000101",
            "매매실거래가":null,
            "전세실거래년":null,
            "전세실거래가":null,
            "전세가율":null,
            "장기전세가율평균":70.39,
            "전세가율거품지수":null,
            "검색코드":140901,
            "세대수":236.0,
            "준공년월":"2021-03-05",
            "준공년차":2.0,
            "가까운역이름":"NA",
            "가까운역거리":"NA",
            "역세권여부":"NA",
            "30분이내주요거점역":"NA",
            "30분거점역이름":"NA",
            "1시간이내주요거점역":"NA",
            "1시간거점역이름":"NA",
            "3km이내백화점수":0,
            "5km이내아울렛몰수":0,
            "1km이내대형먀트수":0,
            "500m이내은행수":0,
            "500m이내병원수":0,
            "5km이내대형병원수":1,
            "500m이내공원수":2,
            "3km이내혐오시설수":0,
            "초등학교학업성취도":90.03,
            "중학교학업성취도":80.4,
            "용적률":53,
            "건폐율":18,
            "Y":35.552972,
            "X":129.131002,
            "rank":42.0,
            "area_info":"27평(92.0), 31평(104.89), 31평(104.89)",
            "last_sales":"1800-01-01,nan,27평(92.0)",
            "rank_history":[
                [
                    "202203",
                    42
                ],
                [
                    "202202",
                    42
                ],
                [
                    "202201",
                    44
                ]
            ],
            "rank_gap":0
        },
        {
            "index":119,
            "아파트명":"일신파크맨션",
            "투자타입":"일반",
            "전용면적(m2)":"72.98",
            "전용면적(평)":"22평",
            "법정동주소":"울산시 울주군 범서읍 구영리 840",
            "도로명주소":"울산시 울주군 점촌4길 31",
            "세대수":50,
            "입주년차":0,
            "용적률점수":"--",
            "건폐율점수":"--",
            "세대당주차수":0,
            "난방방식":30,
            "공급면적":"--",
            "전용률":"--",
            "욕실수":50,
            "현관타입":10,
            "주거총점":26.5,
            "지역구공급총점":0.0,
            "역세권":"NA",
            "30분내 이동가능 거점":"NA",
            "1시간내 이동가능 거점":"NA",
            "교통총점":"NA",
            "백화점":0,
            "아울렛몰":0,
            "대형마트":80,
            "은행":70,
            "병원":0,
            "종합병원":80,
            "공원":0,
            "혐오시설":0,
            "인프라총점":35.0,
            "초등학군":90.0,
            "중학군":53.58,
            "학군총점":60.864,
            "인구수":24.46,
            "인구증감":-0.4,
            "인구총점":17.002,
            "일자리":16.11,
            "소득수준":68.47,
            "일자리총점":31.818,
            "가치 총점":38.491,
            "매매실거래년":20220124.0,
            "매매실거래가":31500.0,
            "전세실거래년":20220206.0,
            "전세실거래가":11000.0,
            "전세가율":110.0,
            "장기전세가율평균":70.39,
            "전세가율거품지수":-39.61,
            "검색코드":6624,
            "세대수":408.0,
            "준공년월":"1993-09-08",
            "준공년차":30.0,
            "가까운역이름":"NA",
            "가까운역거리":"NA",
            "역세권여부":"NA",
            "30분이내주요거점역":"NA",
            "30분거점역이름":"NA",
            "1시간이내주요거점역":"NA",
            "1시간거점역이름":"NA",
            "3km이내백화점수":0,
            "5km이내아울렛몰수":0,
            "1km이내대형먀트수":1,
            "500m이내은행수":4,
            "500m이내병원수":0,
            "5km이내대형병원수":1,
            "500m이내공원수":0,
            "3km이내혐오시설수":0,
            "초등학교학업성취도":90.0,
            "중학교학업성취도":88.5,
            "용적률":117,
            "건폐율":19,
            "Y":35.571239,
            "X":129.238386,
            "rank":43.0,
            "area_info":"22평(72.98), 31평(103.82), 31평(103.53), 31평(103.46), 46평(152.8)",
            "last_sales":"2022-01-24,31500.0,46평(152.8)",
            "rank_history":[
                [
                    "202203",
                    43
                ],
                [
                    "202202",
                    41
                ],
                [
                    "202201",
                    30
                ]
            ],
            "rank_gap":-2
        },
        {
            "index":163,
            "아파트명":"한신",
            "투자타입":"일반",
            "전용면적(m2)":"77.11",
            "전용면적(평)":"23평",
            "법정동주소":"울산시 울주군 범서읍 구영리 796-2",
            "도로명주소":"울산시 울주군 점촌4길 77",
            "세대수":50,
            "입주년차":0,
            "용적률점수":"--",
            "건폐율점수":"--",
            "세대당주차수":0,
            "난방방식":30,
            "공급면적":"--",
            "전용률":"--",
            "욕실수":50,
            "현관타입":10,
            "주거총점":26.5,
            "지역구공급총점":0.0,
            "역세권":"NA",
            "30분내 이동가능 거점":"NA",
            "1시간내 이동가능 거점":"NA",
            "교통총점":"NA",
            "백화점":0,
            "아울렛몰":0,
            "대형마트":80,
            "은행":70,
            "병원":0,
            "종합병원":80,
            "공원":0,
            "혐오시설":0,
            "인프라총점":35.0,
            "초등학군":90.0,
            "중학군":53.58,
            "학군총점":60.864,
            "인구수":24.46,
            "인구증감":-0.4,
            "인구총점":17.002,
            "일자리":16.11,
            "소득수준":68.47,
            "일자리총점":31.818,
            "가치 총점":38.491,
            "매매실거래년":20211224.0,
            "매매실거래가":23000.0,
            "전세실거래년":20220214.0,
            "전세실거래가":12000.0,
            "전세가율":86.96,
            "장기전세가율평균":70.39,
            "전세가율거품지수":-16.57,
            "검색코드":6628,
            "세대수":493.0,
            "준공년월":"1994-12-31",
            "준공년차":29.0,
            "가까운역이름":"NA",
            "가까운역거리":"NA",
            "역세권여부":"NA",
            "30분이내주요거점역":"NA",
            "30분거점역이름":"NA",
            "1시간이내주요거점역":"NA",
            "1시간거점역이름":"NA",
            "3km이내백화점수":0,
            "5km이내아울렛몰수":0,
            "1km이내대형먀트수":1,
            "500m이내은행수":4,
            "500m이내병원수":0,
            "5km이내대형병원수":1,
            "500m이내공원수":0,
            "3km이내혐오시설수":0,
            "초등학교학업성취도":90.0,
            "중학교학업성취도":88.5,
            "용적률":327,
            "건폐율":24,
            "Y":35.572533,
            "X":129.240546,
            "rank":43.0,
            "area_info":"23평(77.11), 28평(94.49), 31평(105.63), 41평(135.87)",
            "last_sales":"2021-12-24,23000.0,41평(135.87)",
            "rank_history":[
                [
                    "202203",
                    43
                ],
                [
                    "202202",
                    41
                ],
                [
                    "202201",
                    30
                ]
            ],
            "rank_gap":-2
        },
        {
            "index":80,
            "아파트명":"범서현대1차",
            "투자타입":"재건축",
            "전용면적(m2)":"68.69",
            "전용면적(평)":"20평",
            "법정동주소":"울산시 울주군 범서읍 구영리 798-1",
            "도로명주소":"울산시 울주군 점촌4길 43",
            "세대수":50,
            "입주년차":"--",
            "용적률점수":0,
            "건폐율점수":0,
            "세대당주차수":"--",
            "난방방식":"--",
            "공급면적":50,
            "전용률":80,
            "욕실수":"--",
            "현관타입":"--",
            "주거총점":21.5,
            "지역구공급총점":0.0,
            "역세권":"NA",
            "30분내 이동가능 거점":"NA",
            "1시간내 이동가능 거점":"NA",
            "교통총점":"NA",
            "백화점":0,
            "아울렛몰":0,
            "대형마트":80,
            "은행":70,
            "병원":0,
            "종합병원":80,
            "공원":80,
            "혐오시설":0,
            "인프라총점":37.4,
            "초등학군":90.0,
            "중학군":53.58,
            "학군총점":60.864,
            "인구수":24.46,
            "인구증감":-0.4,
            "인구총점":17.002,
            "일자리":16.11,
            "소득수준":68.47,
            "일자리총점":31.818,
            "가치 총점":37.701,
            "매매실거래년":20211210.0,
            "매매실거래가":18900.0,
            "전세실거래년":20211113.0,
            "전세실거래가":15000.0,
            "전세가율":100.67,
            "장기전세가율평균":70.39,
            "전세가율거품지수":-30.28,
            "검색코드":6617,
            "세대수":498.0,
            "준공년월":"1991-11-08",
            "준공년차":32.0,
            "가까운역이름":"NA",
            "가까운역거리":"NA",
            "역세권여부":"NA",
            "30분이내주요거점역":"NA",
            "30분거점역이름":"NA",
            "1시간이내주요거점역":"NA",
            "1시간거점역이름":"NA",
            "3km이내백화점수":0,
            "5km이내아울렛몰수":0,
            "1km이내대형먀트수":1,
            "500m이내은행수":4,
            "500m이내병원수":0,
            "5km이내대형병원수":1,
            "500m이내공원수":1,
            "3km이내혐오시설수":0,
            "초등학교학업성취도":90.0,
            "중학교학업성취도":88.5,
            "용적률":0,
            "건폐율":0,
            "Y":35.571095,
            "X":129.239277,
            "rank":44.0,
            "area_info":"20평(68.69), 24평(82.64), 28평(95.4)",
            "last_sales":"2021-12-10,18900.0,28평(95.4)",
            "rank_history":[
                [
                    "202203",
                    44
                ],
                [
                    "202202",
                    44
                ],
                [
                    "202201",
                    33
                ]
            ],
            "rank_gap":0
        },
        {
            "index":124,
            "아파트명":"장검한라아트빌",
            "투자타입":"일반",
            "전용면적(m2)":"81.62",
            "전용면적(평)":"24평",
            "법정동주소":"울산시 울주군 범서읍 굴화리 245",
            "도로명주소":"울산시 울주군 장검1길 30",
            "세대수":0,
            "입주년차":20,
            "용적률점수":"--",
            "건폐율점수":"--",
            "세대당주차수":0,
            "난방방식":30,
            "공급면적":"--",
            "전용률":"--",
            "욕실수":50,
            "현관타입":100,
            "주거총점":22.0,
            "지역구공급총점":0.0,
            "역세권":"NA",
            "30분내 이동가능 거점":"NA",
            "1시간내 이동가능 거점":"NA",
            "교통총점":"NA",
            "백화점":0,
            "아울렛몰":0,
            "대형마트":100,
            "은행":0,
            "병원":0,
            "종합병원":100,
            "공원":100,
            "혐오시설":0,
            "인프라총점":38.0,
            "초등학군":89.99,
            "중학군":51.18,
            "학군총점":58.942,
            "인구수":24.46,
            "인구증감":-0.4,
            "인구총점":17.002,
            "일자리":16.11,
            "소득수준":68.47,
            "일자리총점":31.818,
            "가치 총점":37.6355,
            "매매실거래년":20211213.0,
            "매매실거래가":23000.0,
            "전세실거래년":20201028.0,
            "전세실거래가":20000.0,
            "전세가율":86.96,
            "장기전세가율평균":70.39,
            "전세가율거품지수":-16.57,
            "검색코드":14716,
            "세대수":150.0,
            "준공년월":"2001-06-19",
            "준공년차":22.0,
            "가까운역이름":"NA",
            "가까운역거리":"NA",
            "역세권여부":"NA",
            "30분이내주요거점역":"NA",
            "30분거점역이름":"NA",
            "1시간이내주요거점역":"NA",
            "1시간거점역이름":"NA",
            "3km이내백화점수":0,
            "5km이내아울렛몰수":0,
            "1km이내대형먀트수":2,
            "500m이내은행수":0,
            "500m이내병원수":0,
            "5km이내대형병원수":2,
            "500m이내공원수":4,
            "3km이내혐오시설수":0,
            "초등학교학업성취도":89.99,
            "중학교학업성취도":85.3,
            "용적률":321,
            "건폐율":26,
            "Y":35.55312,
            "X":129.25404,
            "rank":45.0,
            "area_info":"24평(81.62), 32평(106.18), 33평(111.15)",
            "last_sales":"2021-12-13,23000.0,24평(81.62)",
            "rank_history":[
                [
                    "202203",
                    45
                ],
                [
                    "202202",
                    43
                ],
                [
                    "202201",
                    50
                ]
            ],
            "rank_gap":-2
        },
        {
            "index":0,
            "아파트명":"경동태원하이빌",
            "투자타입":"일반",
            "전용면적(m2)":"53.89",
            "전용면적(평)":"16평",
            "법정동주소":"울산시 울주군 범서읍 천상리 324-2",
            "도로명주소":"울산시 울주군 천상길 43",
            "세대수":90,
            "입주년차":20,
            "용적률점수":"--",
            "건폐율점수":"--",
            "세대당주차수":0,
            "난방방식":30,
            "공급면적":"--",
            "전용률":"--",
            "욕실수":50,
            "현관타입":10,
            "주거총점":44.5,
            "지역구공급총점":0.0,
            "역세권":"NA",
            "30분내 이동가능 거점":"NA",
            "1시간내 이동가능 거점":"NA",
            "교통총점":"NA",
            "백화점":0,
            "아울렛몰":0,
            "대형마트":0,
            "은행":0,
            "병원":0,
            "종합병원":80,
            "공원":100,
            "혐오시설":0,
            "인프라총점":19.0,
            "초등학군":90.0,
            "중학군":49.74,
            "학군총점":57.792,
            "인구수":24.46,
            "인구증감":-0.4,
            "인구총점":17.002,
            "일자리":16.11,
            "소득수준":68.47,
            "일자리총점":31.818,
            "가치 총점":37.623,
            "매매실거래년":20220114.0,
            "매매실거래가":11100.0,
            "전세실거래년":20211112.0,
            "전세실거래가":8000.0,
            "전세가율":100.0,
            "장기전세가율평균":70.39,
            "전세가율거품지수":-29.61,
            "검색코드":100847,
            "세대수":998.0,
            "준공년월":"2001-02-20",
            "준공년차":22.0,
            "가까운역이름":"NA",
            "가까운역거리":"NA",
            "역세권여부":"NA",
            "30분이내주요거점역":"NA",
            "30분거점역이름":"NA",
            "1시간이내주요거점역":"NA",
            "1시간거점역이름":"NA",
            "3km이내백화점수":0,
            "5km이내아울렛몰수":0,
            "1km이내대형먀트수":0,
            "500m이내은행수":0,
            "500m이내병원수":0,
            "5km이내대형병원수":1,
            "500m이내공원수":5,
            "3km이내혐오시설수":0,
            "초등학교학업성취도":90.0,
            "중학교학업성취도":82.7,
            "용적률":317,
            "건폐율":21,
            "Y":35.560814,
            "X":129.227537,
            "rank":46.0,
            "area_info":"16평(53.89), 24평(80.16)",
            "last_sales":"2022-01-14,11100.0,24평(80.16)",
            "rank_history":[
                [
                    "202203",
                    46
                ],
                [
                    "202202",
                    45
                ],
                [
                    "202201",
                    35
                ]
            ],
            "rank_gap":-1
        },
        {
            "index":83,
            "아파트명":"범서현대2차",
            "투자타입":"재건축",
            "전용면적(m2)":"69.64",
            "전용면적(평)":"21평",
            "법정동주소":"울산시 울주군 범서읍 구영리 870",
            "도로명주소":"울산시 울주군 구영앞길 114",
            "세대수":30,
            "입주년차":"--",
            "용적률점수":0,
            "건폐율점수":80,
            "세대당주차수":"--",
            "난방방식":"--",
            "공급면적":50,
            "전용률":80,
            "욕실수":"--",
            "현관타입":"--",
            "주거총점":31.5,
            "지역구공급총점":0.0,
            "역세권":"NA",
            "30분내 이동가능 거점":"NA",
            "1시간내 이동가능 거점":"NA",
            "교통총점":"NA",
            "백화점":0,
            "아울렛몰":0,
            "대형마트":80,
            "은행":0,
            "병원":0,
            "종합병원":80,
            "공원":0,
            "혐오시설":0,
            "인프라총점":28.0,
            "초등학군":90.0,
            "중학군":53.58,
            "학군총점":60.864,
            "인구수":24.46,
            "인구증감":-0.4,
            "인구총점":17.002,
            "일자리":16.11,
            "소득수준":68.47,
            "일자리총점":31.818,
            "가치 총점":37.441,
            "매매실거래년":20211120.0,
            "매매실거래가":16250.0,
            "전세실거래년":20220218.0,
            "전세실거래가":8900.0,
            "전세가율":54.77,
            "장기전세가율평균":70.39,
            "전세가율거품지수":15.62,
            "검색코드":6619,
            "세대수":351.0,
            "준공년월":"1992-06-20",
            "준공년차":31.0,
            "가까운역이름":"NA",
            "가까운역거리":"NA",
            "역세권여부":"NA",
            "30분이내주요거점역":"NA",
            "30분거점역이름":"NA",
            "1시간이내주요거점역":"NA",
            "1시간거점역이름":"NA",
            "3km이내백화점수":0,
            "5km이내아울렛몰수":0,
            "1km이내대형먀트수":1,
            "500m이내은행수":0,
            "500m이내병원수":0,
            "5km이내대형병원수":1,
            "500m이내공원수":0,
            "3km이내혐오시설수":0,
            "초등학교학업성취도":90.0,
            "중학교학업성취도":88.5,
            "용적률":0,
            "건폐율":25,
            "Y":35.570905,
            "X":129.236726,
            "rank":47.0,
            "area_info":"21평(69.64), 25평(83.65), 29평(96.36)",
            "last_sales":"2021-11-20,16250.0,21평(69.64)",
            "rank_history":[
                [
                    "202203",
                    47
                ],
                [
                    "202202",
                    46
                ],
                [
                    "202201",
                    45
                ]
            ],
            "rank_gap":-1
        },
        {
            "index":86,
            "아파트명":"범서현대3차",
            "투자타입":"일반",
            "전용면적(m2)":"75.88",
            "전용면적(평)":"22평",
            "법정동주소":"울산시 울주군 범서읍 구영리 799-5",
            "도로명주소":"울산시 울주군 점촌4길 65",
            "세대수":30,
            "입주년차":0,
            "용적률점수":"--",
            "건폐율점수":"--",
            "세대당주차수":0,
            "난방방식":30,
            "공급면적":"--",
            "전용률":"--",
            "욕실수":50,
            "현관타입":10,
            "주거총점":19.5,
            "지역구공급총점":0.0,
            "역세권":"NA",
            "30분내 이동가능 거점":"NA",
            "1시간내 이동가능 거점":"NA",
            "교통총점":"NA",
            "백화점":0,
            "아울렛몰":0,
            "대형마트":80,
            "은행":70,
            "병원":0,
            "종합병원":80,
            "공원":100,
            "혐오시설":0,
            "인프라총점":38.0,
            "초등학군":90.0,
            "중학군":53.58,
            "학군총점":60.864,
            "인구수":24.46,
            "인구증감":-0.4,
            "인구총점":17.002,
            "일자리":16.11,
            "소득수준":68.47,
            "일자리총점":31.818,
            "가치 총점":37.241,
            "매매실거래년":20220222.0,
            "매매실거래가":15600.0,
            "전세실거래년":20220209.0,
            "전세실거래가":12500.0,
            "전세가율":80.13,
            "장기전세가율평균":70.39,
            "전세가율거품지수":-9.74,
            "검색코드":6621,
            "세대수":399.0,
            "준공년월":"1993-12-20",
            "준공년차":30.0,
            "가까운역이름":"NA",
            "가까운역거리":"NA",
            "역세권여부":"NA",
            "30분이내주요거점역":"NA",
            "30분거점역이름":"NA",
            "1시간이내주요거점역":"NA",
            "1시간거점역이름":"NA",
            "3km이내백화점수":0,
            "5km이내아울렛몰수":0,
            "1km이내대형먀트수":1,
            "500m이내은행수":4,
            "500m이내병원수":0,
            "5km이내대형병원수":1,
            "500m이내공원수":2,
            "3km이내혐오시설수":0,
            "초등학교학업성취도":90.0,
            "중학교학업성취도":88.5,
            "용적률":378,
            "건폐율":0,
            "Y":35.570942,
            "X":129.240974,
            "rank":48.0,
            "area_info":"22평(75.88), 27평(90.0)",
            "last_sales":"2022-02-22,15600.0,22평(75.88)",
            "rank_history":[
                [
                    "202203",
                    48
                ],
                [
                    "202202",
                    47
                ],
                [
                    "202201",
                    38
                ]
            ],
            "rank_gap":-1
        },
        {
            "index":90,
            "아파트명":"서한",
            "투자타입":"일반",
            "전용면적(m2)":"94.31",
            "전용면적(평)":"28평",
            "법정동주소":"울산시 울주군 범서읍 구영리 816",
            "도로명주소":"울산시 울주군 점촌4길 40",
            "세대수":0,
            "입주년차":0,
            "용적률점수":"--",
            "건폐율점수":"--",
            "세대당주차수":0,
            "난방방식":30,
            "공급면적":"--",
            "전용률":"--",
            "욕실수":50,
            "현관타입":100,
            "주거총점":18.0,
            "지역구공급총점":0.0,
            "역세권":"NA",
            "30분내 이동가능 거점":"NA",
            "1시간내 이동가능 거점":"NA",
            "교통총점":"NA",
            "백화점":0,
            "아울렛몰":0,
            "대형마트":80,
            "은행":70,
            "병원":0,
            "종합병원":80,
            "공원":100,
            "혐오시설":0,
            "인프라총점":38.0,
            "초등학군":90.0,
            "중학군":53.58,
            "학군총점":60.864,
            "인구수":24.46,
            "인구증감":-0.4,
            "인구총점":17.002,
            "일자리":16.11,
            "소득수준":68.47,
            "일자리총점":31.818,
            "가치 총점":36.716,
            "매매실거래년":20220107.0,
            "매매실거래가":19500.0,
            "전세실거래년":20220209.0,
            "전세실거래가":12000.0,
            "전세가율":75.0,
            "장기전세가율평균":70.39,
            "전세가율거품지수":-4.61,
            "검색코드":14711,
            "세대수":115.0,
            "준공년월":"1993-08-04",
            "준공년차":30.0,
            "가까운역이름":"NA",
            "가까운역거리":"NA",
            "역세권여부":"NA",
            "30분이내주요거점역":"NA",
            "30분거점역이름":"NA",
            "1시간이내주요거점역":"NA",
            "1시간거점역이름":"NA",
            "3km이내백화점수":0,
            "5km이내아울렛몰수":0,
            "1km이내대형먀트수":1,
            "500m이내은행수":4,
            "500m이내병원수":0,
            "5km이내대형병원수":1,
            "500m이내공원수":2,
            "3km이내혐오시설수":0,
            "초등학교학업성취도":90.0,
            "중학교학업성취도":88.5,
            "용적률":251,
            "건폐율":28,
            "Y":35.57016,
            "X":129.23987,
            "rank":49.0,
            "area_info":"28평(94.31), 31평(104.49)",
            "last_sales":"2022-01-07,19500.0,31평(104.49)",
            "rank_history":[
                [
                    "202203",
                    49
                ],
                [
                    "202202",
                    48
                ],
                [
                    "202201",
                    40
                ]
            ],
            "rank_gap":-1
        },
        {
            "index":279,
            "아파트명":"산정동부빌라트",
            "투자타입":"일반",
            "전용면적(m2)":"98.19",
            "전용면적(평)":"29평",
            "법정동주소":"울산시 울주군 언양읍 동부리 385-3",
            "도로명주소":"울산시 울주군 동부2길 47",
            "세대수":0,
            "입주년차":0,
            "용적률점수":"--",
            "건폐율점수":"--",
            "세대당주차수":30,
            "난방방식":30,
            "공급면적":"--",
            "전용률":"--",
            "욕실수":100,
            "현관타입":100,
            "주거총점":27.5,
            "지역구공급총점":0.0,
            "역세권":"NA",
            "30분내 이동가능 거점":"NA",
            "1시간내 이동가능 거점":"NA",
            "교통총점":"NA",
            "백화점":0,
            "아울렛몰":0,
            "대형마트":80,
            "은행":20,
            "병원":0,
            "종합병원":80,
            "공원":100,
            "혐오시설":0,
            "인프라총점":33.0,
            "초등학군":90.0,
            "중학군":43.72,
            "학군총점":52.976,
            "인구수":24.46,
            "인구증감":-0.4,
            "인구총점":17.002,
            "일자리":16.11,
            "소득수준":68.47,
            "일자리총점":31.818,
            "가치 총점":36.069,
            "매매실거래년":20220121.0,
            "매매실거래가":15400.0,
            "전세실거래년":20191211.0,
            "전세실거래가":10000.0,
            "전세가율":64.94,
            "장기전세가율평균":70.39,
            "전세가율거품지수":5.45,
            "검색코드":101012,
            "세대수":74.0,
            "준공년월":"1998-05-23",
            "준공년차":25.0,
            "가까운역이름":"NA",
            "가까운역거리":"NA",
            "역세권여부":"NA",
            "30분이내주요거점역":"NA",
            "30분거점역이름":"NA",
            "1시간이내주요거점역":"NA",
            "1시간거점역이름":"NA",
            "3km이내백화점수":0,
            "5km이내아울렛몰수":0,
            "1km이내대형먀트수":1,
            "500m이내은행수":2,
            "500m이내병원수":0,
            "5km이내대형병원수":1,
            "500m이내공원수":3,
            "3km이내혐오시설수":0,
            "초등학교학업성취도":90.0,
            "중학교학업성취도":72.0,
            "용적률":0,
            "건폐율":0,
            "Y":35.569787,
            "X":129.127364,
            "rank":50.0,
            "area_info":"29평(98.19), 48평(159.3)",
            "last_sales":"2022-01-21,15400.0,29평(98.19)",
            "rank_history":[
                [
                    "202203",
                    50
                ],
                [
                    "202202",
                    9999
                ]
            ],
            "rank_gap":9999
        },
        {
            "index":316,
            "아파트명":"언양한라빌리지",
            "투자타입":"일반",
            "전용면적(m2)":"98.29",
            "전용면적(평)":"29평",
            "법정동주소":"울산시 울주군 언양읍 서부리 291-4",
            "도로명주소":"울산시 울주군 헌양길 189",
            "세대수":0,
            "입주년차":0,
            "용적률점수":"--",
            "건폐율점수":"--",
            "세대당주차수":0,
            "난방방식":30,
            "공급면적":"--",
            "전용률":"--",
            "욕실수":100,
            "현관타입":100,
            "주거총점":23.0,
            "지역구공급총점":0.0,
            "역세권":"NA",
            "30분내 이동가능 거점":"NA",
            "1시간내 이동가능 거점":"NA",
            "교통총점":"NA",
            "백화점":0,
            "아울렛몰":0,
            "대형마트":100,
            "은행":0,
            "병원":0,
            "종합병원":80,
            "공원":100,
            "혐오시설":0,
            "인프라총점":34.0,
            "초등학군":90.01,
            "중학군":49.32,
            "학군총점":57.458,
            "인구수":24.46,
            "인구증감":-0.4,
            "인구총점":17.002,
            "일자리":16.11,
            "소득수준":68.47,
            "일자리총점":31.818,
            "가치 총점":36.0145,
            "매매실거래년":20220117.0,
            "매매실거래가":19300.0,
            "전세실거래년":20201219.0,
            "전세실거래가":15000.0,
            "전세가율":77.72,
            "장기전세가율평균":70.39,
            "전세가율거품지수":-7.33,
            "검색코드":14725,
            "세대수":90.0,
            "준공년월":"1998-03-29",
            "준공년차":25.0,
            "가까운역이름":"NA",
            "가까운역거리":"NA",
            "역세권여부":"NA",
            "30분이내주요거점역":"NA",
            "30분거점역이름":"NA",
            "1시간이내주요거점역":"NA",
            "1시간거점역이름":"NA",
            "3km이내백화점수":0,
            "5km이내아울렛몰수":0,
            "1km이내대형먀트수":2,
            "500m이내은행수":0,
            "500m이내병원수":0,
            "5km이내대형병원수":1,
            "500m이내공원수":7,
            "3km이내혐오시설수":0,
            "초등학교학업성취도":90.01,
            "중학교학업성취도":80.4,
            "용적률":299,
            "건폐율":33,
            "Y":35.56767,
            "X":129.11619,
            "rank":51.0,
            "area_info":"29평(98.29), 34평(115.66)",
            "last_sales":"2022-01-17,19300.0,29평(98.29)",
            "rank_history":[
                [
                    "202203",
                    51
                ],
                [
                    "202202",
                    9999
                ]
            ],
            "rank_gap":9999
        },
        {
            "index":127,
            "아파트명":"천상국태그린빌",
            "투자타입":"일반",
            "전용면적(m2)":"66.99",
            "전용면적(평)":"20평",
            "법정동주소":"울산시 울주군 범서읍 천상리 605",
            "도로명주소":"울산시 울주군 천상4길 4",
            "세대수":50,
            "입주년차":20,
            "용적률점수":"--",
            "건폐율점수":"--",
            "세대당주차수":0,
            "난방방식":30,
            "공급면적":"--",
            "전용률":"--",
            "욕실수":50,
            "현관타입":100,
            "주거총점":39.5,
            "지역구공급총점":0.0,
            "역세권":"NA",
            "30분내 이동가능 거점":"NA",
            "1시간내 이동가능 거점":"NA",
            "교통총점":"NA",
            "백화점":0,
            "아울렛몰":0,
            "대형마트":0,
            "은행":0,
            "병원":0,
            "종합병원":80,
            "공원":100,
            "혐오시설":0,
            "인프라총점":19.0,
            "초등학군":90.0,
            "중학군":49.74,
            "학군총점":57.792,
            "인구수":24.46,
            "인구증감":-0.4,
            "인구총점":17.002,
            "일자리":16.11,
            "소득수준":68.47,
            "일자리총점":31.818,
            "가치 총점":35.873,
            "매매실거래년":20220214.0,
            "매매실거래가":11700.0,
            "전세실거래년":20211201.0,
            "전세실거래가":11000.0,
            "전세가율":94.02,
            "장기전세가율평균":70.39,
            "전세가율거품지수":-23.63,
            "검색코드":101010,
            "세대수":561.0,
            "준공년월":"2001-03-28",
            "준공년차":22.0,
            "가까운역이름":"NA",
            "가까운역거리":"NA",
            "역세권여부":"NA",
            "30분이내주요거점역":"NA",
            "30분거점역이름":"NA",
            "1시간이내주요거점역":"NA",
            "1시간거점역이름":"NA",
            "3km이내백화점수":0,
            "5km이내아울렛몰수":0,
            "1km이내대형먀트수":0,
            "500m이내은행수":0,
            "500m이내병원수":0,
            "5km이내대형병원수":1,
            "500m이내공원수":4,
            "3km이내혐오시설수":0,
            "초등학교학업성취도":90.0,
            "중학교학업성취도":82.7,
            "용적률":339,
            "건폐율":28,
            "Y":35.563459,
            "X":129.225317,
            "rank":52.0,
            "area_info":"20평(66.99), 20평(68.23), 24평(82.09)",
            "last_sales":"2022-02-14,11700.0,20평(66.99)",
            "rank_history":[
                [
                    "202203",
                    52
                ],
                [
                    "202202",
                    49
                ],
                [
                    "202201",
                    49
                ]
            ],
            "rank_gap":-3
        },
        {
            "index":130,
            "아파트명":"천상그린코아",
            "투자타입":"일반",
            "전용면적(m2)":"70.01",
            "전용면적(평)":"21평",
            "법정동주소":"울산시 울주군 범서읍 천상리 600",
            "도로명주소":"울산시 울주군 천상6길 6",
            "세대수":50,
            "입주년차":20,
            "용적률점수":"--",
            "건폐율점수":"--",
            "세대당주차수":0,
            "난방방식":30,
            "공급면적":"--",
            "전용률":"--",
            "욕실수":50,
            "현관타입":100,
            "주거총점":39.5,
            "지역구공급총점":0.0,
            "역세권":"NA",
            "30분내 이동가능 거점":"NA",
            "1시간내 이동가능 거점":"NA",
            "교통총점":"NA",
            "백화점":0,
            "아울렛몰":0,
            "대형마트":0,
            "은행":0,
            "병원":0,
            "종합병원":80,
            "공원":100,
            "혐오시설":0,
            "인프라총점":19.0,
            "초등학군":90.0,
            "중학군":49.74,
            "학군총점":57.792,
            "인구수":24.46,
            "인구증감":-0.4,
            "인구총점":17.002,
            "일자리":16.11,
            "소득수준":68.47,
            "일자리총점":31.818,
            "가치 총점":35.873,
            "매매실거래년":20220219.0,
            "매매실거래가":25000.0,
            "전세실거래년":20211127.0,
            "전세실거래가":11000.0,
            "전세가율":100.0,
            "장기전세가율평균":70.39,
            "전세가율거품지수":-29.61,
            "검색코드":6634,
            "세대수":510.0,
            "준공년월":"1999-07-31",
            "준공년차":24.0,
            "가까운역이름":"NA",
            "가까운역거리":"NA",
            "역세권여부":"NA",
            "30분이내주요거점역":"NA",
            "30분거점역이름":"NA",
            "1시간이내주요거점역":"NA",
            "1시간거점역이름":"NA",
            "3km이내백화점수":0,
            "5km이내아울렛몰수":0,
            "1km이내대형먀트수":0,
            "500m이내은행수":0,
            "500m이내병원수":0,
            "5km이내대형병원수":1,
            "500m이내공원수":3,
            "3km이내혐오시설수":0,
            "초등학교학업성취도":90.0,
            "중학교학업성취도":82.7,
            "용적률":0,
            "건폐율":28,
            "Y":35.562982,
            "X":129.222617,
            "rank":52.0,
            "area_info":"21평(70.01), 23평(77.66), 27평(90.05), 29평(98.38), 30평(102.38), 31평(105.23)",
            "last_sales":"2022-02-19,25000.0,31평(105.23)",
            "rank_history":[
                [
                    "202203",
                    52
                ],
                [
                    "202202",
                    49
                ],
                [
                    "202201",
                    47
                ]
            ],
            "rank_gap":-3
        },
        {
            "index":170,
            "아파트명":"금아드림팰리스",
            "투자타입":"일반",
            "전용면적(m2)":"105.51",
            "전용면적(평)":"31평",
            "법정동주소":"울산시 울주군 삼남읍 신화리 1609",
            "도로명주소":"울산시 울주군 도호1길 39-11",
            "세대수":0,
            "입주년차":80,
            "용적률점수":"--",
            "건폐율점수":"--",
            "세대당주차수":30,
            "난방방식":30,
            "공급면적":"--",
            "전용률":"--",
            "욕실수":100,
            "현관타입":100,
            "주거총점":43.5,
            "지역구공급총점":0.0,
            "역세권":"NA",
            "30분내 이동가능 거점":"NA",
            "1시간내 이동가능 거점":"NA",
            "교통총점":"NA",
            "백화점":0,
            "아울렛몰":0,
            "대형마트":0,
            "은행":0,
            "병원":0,
            "종합병원":80,
            "공원":80,
            "혐오시설":0,
            "인프라총점":18.4,
            "초등학군":90.03,
            "중학군":43.72,
            "학군총점":52.982,
            "인구수":24.46,
            "인구증감":-0.4,
            "인구총점":17.002,
            "일자리":16.11,
            "소득수준":68.47,
            "일자리총점":31.818,
            "가치 총점":35.8305,
            "매매실거래년":20211107.0,
            "매매실거래가":46000.0,
            "전세실거래년":20220209.0,
            "전세실거래가":23000.0,
            "전세가율":60.53,
            "장기전세가율평균":70.39,
            "전세가율거품지수":9.86,
            "검색코드":115328,
            "세대수":299.0,
            "준공년월":"2018-12-01",
            "준공년차":5.0,
            "가까운역이름":"NA",
            "가까운역거리":"NA",
            "역세권여부":"NA",
            "30분이내주요거점역":"NA",
            "30분거점역이름":"NA",
            "1시간이내주요거점역":"NA",
            "1시간거점역이름":"NA",
            "3km이내백화점수":0,
            "5km이내아울렛몰수":0,
            "1km이내대형먀트수":0,
            "500m이내은행수":0,
            "500m이내병원수":0,
            "5km이내대형병원수":1,
            "500m이내공원수":1,
            "3km이내혐오시설수":0,
            "초등학교학업성취도":90.03,
            "중학교학업성취도":72.0,
            "용적률":0,
            "건폐율":0,
            "Y":35.546248,
            "X":129.140379,
            "rank":53.0,
            "area_info":"31평(105.51), 37평(122.56), 37평(122.59), 37평(123.26), 46평(152.29), 57평(191.44)",
            "last_sales":"2021-11-07,46000.0,37평(123.26)",
            "rank_history":[
                [
                    "202203",
                    53
                ],
                [
                    "202202",
                    50
                ],
                [
                    "202201",
                    52
                ]
            ],
            "rank_gap":-3
        },
        {
            "index":436,
            "아파트명":"쌍용하나빌리지",
            "투자타입":"일반",
            "전용면적(m2)":"78.43",
            "전용면적(평)":"23평",
            "법정동주소":"울산시 울주군 청량읍 삼정리 755",
            "도로명주소":"울산시 울주군 삼정로 92",
            "세대수":100,
            "입주년차":20,
            "용적률점수":"--",
            "건폐율점수":"--",
            "세대당주차수":30,
            "난방방식":30,
            "공급면적":"--",
            "전용률":"--",
            "욕실수":50,
            "현관타입":100,
            "주거총점":61.5,
            "지역구공급총점":0.0,
            "역세권":"NA",
            "30분내 이동가능 거점":"NA",
            "1시간내 이동가능 거점":"NA",
            "교통총점":"NA",
            "백화점":0,
            "아울렛몰":0,
            "대형마트":0,
            "은행":0,
            "병원":0,
            "종합병원":0,
            "공원":0,
            "혐오시설":0,
            "인프라총점":0.0,
            "초등학군":89.95,
            "중학군":46.7,
            "학군총점":55.35,
            "인구수":24.46,
            "인구증감":-0.4,
            "인구총점":17.002,
            "일자리":16.11,
            "소득수준":68.47,
            "일자리총점":31.818,
            "가치 총점":35.3625,
            "매매실거래년":20220217.0,
            "매매실거래가":11000.0,
            "전세실거래년":20211120.0,
            "전세실거래가":9500.0,
            "전세가율":86.36,
            "장기전세가율평균":70.39,
            "전세가율거품지수":-15.97,
            "검색코드":6746,
            "세대수":1800.0,
            "준공년월":"1999-07-20",
            "준공년차":24.0,
            "가까운역이름":"NA",
            "가까운역거리":"NA",
            "역세권여부":"NA",
            "30분이내주요거점역":"NA",
            "30분거점역이름":"NA",
            "1시간이내주요거점역":"NA",
            "1시간거점역이름":"NA",
            "3km이내백화점수":0,
            "5km이내아울렛몰수":0,
            "1km이내대형먀트수":0,
            "500m이내은행수":0,
            "500m이내병원수":0,
            "5km이내대형병원수":0,
            "500m이내공원수":0,
            "3km이내혐오시설수":0,
            "초등학교학업성취도":89.95,
            "중학교학업성취도":75.5,
            "용적률":107,
            "건폐율":10,
            "Y":35.493568,
            "X":129.236267,
            "rank":54.0,
            "area_info":"23평(78.43), 23평(78.46), 28평(95.31), 32평(106.53), 48평(160.71)",
            "last_sales":"2022-02-17,11000.0,23평(78.43)",
            "rank_history":[
                [
                    "202203",
                    54
                ],
                [
                    "202202",
                    51
                ],
                [
                    "202201",
                    55
                ]
            ],
            "rank_gap":-3
        },
        {
            "index":372,
            "아파트명":"럭키남창",
            "투자타입":"재건축",
            "전용면적(m2)":"70.51",
            "전용면적(평)":"21평",
            "법정동주소":"울산시 울주군 온양읍 대안리 575",
            "도로명주소":"울산시 울주군 온양로 86",
            "세대수":30,
            "입주년차":"--",
            "용적률점수":20,
            "건폐율점수":80,
            "세대당주차수":"--",
            "난방방식":"--",
            "공급면적":50,
            "전용률":60,
            "욕실수":"--",
            "현관타입":"--",
            "주거총점":38.5,
            "지역구공급총점":0.0,
            "역세권":"NA",
            "30분내 이동가능 거점":"NA",
            "1시간내 이동가능 거점":"NA",
            "교통총점":"NA",
            "백화점":0,
            "아울렛몰":0,
            "대형마트":100,
            "은행":0,
            "병원":0,
            "종합병원":0,
            "공원":100,
            "혐오시설":0,
            "인프라총점":18.0,
            "초등학군":89.99,
            "중학군":49.0,
            "학군총점":57.198,
            "인구수":24.46,
            "인구증감":-0.4,
            "인구총점":17.002,
            "일자리":16.11,
            "소득수준":68.47,
            "일자리총점":31.818,
            "가치 총점":34.9745,
            "매매실거래년":20220203.0,
            "매매실거래가":8900.0,
            "전세실거래년":20210915.0,
            "전세실거래가":6000.0,
            "전세가율":67.42,
            "장기전세가율평균":70.39,
            "전세가율거품지수":2.97,
            "검색코드":6711,
            "세대수":396.0,
            "준공년월":"1991-12-07",
            "준공년차":32.0,
            "가까운역이름":"NA",
            "가까운역거리":"NA",
            "역세권여부":"NA",
            "30분이내주요거점역":"NA",
            "30분거점역이름":"NA",
            "1시간이내주요거점역":"NA",
            "1시간거점역이름":"NA",
            "3km이내백화점수":0,
            "5km이내아울렛몰수":0,
            "1km이내대형먀트수":2,
            "500m이내은행수":0,
            "500m이내병원수":0,
            "5km이내대형병원수":0,
            "500m이내공원수":5,
            "3km이내혐오시설수":0,
            "초등학교학업성취도":89.99,
            "중학교학업성취도":80.8,
            "용적률":200,
            "건폐율":20,
            "Y":35.410128,
            "X":129.281628,
            "rank":55.0,
            "area_info":"21평(70.51)",
            "last_sales":"2022-02-03,8900.0,21평(70.51)",
            "rank_history":[
                [
                    "202203",
                    55
                ],
                [
                    "202202",
                    52
                ],
                [
                    "202201",
                    69
                ]
            ],
            "rank_gap":-3
        },
        {
            "index":248,
            "아파트명":"태봉파크",
            "투자타입":"재건축",
            "전용면적(m2)":"76.91",
            "전용면적(평)":"23평",
            "법정동주소":"울산시 울주군 삼남읍 교동리 1522-5",
            "도로명주소":"울산시 울주군 반구대로 613",
            "세대수":30,
            "입주년차":"--",
            "용적률점수":0,
            "건폐율점수":60,
            "세대당주차수":"--",
            "난방방식":"--",
            "공급면적":50,
            "전용률":60,
            "욕실수":"--",
            "현관타입":"--",
            "주거총점":26.5,
            "지역구공급총점":0.0,
            "역세권":"NA",
            "30분내 이동가능 거점":"NA",
            "1시간내 이동가능 거점":"NA",
            "교통총점":"NA",
            "백화점":0,
            "아울렛몰":0,
            "대형마트":80,
            "은행":0,
            "병원":0,
            "종합병원":80,
            "공원":0,
            "혐오시설":0,
            "인프라총점":28.0,
            "초등학군":90.02,
            "중학군":49.32,
            "학군총점":57.46,
            "인구수":24.46,
            "인구증감":-0.4,
            "인구총점":17.002,
            "일자리":16.11,
            "소득수준":68.47,
            "일자리총점":31.818,
            "가치 총점":34.84,
            "매매실거래년":20220129.0,
            "매매실거래가":7700.0,
            "전세실거래년":20220209.0,
            "전세실거래가":6300.0,
            "전세가율":81.82,
            "장기전세가율평균":70.39,
            "전세가율거품지수":-11.43,
            "검색코드":6674,
            "세대수":389.0,
            "준공년월":"1992-09-02",
            "준공년차":31.0,
            "가까운역이름":"NA",
            "가까운역거리":"NA",
            "역세권여부":"NA",
            "30분이내주요거점역":"NA",
            "30분거점역이름":"NA",
            "1시간이내주요거점역":"NA",
            "1시간거점역이름":"NA",
            "3km이내백화점수":0,
            "5km이내아울렛몰수":0,
            "1km이내대형먀트수":1,
            "500m이내은행수":0,
            "500m이내병원수":0,
            "5km이내대형병원수":1,
            "500m이내공원수":0,
            "3km이내혐오시설수":0,
            "초등학교학업성취도":90.02,
            "중학교학업성취도":80.4,
            "용적률":285,
            "건폐율":30,
            "Y":35.54802,
            "X":129.1128,
            "rank":56.0,
            "area_info":"23평(76.91)",
            "last_sales":"2022-01-29,7700.0,23평(76.91)",
            "rank_history":[
                [
                    "202203",
                    56
                ],
                [
                    "202202",
                    53
                ],
                [
                    "202201",
                    59
                ]
            ],
            "rank_gap":-3
        },
        {
            "index":270,
            "아파트명":"진하해도지",
            "투자타입":"일반",
            "전용면적(m2)":"108.5",
            "전용면적(평)":"32평",
            "법정동주소":"울산시 울주군 서생면 진하리 72-8",
            "도로명주소":"울산시 울주군 진하5길 32",
            "세대수":0,
            "입주년차":60,
            "용적률점수":"--",
            "건폐율점수":"--",
            "세대당주차수":0,
            "난방방식":30,
            "공급면적":"--",
            "전용률":"--",
            "욕실수":100,
            "현관타입":100,
            "주거총점":35.0,
            "지역구공급총점":0.0,
            "역세권":"NA",
            "30분내 이동가능 거점":"NA",
            "1시간내 이동가능 거점":"NA",
            "교통총점":"NA",
            "백화점":0,
            "아울렛몰":0,
            "대형마트":80,
            "은행":0,
            "병원":0,
            "종합병원":0,
            "공원":100,
            "혐오시설":0,
            "인프라총점":15.0,
            "초등학군":89.96,
            "중학군":60.38,
            "학군총점":66.296,
            "인구수":24.46,
            "인구증감":-0.4,
            "인구총점":17.002,
            "일자리":16.11,
            "소득수준":68.47,
            "일자리총점":31.818,
            "가치 총점":34.824,
            "매매실거래년":20220121.0,
            "매매실거래가":18000.0,
            "전세실거래년":20200724.0,
            "전세실거래가":9000.0,
            "전세가율":50.0,
            "장기전세가율평균":70.39,
            "전세가율거품지수":20.39,
            "검색코드":111092,
            "세대수":56.0,
            "준공년월":"2012-05-17",
            "준공년차":11.0,
            "가까운역이름":"NA",
            "가까운역거리":"NA",
            "역세권여부":"NA",
            "30분이내주요거점역":"NA",
            "30분거점역이름":"NA",
            "1시간이내주요거점역":"NA",
            "1시간거점역이름":"NA",
            "3km이내백화점수":0,
            "5km이내아울렛몰수":0,
            "1km이내대형먀트수":1,
            "500m이내은행수":0,
            "500m이내병원수":0,
            "5km이내대형병원수":0,
            "500m이내공원수":2,
            "3km이내혐오시설수":0,
            "초등학교학업성취도":89.96,
            "중학교학업성취도":97.9,
            "용적률":358,
            "건폐율":41,
            "Y":35.386883,
            "X":129.344602,
            "rank":57.0,
            "area_info":"32평(108.5), 32평(108.66), 32평(108.77)",
            "last_sales":"2022-01-21,18000.0,32평(108.5)",
            "rank_history":[
                [
                    "202203",
                    57
                ],
                [
                    "202202",
                    9999
                ]
            ],
            "rank_gap":9999
        },
        {
            "index":96,
            "아파트명":"신한천상다솜",
            "투자타입":"일반",
            "전용면적(m2)":"74.9",
            "전용면적(평)":"22평",
            "법정동주소":"울산시 울주군 범서읍 천상리 645",
            "도로명주소":"울산시 울주군 천상2길 16",
            "세대수":50,
            "입주년차":0,
            "용적률점수":"--",
            "건폐율점수":"--",
            "세대당주차수":0,
            "난방방식":30,
            "공급면적":"--",
            "전용률":"--",
            "욕실수":50,
            "현관타입":100,
            "주거총점":35.5,
            "지역구공급총점":0.0,
            "역세권":"NA",
            "30분내 이동가능 거점":"NA",
            "1시간내 이동가능 거점":"NA",
            "교통총점":"NA",
            "백화점":0,
            "아울렛몰":0,
            "대형마트":0,
            "은행":0,
            "병원":0,
            "종합병원":80,
            "공원":100,
            "혐오시설":0,
            "인프라총점":19.0,
            "초등학군":90.0,
            "중학군":49.74,
            "학군총점":57.792,
            "인구수":24.46,
            "인구증감":-0.4,
            "인구총점":17.002,
            "일자리":16.11,
            "소득수준":68.47,
            "일자리총점":31.818,
            "가치 총점":34.473,
            "매매실거래년":20220222.0,
            "매매실거래가":19800.0,
            "전세실거래년":20211026.0,
            "전세실거래가":13500.0,
            "전세가율":90.6,
            "장기전세가율평균":70.39,
            "전세가율거품지수":-20.21,
            "검색코드":6650,
            "세대수":462.0,
            "준공년월":"1997-09-05",
            "준공년차":26.0,
            "가까운역이름":"NA",
            "가까운역거리":"NA",
            "역세권여부":"NA",
            "30분이내주요거점역":"NA",
            "30분거점역이름":"NA",
            "1시간이내주요거점역":"NA",
            "1시간거점역이름":"NA",
            "3km이내백화점수":0,
            "5km이내아울렛몰수":0,
            "1km이내대형먀트수":0,
            "500m이내은행수":0,
            "500m이내병원수":0,
            "5km이내대형병원수":1,
            "500m이내공원수":5,
            "3km이내혐오시설수":0,
            "초등학교학업성취도":90.0,
            "중학교학업성취도":82.7,
            "용적률":328,
            "건폐율":27,
            "Y":35.562566,
            "X":129.228583,
            "rank":58.0,
            "area_info":"22평(74.9), 27평(92.47), 29평(98.04), 32평(106.41), 32평(106.23), 35평(118.99), 41평(138.2), 49평(163.59), 54평(180.51), 63평(209.81)",
            "last_sales":"2022-02-22,19800.0,32평(106.23)",
            "rank_history":[
                [
                    "202203",
                    58
                ],
                [
                    "202202",
                    54
                ],
                [
                    "202201",
                    51
                ]
            ],
            "rank_gap":-4
        },
        {
            "index":136,
            "아파트명":"천상동아",
            "투자타입":"일반",
            "전용면적(m2)":"77.84",
            "전용면적(평)":"23평",
            "법정동주소":"울산시 울주군 범서읍 천상리 299-1",
            "도로명주소":"울산시 울주군 대동길 34",
            "세대수":50,
            "입주년차":0,
            "용적률점수":"--",
            "건폐율점수":"--",
            "세대당주차수":0,
            "난방방식":30,
            "공급면적":"--",
            "전용률":"--",
            "욕실수":50,
            "현관타입":100,
            "주거총점":35.5,
            "지역구공급총점":0.0,
            "역세권":"NA",
            "30분내 이동가능 거점":"NA",
            "1시간내 이동가능 거점":"NA",
            "교통총점":"NA",
            "백화점":0,
            "아울렛몰":0,
            "대형마트":0,
            "은행":0,
            "병원":0,
            "종합병원":80,
            "공원":100,
            "혐오시설":0,
            "인프라총점":19.0,
            "초등학군":90.0,
            "중학군":49.74,
            "학군총점":57.792,
            "인구수":24.46,
            "인구증감":-0.4,
            "인구총점":17.002,
            "일자리":16.11,
            "소득수준":68.47,
            "일자리총점":31.818,
            "가치 총점":34.473,
            "매매실거래년":20211030.0,
            "매매실거래가":30300.0,
            "전세실거래년":20220122.0,
            "전세실거래가":14000.0,
            "전세가율":93.96,
            "장기전세가율평균":70.39,
            "전세가율거품지수":-23.57,
            "검색코드":6642,
            "세대수":435.0,
            "준공년월":"1998-04-17",
            "준공년차":25.0,
            "가까운역이름":"NA",
            "가까운역거리":"NA",
            "역세권여부":"NA",
            "30분이내주요거점역":"NA",
            "30분거점역이름":"NA",
            "1시간이내주요거점역":"NA",
            "1시간거점역이름":"NA",
            "3km이내백화점수":0,
            "5km이내아울렛몰수":0,
            "1km이내대형먀트수":0,
            "500m이내은행수":0,
            "500m이내병원수":0,
            "5km이내대형병원수":1,
            "500m이내공원수":5,
            "3km이내혐오시설수":0,
            "초등학교학업성취도":90.0,
            "중학교학업성취도":82.7,
            "용적률":291,
            "건폐율":24,
            "Y":35.561107,
            "X":129.229726,
            "rank":58.0,
            "area_info":"23평(77.84), 31평(103.65), 31평(103.85), 45평(149.93)",
            "last_sales":"2021-10-30,30300.0,45평(149.93)",
            "rank_history":[
                [
                    "202203",
                    58
                ],
                [
                    "202202",
                    54
                ],
                [
                    "202201",
                    51
                ]
            ],
            "rank_gap":-4
        },
        {
            "index":142,
            "아파트명":"천상청구그린타운1차",
            "투자타입":"일반",
            "전용면적(m2)":"71.72",
            "전용면적(평)":"21평",
            "법정동주소":"울산시 울주군 범서읍 천상리 578",
            "도로명주소":"울산시 울주군 평천길 94",
            "세대수":50,
            "입주년차":0,
            "용적률점수":"--",
            "건폐율점수":"--",
            "세대당주차수":0,
            "난방방식":30,
            "공급면적":"--",
            "전용률":"--",
            "욕실수":50,
            "현관타입":100,
            "주거총점":35.5,
            "지역구공급총점":0.0,
            "역세권":"NA",
            "30분내 이동가능 거점":"NA",
            "1시간내 이동가능 거점":"NA",
            "교통총점":"NA",
            "백화점":0,
            "아울렛몰":0,
            "대형마트":0,
            "은행":0,
            "병원":0,
            "종합병원":80,
            "공원":100,
            "혐오시설":0,
            "인프라총점":19.0,
            "초등학군":90.0,
            "중학군":49.74,
            "학군총점":57.792,
            "인구수":24.46,
            "인구증감":-0.4,
            "인구총점":17.002,
            "일자리":16.11,
            "소득수준":68.47,
            "일자리총점":31.818,
            "가치 총점":34.473,
            "매매실거래년":20220221.0,
            "매매실거래가":15000.0,
            "전세실거래년":20220215.0,
            "전세실거래가":12000.0,
            "전세가율":80.0,
            "장기전세가율평균":70.39,
            "전세가율거품지수":-9.61,
            "검색코드":6659,
            "세대수":574.0,
            "준공년월":"1998-08-21",
            "준공년차":25.0,
            "가까운역이름":"NA",
            "가까운역거리":"NA",
            "역세권여부":"NA",
            "30분이내주요거점역":"NA",
            "30분거점역이름":"NA",
            "1시간이내주요거점역":"NA",
            "1시간거점역이름":"NA",
            "3km이내백화점수":0,
            "5km이내아울렛몰수":0,
            "1km이내대형먀트수":0,
            "500m이내은행수":0,
            "500m이내병원수":0,
            "5km이내대형병원수":1,
            "500m이내공원수":3,
            "3km이내혐오시설수":0,
            "초등학교학업성취도":90.0,
            "중학교학업성취도":82.7,
            "용적률":346,
            "건폐율":23,
            "Y":35.564262,
            "X":129.22352,
            "rank":58.0,
            "area_info":"21평(71.72), 30평(101.71), 41평(138.36)",
            "last_sales":"2022-02-21,15000.0,21평(71.72)",
            "rank_history":[
                [
                    "202203",
                    58
                ],
                [
                    "202202",
                    54
                ],
                [
                    "202201",
                    54
                ]
            ],
            "rank_gap":-4
        },
        {
            "index":148,
            "아파트명":"천상필그린",
            "투자타입":"일반",
            "전용면적(m2)":"115.44",
            "전용면적(평)":"34평",
            "법정동주소":"울산시 울주군 범서읍 천상리 300-3",
            "도로명주소":"울산시 울주군 천상길 9",
            "세대수":0,
            "입주년차":40,
            "용적률점수":"--",
            "건폐율점수":"--",
            "세대당주차수":30,
            "난방방식":30,
            "공급면적":"--",
            "전용률":"--",
            "욕실수":100,
            "현관타입":100,
            "주거총점":35.5,
            "지역구공급총점":0.0,
            "역세권":"NA",
            "30분내 이동가능 거점":"NA",
            "1시간내 이동가능 거점":"NA",
            "교통총점":"NA",
            "백화점":0,
            "아울렛몰":0,
            "대형마트":0,
            "은행":0,
            "병원":0,
            "종합병원":80,
            "공원":100,
            "혐오시설":0,
            "인프라총점":19.0,
            "초등학군":90.0,
            "중학군":49.74,
            "학군총점":57.792,
            "인구수":24.46,
            "인구증감":-0.4,
            "인구총점":17.002,
            "일자리":16.11,
            "소득수준":68.47,
            "일자리총점":31.818,
            "가치 총점":34.473,
            "매매실거래년":20211120.0,
            "매매실거래가":28000.0,
            "전세실거래년":20200218.0,
            "전세실거래가":16000.0,
            "전세가율":57.14,
            "장기전세가율평균":70.39,
            "전세가율거품지수":13.25,
            "검색코드":27009,
            "세대수":70.0,
            "준공년월":"2008-06-27",
            "준공년차":15.0,
            "가까운역이름":"NA",
            "가까운역거리":"NA",
            "역세권여부":"NA",
            "30분이내주요거점역":"NA",
            "30분거점역이름":"NA",
            "1시간이내주요거점역":"NA",
            "1시간거점역이름":"NA",
            "3km이내백화점수":0,
            "5km이내아울렛몰수":0,
            "1km이내대형먀트수":0,
            "500m이내은행수":0,
            "500m이내병원수":0,
            "5km이내대형병원수":1,
            "500m이내공원수":5,
            "3km이내혐오시설수":0,
            "초등학교학업성취도":90.0,
            "중학교학업성취도":82.7,
            "용적률":192,
            "건폐율":20,
            "Y":35.56163,
            "X":129.230605,
            "rank":58.0,
            "area_info":"34평(115.44), 34평(115.44)",
            "last_sales":"2021-11-20,28000.0,34평(115.44)",
            "rank_history":[
                [
                    "202203",
                    58
                ],
                [
                    "202202",
                    9999
                ]
            ],
            "rank_gap":9999
        },
        {
            "index":214,
            "아파트명":"수산로얄팰리스",
            "투자타입":"일반",
            "전용면적(m2)":"101.54",
            "전용면적(평)":"30평",
            "법정동주소":"울산시 울주군 삼남읍 교동리 1348-3",
            "도로명주소":"울산시 울주군 작괘들길 17",
            "세대수":0,
            "입주년차":40,
            "용적률점수":"--",
            "건폐율점수":"--",
            "세대당주차수":30,
            "난방방식":30,
            "공급면적":"--",
            "전용률":"--",
            "욕실수":100,
            "현관타입":100,
            "주거총점":35.5,
            "지역구공급총점":0.0,
            "역세권":"NA",
            "30분내 이동가능 거점":"NA",
            "1시간내 이동가능 거점":"NA",
            "교통총점":"NA",
            "백화점":0,
            "아울렛몰":0,
            "대형마트":0,
            "은행":0,
            "병원":0,
            "종합병원":80,
            "공원":0,
            "혐오시설":0,
            "인프라총점":16.0,
            "초등학군":90.02,
            "중학군":52.9,
            "학군총점":60.324,
            "인구수":24.46,
            "인구증감":-0.4,
            "인구총점":17.002,
            "일자리":16.11,
            "소득수준":68.47,
            "일자리총점":31.818,
            "가치 총점":33.906,
            "매매실거래년":20220208.0,
            "매매실거래가":11000.0,
            "전세실거래년":20210918.0,
            "전세실거래가":10000.0,
            "전세가율":90.91,
            "장기전세가율평균":70.39,
            "전세가율거품지수":-20.52,
            "검색코드":100849,
            "세대수":132.0,
            "준공년월":"2004-12-03",
            "준공년차":19.0,
            "가까운역이름":"NA",
            "가까운역거리":"NA",
            "역세권여부":"NA",
            "30분이내주요거점역":"NA",
            "30분거점역이름":"NA",
            "1시간이내주요거점역":"NA",
            "1시간거점역이름":"NA",
            "3km이내백화점수":0,
            "5km이내아울렛몰수":0,
            "1km이내대형먀트수":0,
            "500m이내은행수":0,
            "500m이내병원수":0,
            "5km이내대형병원수":1,
            "500m이내공원수":0,
            "3km이내혐오시설수":0,
            "초등학교학업성취도":90.02,
            "중학교학업성취도":87.1,
            "용적률":223,
            "건폐율":18,
            "Y":35.541477,
            "X":129.106876,
            "rank":59.0,
            "area_info":"30평(101.54)",
            "last_sales":"2022-02-08,11000.0,30평(101.54)",
            "rank_history":[
                [
                    "202203",
                    59
                ],
                [
                    "202202",
                    55
                ],
                [
                    "202201",
                    62
                ]
            ],
            "rank_gap":-4
        },
        {
            "index":88,
            "아파트명":"서영골든맨션",
            "투자타입":"일반",
            "전용면적(m2)":"77.74",
            "전용면적(평)":"23평",
            "법정동주소":"울산시 울주군 범서읍 구영리 807-8",
            "도로명주소":"울산시 울주군 점촌5길 16",
            "세대수":0,
            "입주년차":0,
            "용적률점수":"--",
            "건폐율점수":"--",
            "세대당주차수":0,
            "난방방식":30,
            "공급면적":"--",
            "전용률":"--",
            "욕실수":50,
            "현관타입":10,
            "주거총점":9.0,
            "지역구공급총점":0.0,
            "역세권":"NA",
            "30분내 이동가능 거점":"NA",
            "1시간내 이동가능 거점":"NA",
            "교통총점":"NA",
            "백화점":0,
            "아울렛몰":0,
            "대형마트":80,
            "은행":70,
            "병원":0,
            "종합병원":80,
            "공원":100,
            "혐오시설":0,
            "인프라총점":38.0,
            "초등학군":90.0,
            "중학군":54.76,
            "학군총점":61.808,
            "인구수":24.46,
            "인구증감":-0.4,
            "인구총점":17.002,
            "일자리":16.11,
            "소득수준":68.47,
            "일자리총점":31.818,
            "가치 총점":33.802,
            "매매실거래년":20220206.0,
            "매매실거래가":17300.0,
            "전세실거래년":20211228.0,
            "전세실거래가":7000.0,
            "전세가율":66.67,
            "장기전세가율평균":70.39,
            "전세가율거품지수":3.72,
            "검색코드":14710,
            "세대수":140.0,
            "준공년월":"1995-04-14",
            "준공년차":28.0,
            "가까운역이름":"NA",
            "가까운역거리":"NA",
            "역세권여부":"NA",
            "30분이내주요거점역":"NA",
            "30분거점역이름":"NA",
            "1시간이내주요거점역":"NA",
            "1시간거점역이름":"NA",
            "3km이내백화점수":0,
            "5km이내아울렛몰수":0,
            "1km이내대형먀트수":1,
            "500m이내은행수":4,
            "500m이내병원수":0,
            "5km이내대형병원수":1,
            "500m이내공원수":3,
            "3km이내혐오시설수":0,
            "초등학교학업성취도":90.0,
            "중학교학업성취도":90.0,
            "용적률":367,
            "건폐율":38,
            "Y":35.57025,
            "X":129.241702,
            "rank":60.0,
            "area_info":"23평(77.74), 31평(103.64)",
            "last_sales":"2022-02-06,17300.0,31평(103.64)",
            "rank_history":[
                [
                    "202203",
                    60
                ],
                [
                    "202202",
                    56
                ],
                [
                    "202201",
                    53
                ]
            ],
            "rank_gap":-4
        },
        {
            "index":92,
            "아파트명":"신한디아채",
            "투자타입":"일반",
            "전용면적(m2)":"78.13",
            "전용면적(평)":"23평",
            "법정동주소":"울산시 울주군 범서읍 구영리 881-2",
            "도로명주소":"울산시 울주군 점촌5길 51-3",
            "세대수":0,
            "입주년차":0,
            "용적률점수":"--",
            "건폐율점수":"--",
            "세대당주차수":0,
            "난방방식":30,
            "공급면적":"--",
            "전용률":"--",
            "욕실수":50,
            "현관타입":100,
            "주거총점":18.0,
            "지역구공급총점":0.0,
            "역세권":"NA",
            "30분내 이동가능 거점":"NA",
            "1시간내 이동가능 거점":"NA",
            "교통총점":"NA",
            "백화점":0,
            "아울렛몰":0,
            "대형마트":80,
            "은행":0,
            "병원":0,
            "종합병원":80,
            "공원":80,
            "혐오시설":0,
            "인프라총점":30.4,
            "초등학군":90.0,
            "중학군":53.58,
            "학군총점":60.864,
            "인구수":24.46,
            "인구증감":-0.4,
            "인구총점":17.002,
            "일자리":16.11,
            "소득수준":68.47,
            "일자리총점":31.818,
            "가치 총점":33.676,
            "매매실거래년":20220126.0,
            "매매실거래가":20850.0,
            "전세실거래년":20210804.0,
            "전세실거래가":18000.0,
            "전세가율":86.33,
            "장기전세가율평균":70.39,
            "전세가율거품지수":-15.94,
            "검색코드":6616,
            "세대수":296.0,
            "준공년월":"1998-06-17",
            "준공년차":25.0,
            "가까운역이름":"NA",
            "가까운역거리":"NA",
            "역세권여부":"NA",
            "30분이내주요거점역":"NA",
            "30분거점역이름":"NA",
            "1시간이내주요거점역":"NA",
            "1시간거점역이름":"NA",
            "3km이내백화점수":0,
            "5km이내아울렛몰수":0,
            "1km이내대형먀트수":1,
            "500m이내은행수":1,
            "500m이내병원수":0,
            "5km이내대형병원수":1,
            "500m이내공원수":1,
            "3km이내혐오시설수":0,
            "초등학교학업성취도":90.0,
            "중학교학업성취도":88.5,
            "용적률":288,
            "건폐율":27,
            "Y":35.569865,
            "X":129.237891,
            "rank":61.0,
            "area_info":"23평(78.13), 23평(78.68), 32평(107.08), 37평(124.36)",
            "last_sales":"2022-01-26,20850.0,23평(78.13)",
            "rank_history":[
                [
                    "202203",
                    61
                ],
                [
                    "202202",
                    57
                ],
                [
                    "202201",
                    57
                ]
            ],
            "rank_gap":-4
        },
        {
            "index":186,
            "아파트명":"대진파크",
            "투자타입":"재건축",
            "전용면적(m2)":"71.04",
            "전용면적(평)":"21평",
            "법정동주소":"울산시 울주군 삼남읍 교동리 1499-136",
            "도로명주소":"울산시 울주군 상평강변길 19",
            "세대수":0,
            "입주년차":"--",
            "용적률점수":0,
            "건폐율점수":0,
            "세대당주차수":"--",
            "난방방식":"--",
            "공급면적":50,
            "전용률":100,
            "욕실수":"--",
            "현관타입":"--",
            "주거총점":7.5,
            "지역구공급총점":0.0,
            "역세권":"NA",
            "30분내 이동가능 거점":"NA",
            "1시간내 이동가능 거점":"NA",
            "교통총점":"NA",
            "백화점":0,
            "아울렛몰":0,
            "대형마트":100,
            "은행":70,
            "병원":0,
            "종합병원":80,
            "공원":100,
            "혐오시설":0,
            "인프라총점":41.0,
            "초등학군":90.01,
            "중학군":49.32,
            "학군총점":57.458,
            "인구수":24.46,
            "인구증감":-0.4,
            "인구총점":17.002,
            "일자리":16.11,
            "소득수준":68.47,
            "일자리총점":31.818,
            "가치 총점":33.3895,
            "매매실거래년":20210312.0,
            "매매실거래가":14500.0,
            "전세실거래년":20130925.0,
            "전세실거래가":5500.0,
            "전세가율":82.09,
            "장기전세가율평균":70.39,
            "전세가율거품지수":-11.7,
            "검색코드":109030,
            "세대수":65.0,
            "준공년월":"1989-04-17",
            "준공년차":34.0,
            "가까운역이름":"NA",
            "가까운역거리":"NA",
            "역세권여부":"NA",
            "30분이내주요거점역":"NA",
            "30분거점역이름":"NA",
            "1시간이내주요거점역":"NA",
            "1시간거점역이름":"NA",
            "3km이내백화점수":0,
            "5km이내아울렛몰수":0,
            "1km이내대형먀트수":2,
            "500m이내은행수":3,
            "500m이내병원수":0,
            "5km이내대형병원수":1,
            "500m이내공원수":3,
            "3km이내혐오시설수":0,
            "초등학교학업성취도":90.01,
            "중학교학업성취도":80.4,
            "용적률":0,
            "건폐율":0,
            "Y":35.56296,
            "X":129.120077,
            "rank":62.0,
            "area_info":"21평(71.04), 23평(76.68), 23평(76.29), 24평(80.19)",
            "last_sales":"2021-03-12,14500.0,24평(80.19)",
            "rank_history":[
                [
                    "202203",
                    62
                ],
                [
                    "202202",
                    9999
                ]
            ],
            "rank_gap":9999
        },
        {
            "index":349,
            "아파트명":"온산프라임타워(도시형)",
            "투자타입":"일반",
            "전용면적(m2)":"23.0",
            "전용면적(평)":"6평",
            "법정동주소":"울산시 울주군 온산읍 덕신리 1280-8",
            "도로명주소":"울산시 울주군 덕망로 26",
            "세대수":0,
            "입주년차":100,
            "용적률점수":"--",
            "건폐율점수":"--",
            "세대당주차수":0,
            "난방방식":30,
            "공급면적":"--",
            "전용률":"--",
            "욕실수":50,
            "현관타입":100,
            "주거총점":38.0,
            "지역구공급총점":0.0,
            "역세권":"NA",
            "30분내 이동가능 거점":"NA",
            "1시간내 이동가능 거점":"NA",
            "교통총점":"NA",
            "백화점":0,
            "아울렛몰":0,
            "대형마트":80,
            "은행":0,
            "병원":0,
            "종합병원":0,
            "공원":100,
            "혐오시설":0,
            "인프라총점":15.0,
            "초등학군":89.99,
            "중학군":46.84,
            "학군총점":55.47,
            "인구수":24.46,
            "인구증감":-0.4,
            "인구총점":17.002,
            "일자리":16.11,
            "소득수준":68.47,
            "일자리총점":31.818,
            "가치 총점":33.1675,
            "매매실거래년":20201201.0,
            "매매실거래가":12100.0,
            "전세실거래년":null,
            "전세실거래가":null,
            "전세가율":null,
            "장기전세가율평균":70.39,
            "전세가율거품지수":null,
            "검색코드":139068,
            "세대수":74.0,
            "준공년월":"2019-12-19",
            "준공년차":4.0,
            "가까운역이름":"NA",
            "가까운역거리":"NA",
            "역세권여부":"NA",
            "30분이내주요거점역":"NA",
            "30분거점역이름":"NA",
            "1시간이내주요거점역":"NA",
            "1시간거점역이름":"NA",
            "3km이내백화점수":0,
            "5km이내아울렛몰수":0,
            "1km이내대형먀트수":1,
            "500m이내은행수":0,
            "500m이내병원수":0,
            "5km이내대형병원수":0,
            "500m이내공원수":4,
            "3km이내혐오시설수":0,
            "초등학교학업성취도":89.99,
            "중학교학업성취도":76.8,
            "용적률":441,
            "건폐율":68,
            "Y":35.435795,
            "X":129.308933,
            "rank":63.0,
            "area_info":"6평(23.0), 6평(23.09), 7평(23.68), 7평(24.71), 7평(26.23), 10평(34.53), 14평(46.81), 15평(52.35)",
            "last_sales":"2020-12-01,12100.0,10평(34.53)",
            "rank_history":[
                [
                    "202203",
                    63
                ],
                [
                    "202202",
                    9999
                ]
            ],
            "rank_gap":9999
        },
        {
            "index":215,
            "아파트명":"언양올림푸스",
            "투자타입":"재건축",
            "전용면적(m2)":"93.11",
            "전용면적(평)":"28평",
            "법정동주소":"울산시 울주군 삼남읍 교동리 1499-150",
            "도로명주소":"울산시 울주군 상평강변길 9",
            "세대수":0,
            "입주년차":"--",
            "용적률점수":0,
            "건폐율점수":0,
            "세대당주차수":"--",
            "난방방식":"--",
            "공급면적":70,
            "전용률":60,
            "욕실수":"--",
            "현관타입":"--",
            "주거총점":6.5,
            "지역구공급총점":0.0,
            "역세권":"NA",
            "30분내 이동가능 거점":"NA",
            "1시간내 이동가능 거점":"NA",
            "교통총점":"NA",
            "백화점":0,
            "아울렛몰":0,
            "대형마트":100,
            "은행":70,
            "병원":0,
            "종합병원":80,
            "공원":100,
            "혐오시설":0,
            "인프라총점":41.0,
            "초등학군":90.01,
            "중학군":49.32,
            "학군총점":57.458,
            "인구수":24.46,
            "인구증감":-0.4,
            "인구총점":17.002,
            "일자리":16.11,
            "소득수준":68.47,
            "일자리총점":31.818,
            "가치 총점":33.0395,
            "매매실거래년":20220211.0,
            "매매실거래가":12500.0,
            "전세실거래년":20140530.0,
            "전세실거래가":8500.0,
            "전세가율":89.47,
            "장기전세가율평균":70.39,
            "전세가율거품지수":-19.08,
            "검색코드":109031,
            "세대수":54.0,
            "준공년월":"1990-09-20",
            "준공년차":33.0,
            "가까운역이름":"NA",
            "가까운역거리":"NA",
            "역세권여부":"NA",
            "30분이내주요거점역":"NA",
            "30분거점역이름":"NA",
            "1시간이내주요거점역":"NA",
            "1시간거점역이름":"NA",
            "3km이내백화점수":0,
            "5km이내아울렛몰수":0,
            "1km이내대형먀트수":2,
            "500m이내은행수":3,
            "500m이내병원수":0,
            "5km이내대형병원수":1,
            "500m이내공원수":3,
            "3km이내혐오시설수":0,
            "초등학교학업성취도":90.01,
            "중학교학업성취도":80.4,
            "용적률":0,
            "건폐율":0,
            "Y":35.562902,
            "X":129.120495,
            "rank":64.0,
            "area_info":"28평(93.11), 30평(99.85)",
            "last_sales":"2022-02-11,12500.0,30평(99.85)",
            "rank_history":[
                [
                    "202203",
                    64
                ],
                [
                    "202202",
                    9999
                ]
            ],
            "rank_gap":9999
        },
        {
            "index":401,
            "아파트명":"울산온양대우",
            "투자타입":"일반",
            "전용면적(m2)":"79.19",
            "전용면적(평)":"23평",
            "법정동주소":"울산시 울주군 온양읍 대안리 196",
            "도로명주소":"울산시 울주군 솔밭1길 12",
            "세대수":50,
            "입주년차":0,
            "용적률점수":"--",
            "건폐율점수":"--",
            "세대당주차수":0,
            "난방방식":30,
            "공급면적":"--",
            "전용률":"--",
            "욕실수":50,
            "현관타입":100,
            "주거총점":35.5,
            "지역구공급총점":0.0,
            "역세권":"NA",
            "30분내 이동가능 거점":"NA",
            "1시간내 이동가능 거점":"NA",
            "교통총점":"NA",
            "백화점":0,
            "아울렛몰":0,
            "대형마트":80,
            "은행":0,
            "병원":0,
            "종합병원":0,
            "공원":100,
            "혐오시설":0,
            "인프라총점":15.0,
            "초등학군":89.99,
            "중학군":49.0,
            "학군총점":57.198,
            "인구수":24.46,
            "인구증감":-0.4,
            "인구총점":17.002,
            "일자리":16.11,
            "소득수준":68.47,
            "일자리총점":31.818,
            "가치 총점":32.7245,
            "매매실거래년":20220209.0,
            "매매실거래가":21000.0,
            "전세실거래년":20211206.0,
            "전세실거래가":12000.0,
            "전세가율":90.57,
            "장기전세가율평균":70.39,
            "전세가율거품지수":-20.18,
            "검색코드":16279,
            "세대수":690.0,
            "준공년월":"1998-09-30",
            "준공년차":25.0,
            "가까운역이름":"NA",
            "가까운역거리":"NA",
            "역세권여부":"NA",
            "30분이내주요거점역":"NA",
            "30분거점역이름":"NA",
            "1시간이내주요거점역":"NA",
            "1시간거점역이름":"NA",
            "3km이내백화점수":0,
            "5km이내아울렛몰수":0,
            "1km이내대형먀트수":1,
            "500m이내은행수":0,
            "500m이내병원수":0,
            "5km이내대형병원수":0,
            "500m이내공원수":5,
            "3km이내혐오시설수":0,
            "초등학교학업성취도":89.99,
            "중학교학업성취도":80.8,
            "용적률":223,
            "건폐율":21,
            "Y":35.407649,
            "X":129.285905,
            "rank":65.0,
            "area_info":"23평(79.19), 27평(92.02), 32평(106.67)",
            "last_sales":"2022-02-09,21000.0,32평(106.67)",
            "rank_history":[
                [
                    "202203",
                    65
                ],
                [
                    "202202",
                    58
                ],
                [
                    "202201",
                    74
                ]
            ],
            "rank_gap":-7
        },
        {
            "index":426,
            "아파트명":"회야리버",
            "투자타입":"일반",
            "전용면적(m2)":"53.7",
            "전용면적(평)":"16평",
            "법정동주소":"울산시 울주군 온양읍 망양리 2지구5블럭1롯트",
            "도로명주소":"울산시 울주군 원동2길 19-1",
            "세대수":90,
            "입주년차":20,
            "용적률점수":"--",
            "건폐율점수":"--",
            "세대당주차수":0,
            "난방방식":30,
            "공급면적":"--",
            "전용률":"--",
            "욕실수":50,
            "현관타입":100,
            "주거총점":53.5,
            "지역구공급총점":0.0,
            "역세권":"NA",
            "30분내 이동가능 거점":"NA",
            "1시간내 이동가능 거점":"NA",
            "교통총점":"NA",
            "백화점":0,
            "아울렛몰":0,
            "대형마트":0,
            "은행":0,
            "병원":0,
            "종합병원":0,
            "공원":0,
            "혐오시설":0,
            "인프라총점":0.0,
            "초등학군":89.99,
            "중학군":46.84,
            "학군총점":55.47,
            "인구수":24.46,
            "인구증감":-0.4,
            "인구총점":17.002,
            "일자리":16.11,
            "소득수준":68.47,
            "일자리총점":31.818,
            "가치 총점":32.5925,
            "매매실거래년":20220127.0,
            "매매실거래가":6500.0,
            "전세실거래년":20210924.0,
            "전세실거래가":5000.0,
            "전세가율":72.99,
            "장기전세가율평균":70.39,
            "전세가율거품지수":-2.6,
            "검색코드":14078,
            "세대수":918.0,
            "준공년월":"2000-01-31",
            "준공년차":23.0,
            "가까운역이름":"NA",
            "가까운역거리":"NA",
            "역세권여부":"NA",
            "30분이내주요거점역":"NA",
            "30분거점역이름":"NA",
            "1시간이내주요거점역":"NA",
            "1시간거점역이름":"NA",
            "3km이내백화점수":0,
            "5km이내아울렛몰수":0,
            "1km이내대형먀트수":0,
            "500m이내은행수":0,
            "500m이내병원수":0,
            "5km이내대형병원수":0,
            "500m이내공원수":0,
            "3km이내혐오시설수":0,
            "초등학교학업성취도":89.99,
            "중학교학업성취도":76.8,
            "용적률":0,
            "건폐율":0,
            "Y":35.458205,
            "X":129.292602,
            "rank":66.0,
            "area_info":"16평(53.7), 18평(60.94)",
            "last_sales":"2022-01-27,6500.0,18평(60.94)",
            "rank_history":[
                [
                    "202203",
                    66
                ],
                [
                    "202202",
                    60
                ],
                [
                    "202201",
                    64
                ]
            ],
            "rank_gap":-6
        },
        {
            "index":41,
            "아파트명":"동양아트맨션",
            "투자타입":"재건축",
            "전용면적(m2)":"61.96",
            "전용면적(평)":"18평",
            "법정동주소":"울산시 울주군 범서읍 구영리 1008",
            "도로명주소":"울산시 울주군 점촌6길 28",
            "세대수":0,
            "입주년차":"--",
            "용적률점수":0,
            "건폐율점수":0,
            "세대당주차수":"--",
            "난방방식":"--",
            "공급면적":50,
            "전용률":60,
            "욕실수":"--",
            "현관타입":"--",
            "주거총점":5.5,
            "지역구공급총점":0.0,
            "역세권":"NA",
            "30분내 이동가능 거점":"NA",
            "1시간내 이동가능 거점":"NA",
            "교통총점":"NA",
            "백화점":0,
            "아울렛몰":0,
            "대형마트":80,
            "은행":70,
            "병원":0,
            "종합병원":80,
            "공원":100,
            "혐오시설":0,
            "인프라총점":38.0,
            "초등학군":90.0,
            "중학군":54.76,
            "학군총점":61.808,
            "인구수":24.46,
            "인구증감":-0.4,
            "인구총점":17.002,
            "일자리":16.11,
            "소득수준":68.47,
            "일자리총점":31.818,
            "가치 총점":32.577,
            "매매실거래년":20200607.0,
            "매매실거래가":22400.0,
            "전세실거래년":20210315.0,
            "전세실거래가":10000.0,
            "전세가율":104.17,
            "장기전세가율평균":70.39,
            "전세가율거품지수":-33.78,
            "검색코드":14707,
            "세대수":108.0,
            "준공년월":"1992-06-08",
            "준공년차":31.0,
            "가까운역이름":"NA",
            "가까운역거리":"NA",
            "역세권여부":"NA",
            "30분이내주요거점역":"NA",
            "30분거점역이름":"NA",
            "1시간이내주요거점역":"NA",
            "1시간거점역이름":"NA",
            "3km이내백화점수":0,
            "5km이내아울렛몰수":0,
            "1km이내대형먀트수":1,
            "500m이내은행수":3,
            "500m이내병원수":0,
            "5km이내대형병원수":1,
            "500m이내공원수":2,
            "3km이내혐오시설수":0,
            "초등학교학업성취도":90.0,
            "중학교학업성취도":90.0,
            "용적률":0,
            "건폐율":0,
            "Y":35.56924,
            "X":129.24065,
            "rank":67.0,
            "area_info":"18평(61.96), 22평(76.0), 29평(99.15), 41평(137.94), 54평(180.4)",
            "last_sales":"2020-06-07,22400.0,54평(180.4)",
            "rank_history":[
                [
                    "202203",
                    67
                ],
                [
                    "202202",
                    59
                ],
                [
                    "202201",
                    56
                ]
            ],
            "rank_gap":-8
        },
        {
            "index":331,
            "아파트명":"강산리더스타운",
            "투자타입":"일반",
            "전용면적(m2)":"106.22",
            "전용면적(평)":"32평",
            "법정동주소":"울산시 울주군 온산읍 덕신리 1347-11",
            "도로명주소":"울산시 울주군 서영남2길 12",
            "세대수":0,
            "입주년차":40,
            "용적률점수":"--",
            "건폐율점수":"--",
            "세대당주차수":30,
            "난방방식":30,
            "공급면적":"--",
            "전용률":"--",
            "욕실수":100,
            "현관타입":100,
            "주거총점":35.5,
            "지역구공급총점":0.0,
            "역세권":"NA",
            "30분내 이동가능 거점":"NA",
            "1시간내 이동가능 거점":"NA",
            "교통총점":"NA",
            "백화점":0,
            "아울렛몰":0,
            "대형마트":80,
            "은행":0,
            "병원":0,
            "종합병원":0,
            "공원":100,
            "혐오시설":0,
            "인프라총점":15.0,
            "초등학군":89.99,
            "중학군":46.84,
            "학군총점":55.47,
            "인구수":24.46,
            "인구증감":-0.4,
            "인구총점":17.002,
            "일자리":16.11,
            "소득수준":68.47,
            "일자리총점":31.818,
            "가치 총점":32.2925,
            "매매실거래년":20191027.0,
            "매매실거래가":19500.0,
            "전세실거래년":null,
            "전세실거래가":null,
            "전세가율":null,
            "장기전세가율평균":70.39,
            "전세가율거품지수":null,
            "검색코드":106742,
            "세대수":72.0,
            "준공년월":"2007-08-08",
            "준공년차":16.0,
            "가까운역이름":"NA",
            "가까운역거리":"NA",
            "역세권여부":"NA",
            "30분이내주요거점역":"NA",
            "30분거점역이름":"NA",
            "1시간이내주요거점역":"NA",
            "1시간거점역이름":"NA",
            "3km이내백화점수":0,
            "5km이내아울렛몰수":0,
            "1km이내대형먀트수":1,
            "500m이내은행수":0,
            "500m이내병원수":0,
            "5km이내대형병원수":0,
            "500m이내공원수":2,
            "3km이내혐오시설수":0,
            "초등학교학업성취도":89.99,
            "중학교학업성취도":76.8,
            "용적률":0,
            "건폐율":0,
            "Y":35.437943,
            "X":129.306012,
            "rank":68.0,
            "area_info":"32평(106.22), 32평(106.96), 32평(106.43), 44평(146.57), 52평(175.12)",
            "last_sales":"2019-10-27,19500.0,32평(106.96)",
            "rank_history":[
                [
                    "202203",
                    68
                ],
                [
                    "202202",
                    9999
                ]
            ],
            "rank_gap":9999
        },
        {
            "index":33,
            "아파트명":"극동",
            "투자타입":"일반",
            "전용면적(m2)":"75.24",
            "전용면적(평)":"22평",
            "법정동주소":"울산시 울주군 범서읍 천상리 259-5",
            "도로명주소":"울산시 울주군 대동길 50",
            "세대수":30,
            "입주년차":0,
            "용적률점수":"--",
            "건폐율점수":"--",
            "세대당주차수":0,
            "난방방식":30,
            "공급면적":"--",
            "전용률":"--",
            "욕실수":50,
            "현관타입":100,
            "주거총점":28.5,
            "지역구공급총점":0.0,
            "역세권":"NA",
            "30분내 이동가능 거점":"NA",
            "1시간내 이동가능 거점":"NA",
            "교통총점":"NA",
            "백화점":0,
            "아울렛몰":0,
            "대형마트":0,
            "은행":0,
            "병원":0,
            "종합병원":80,
            "공원":100,
            "혐오시설":0,
            "인프라총점":19.0,
            "초등학군":90.0,
            "중학군":49.74,
            "학군총점":57.792,
            "인구수":24.46,
            "인구증감":-0.4,
            "인구총점":17.002,
            "일자리":16.11,
            "소득수준":68.47,
            "일자리총점":31.818,
            "가치 총점":32.023,
            "매매실거래년":20220118.0,
            "매매실거래가":20700.0,
            "전세실거래년":20220208.0,
            "전세실거래가":14000.0,
            "전세가율":100.0,
            "장기전세가율평균":70.39,
            "전세가율거품지수":-29.61,
            "검색코드":6639,
            "세대수":394.0,
            "준공년월":"1998-12-31",
            "준공년차":25.0,
            "가까운역이름":"NA",
            "가까운역거리":"NA",
            "역세권여부":"NA",
            "30분이내주요거점역":"NA",
            "30분거점역이름":"NA",
            "1시간이내주요거점역":"NA",
            "1시간거점역이름":"NA",
            "3km이내백화점수":0,
            "5km이내아울렛몰수":0,
            "1km이내대형먀트수":0,
            "500m이내은행수":0,
            "500m이내병원수":0,
            "5km이내대형병원수":1,
            "500m이내공원수":5,
            "3km이내혐오시설수":0,
            "초등학교학업성취도":90.0,
            "중학교학업성취도":82.7,
            "용적률":233,
            "건폐율":20,
            "Y":35.560058,
            "X":129.229236,
            "rank":69.0,
            "area_info":"22평(75.24), 22평(75.32), 32평(106.61)",
            "last_sales":"2022-01-18,20700.0,32평(106.61)",
            "rank_history":[
                [
                    "202203",
                    69
                ],
                [
                    "202202",
                    61
                ],
                [
                    "202201",
                    58
                ]
            ],
            "rank_gap":-8
        },
        {
            "index":318,
            "아파트명":"장원그랜져맨션",
            "투자타입":"일반",
            "전용면적(m2)":"67.06",
            "전용면적(평)":"20평",
            "법정동주소":"울산시 울주군 언양읍 어음리 253",
            "도로명주소":"울산시 울주군 언양로 65",
            "세대수":0,
            "입주년차":0,
            "용적률점수":"--",
            "건폐율점수":"--",
            "세대당주차수":0,
            "난방방식":30,
            "공급면적":"--",
            "전용률":"--",
            "욕실수":50,
            "현관타입":100,
            "주거총점":18.0,
            "지역구공급총점":0.0,
            "역세권":"NA",
            "30분내 이동가능 거점":"NA",
            "1시간내 이동가능 거점":"NA",
            "교통총점":"NA",
            "백화점":0,
            "아울렛몰":0,
            "대형마트":80,
            "은행":0,
            "병원":0,
            "종합병원":80,
            "공원":100,
            "혐오시설":0,
            "인프라총점":31.0,
            "초등학군":89.86,
            "중학군":43.72,
            "학군총점":52.948,
            "인구수":24.46,
            "인구증감":-0.4,
            "인구총점":17.002,
            "일자리":16.11,
            "소득수준":68.47,
            "일자리총점":31.818,
            "가치 총점":31.937,
            "매매실거래년":20220129.0,
            "매매실거래가":13000.0,
            "전세실거래년":20161022.0,
            "전세실거래가":9000.0,
            "전세가율":90.0,
            "장기전세가율평균":70.39,
            "전세가율거품지수":-19.61,
            "검색코드":100852,
            "세대수":114.0,
            "준공년월":"1997-08-23",
            "준공년차":26.0,
            "가까운역이름":"NA",
            "가까운역거리":"NA",
            "역세권여부":"NA",
            "30분이내주요거점역":"NA",
            "30분거점역이름":"NA",
            "1시간이내주요거점역":"NA",
            "1시간거점역이름":"NA",
            "3km이내백화점수":0,
            "5km이내아울렛몰수":0,
            "1km이내대형먀트수":1,
            "500m이내은행수":0,
            "500m이내병원수":0,
            "5km이내대형병원수":1,
            "500m이내공원수":2,
            "3km이내혐오시설수":0,
            "초등학교학업성취도":89.86,
            "중학교학업성취도":72.0,
            "용적률":399,
            "건폐율":28,
            "Y":35.560705,
            "X":129.134025,
            "rank":70.0,
            "area_info":"20평(67.06), 21평(70.51), 28평(93.26), 29평(97.25)",
            "last_sales":"2022-01-29,13000.0,29평(97.25)",
            "rank_history":[
                [
                    "202203",
                    70
                ],
                [
                    "202202",
                    62
                ],
                [
                    "202201",
                    65
                ]
            ],
            "rank_gap":-8
        },
        {
            "index":309,
            "아파트명":"언양창조",
            "투자타입":"재건축",
            "전용면적(m2)":"69.26",
            "전용면적(평)":"20평",
            "법정동주소":"울산시 울주군 언양읍 동부리 252-1",
            "도로명주소":"울산시 울주군 동부4길 1",
            "세대수":0,
            "입주년차":"--",
            "용적률점수":0,
            "건폐율점수":0,
            "세대당주차수":"--",
            "난방방식":"--",
            "공급면적":50,
            "전용률":80,
            "욕실수":"--",
            "현관타입":"--",
            "주거총점":6.5,
            "지역구공급총점":0.0,
            "역세권":"NA",
            "30분내 이동가능 거점":"NA",
            "1시간내 이동가능 거점":"NA",
            "교통총점":"NA",
            "백화점":0,
            "아울렛몰":0,
            "대형마트":100,
            "은행":70,
            "병원":0,
            "종합병원":80,
            "공원":100,
            "혐오시설":0,
            "인프라총점":41.0,
            "초등학군":90.0,
            "중학군":43.72,
            "학군총점":52.976,
            "인구수":24.46,
            "인구증감":-0.4,
            "인구총점":17.002,
            "일자리":16.11,
            "소득수준":68.47,
            "일자리총점":31.818,
            "가치 총점":31.919,
            "매매실거래년":20210910.0,
            "매매실거래가":12000.0,
            "전세실거래년":20200123.0,
            "전세실거래가":6500.0,
            "전세가율":75.58,
            "장기전세가율평균":70.39,
            "전세가율거품지수":-5.19,
            "검색코드":122276,
            "세대수":52.0,
            "준공년월":"1992-10-02",
            "준공년차":31.0,
            "가까운역이름":"NA",
            "가까운역거리":"NA",
            "역세권여부":"NA",
            "30분이내주요거점역":"NA",
            "30분거점역이름":"NA",
            "1시간이내주요거점역":"NA",
            "1시간거점역이름":"NA",
            "3km이내백화점수":0,
            "5km이내아울렛몰수":0,
            "1km이내대형먀트수":2,
            "500m이내은행수":4,
            "500m이내병원수":0,
            "5km이내대형병원수":1,
            "500m이내공원수":3,
            "3km이내혐오시설수":0,
            "초등학교학업성취도":90.0,
            "중학교학업성취도":72.0,
            "용적률":305,
            "건폐율":40,
            "Y":35.567305,
            "X":129.125993,
            "rank":71.0,
            "area_info":"20평(69.26), 21평(70.98), 21평(71.4), 30평(100.99), 46평(152.76), 59평(197.68), 60평(198.74)",
            "last_sales":"2021-09-10,12000.0,30평(100.99)",
            "rank_history":[
                [
                    "202203",
                    71
                ],
                [
                    "202202",
                    9999
                ]
            ],
            "rank_gap":9999
        },
        {
            "index":295,
            "아파트명":"세명다이아몬드",
            "투자타입":"일반",
            "전용면적(m2)":"75.22",
            "전용면적(평)":"22평",
            "법정동주소":"울산시 울주군 언양읍 서부리 187",
            "도로명주소":"울산시 울주군 서문7길 18",
            "세대수":0,
            "입주년차":0,
            "용적률점수":"--",
            "건폐율점수":"--",
            "세대당주차수":0,
            "난방방식":30,
            "공급면적":"--",
            "전용률":"--",
            "욕실수":50,
            "현관타입":10,
            "주거총점":9.0,
            "지역구공급총점":0.0,
            "역세권":"NA",
            "30분내 이동가능 거점":"NA",
            "1시간내 이동가능 거점":"NA",
            "교통총점":"NA",
            "백화점":0,
            "아울렛몰":0,
            "대형마트":100,
            "은행":20,
            "병원":0,
            "종합병원":80,
            "공원":100,
            "혐오시설":0,
            "인프라총점":36.0,
            "초등학군":90.01,
            "중학군":49.32,
            "학군총점":57.458,
            "인구수":24.46,
            "인구증감":-0.4,
            "인구총점":17.002,
            "일자리":16.11,
            "소득수준":68.47,
            "일자리총점":31.818,
            "가치 총점":31.9145,
            "매매실거래년":20220128.0,
            "매매실거래가":10000.0,
            "전세실거래년":20160319.0,
            "전세실거래가":6000.0,
            "전세가율":64.52,
            "장기전세가율평균":70.39,
            "전세가율거품지수":5.87,
            "검색코드":6692,
            "세대수":111.0,
            "준공년월":"1993-05-19",
            "준공년차":30.0,
            "가까운역이름":"NA",
            "가까운역거리":"NA",
            "역세권여부":"NA",
            "30분이내주요거점역":"NA",
            "30분거점역이름":"NA",
            "1시간이내주요거점역":"NA",
            "1시간거점역이름":"NA",
            "3km이내백화점수":0,
            "5km이내아울렛몰수":0,
            "1km이내대형먀트수":2,
            "500m이내은행수":2,
            "500m이내병원수":0,
            "5km이내대형병원수":1,
            "500m이내공원수":4,
            "3km이내혐오시설수":0,
            "초등학교학업성취도":90.01,
            "중학교학업성취도":80.4,
            "용적률":318,
            "건폐율":31,
            "Y":35.56715,
            "X":129.11997,
            "rank":72.0,
            "area_info":"22평(75.22), 27평(92.22)",
            "last_sales":"2022-01-28,10000.0,27평(92.22)",
            "rank_history":[
                [
                    "202203",
                    72
                ],
                [
                    "202202",
                    63
                ],
                [
                    "202201",
                    60
                ]
            ],
            "rank_gap":-9
        },
        {
            "index":181,
            "아파트명":"대진그린피아",
            "투자타입":"일반",
            "전용면적(m2)":"79.29",
            "전용면적(평)":"23평",
            "법정동주소":"울산시 울주군 삼남읍 교동리 840-2",
            "도로명주소":"울산시 울주군 반구대로 591-16",
            "세대수":0,
            "입주년차":0,
            "용적률점수":"--",
            "건폐율점수":"--",
            "세대당주차수":0,
            "난방방식":30,
            "공급면적":"--",
            "전용률":"--",
            "욕실수":50,
            "현관타입":100,
            "주거총점":18.0,
            "지역구공급총점":0.0,
            "역세권":"NA",
            "30분내 이동가능 거점":"NA",
            "1시간내 이동가능 거점":"NA",
            "교통총점":"NA",
            "백화점":0,
            "아울렛몰":0,
            "대형마트":80,
            "은행":0,
            "병원":0,
            "종합병원":80,
            "공원":0,
            "혐오시설":0,
            "인프라총점":28.0,
            "초등학군":90.02,
            "중학군":49.32,
            "학군총점":57.46,
            "인구수":24.46,
            "인구증감":-0.4,
            "인구총점":17.002,
            "일자리":16.11,
            "소득수준":68.47,
            "일자리총점":31.818,
            "가치 총점":31.865,
            "매매실거래년":20220205.0,
            "매매실거래가":7900.0,
            "전세실거래년":20210501.0,
            "전세실거래가":6000.0,
            "전세가율":75.95,
            "장기전세가율평균":70.39,
            "전세가율거품지수":-5.56,
            "검색코드":6670,
            "세대수":299.0,
            "준공년월":"1993-01-01",
            "준공년차":30.0,
            "가까운역이름":"NA",
            "가까운역거리":"NA",
            "역세권여부":"NA",
            "30분이내주요거점역":"NA",
            "30분거점역이름":"NA",
            "1시간이내주요거점역":"NA",
            "1시간거점역이름":"NA",
            "3km이내백화점수":0,
            "5km이내아울렛몰수":0,
            "1km이내대형먀트수":1,
            "500m이내은행수":0,
            "500m이내병원수":0,
            "5km이내대형병원수":1,
            "500m이내공원수":0,
            "3km이내혐오시설수":0,
            "초등학교학업성취도":90.02,
            "중학교학업성취도":80.4,
            "용적률":117,
            "건폐율":19,
            "Y":35.547549,
            "X":129.112109,
            "rank":73.0,
            "area_info":"23평(79.29), 27평(92.29), 31평(104.2), 31평(105.6), 31평(105.31)",
            "last_sales":"2022-02-05,7900.0,23평(79.29)",
            "rank_history":[
                [
                    "202203",
                    73
                ],
                [
                    "202202",
                    64
                ],
                [
                    "202201",
                    70
                ]
            ],
            "rank_gap":-9
        },
        {
            "index":155,
            "아파트명":"청구제네스",
            "투자타입":"일반",
            "전용면적(m2)":"79.56",
            "전용면적(평)":"24평",
            "법정동주소":"울산시 울주군 범서읍 천상리 651",
            "도로명주소":"울산시 울주군 천상5길 22-6",
            "세대수":0,
            "입주년차":20,
            "용적률점수":"--",
            "건폐율점수":"--",
            "세대당주차수":0,
            "난방방식":30,
            "공급면적":"--",
            "전용률":"--",
            "욕실수":100,
            "현관타입":100,
            "주거총점":27.0,
            "지역구공급총점":0.0,
            "역세권":"NA",
            "30분내 이동가능 거점":"NA",
            "1시간내 이동가능 거점":"NA",
            "교통총점":"NA",
            "백화점":0,
            "아울렛몰":0,
            "대형마트":0,
            "은행":0,
            "병원":0,
            "종합병원":80,
            "공원":100,
            "혐오시설":0,
            "인프라총점":19.0,
            "초등학군":90.0,
            "중학군":49.74,
            "학군총점":57.792,
            "인구수":24.46,
            "인구증감":-0.4,
            "인구총점":17.002,
            "일자리":16.11,
            "소득수준":68.47,
            "일자리총점":31.818,
            "가치 총점":31.498,
            "매매실거래년":20220113.0,
            "매매실거래가":16300.0,
            "전세실거래년":20211206.0,
            "전세실거래가":13000.0,
            "전세가율":79.75,
            "장기전세가율평균":70.39,
            "전세가율거품지수":-9.36,
            "검색코드":14718,
            "세대수":299.0,
            "준공년월":"2002-05-09",
            "준공년차":21.0,
            "가까운역이름":"NA",
            "가까운역거리":"NA",
            "역세권여부":"NA",
            "30분이내주요거점역":"NA",
            "30분거점역이름":"NA",
            "1시간이내주요거점역":"NA",
            "1시간거점역이름":"NA",
            "3km이내백화점수":0,
            "5km이내아울렛몰수":0,
            "1km이내대형먀트수":0,
            "500m이내은행수":0,
            "500m이내병원수":0,
            "5km이내대형병원수":1,
            "500m이내공원수":3,
            "3km이내혐오시설수":0,
            "초등학교학업성취도":90.0,
            "중학교학업성취도":82.7,
            "용적률":0,
            "건폐율":0,
            "Y":35.561507,
            "X":129.224073,
            "rank":74.0,
            "area_info":"24평(79.56), 28평(93.99), 32평(107.31)",
            "last_sales":"2022-01-13,16300.0,24평(79.56)",
            "rank_history":[
                [
                    "202203",
                    74
                ],
                [
                    "202202",
                    65
                ],
                [
                    "202201",
                    63
                ]
            ],
            "rank_gap":-9
        },
        {
            "index":111,
            "아파트명":"아름아이필",
            "투자타입":"일반",
            "전용면적(m2)":"67.24",
            "전용면적(평)":"20평",
            "법정동주소":"울산시 울주군 범서읍 천상리 608-6",
            "도로명주소":"울산시 울주군 천상4길 3",
            "세대수":0,
            "입주년차":20,
            "용적률점수":"--",
            "건폐율점수":"--",
            "세대당주차수":0,
            "난방방식":30,
            "공급면적":"--",
            "전용률":"--",
            "욕실수":100,
            "현관타입":100,
            "주거총점":27.0,
            "지역구공급총점":0.0,
            "역세권":"NA",
            "30분내 이동가능 거점":"NA",
            "1시간내 이동가능 거점":"NA",
            "교통총점":"NA",
            "백화점":0,
            "아울렛몰":0,
            "대형마트":0,
            "은행":0,
            "병원":0,
            "종합병원":80,
            "공원":100,
            "혐오시설":0,
            "인프라총점":19.0,
            "초등학군":90.0,
            "중학군":49.74,
            "학군총점":57.792,
            "인구수":24.46,
            "인구증감":-0.4,
            "인구총점":17.002,
            "일자리":16.11,
            "소득수준":68.47,
            "일자리총점":31.818,
            "가치 총점":31.498,
            "매매실거래년":20220114.0,
            "매매실거래가":21700.0,
            "전세실거래년":null,
            "전세실거래가":null,
            "전세가율":null,
            "장기전세가율평균":70.39,
            "전세가율거품지수":null,
            "검색코드":16249,
            "세대수":90.0,
            "준공년월":"2003-03-28",
            "준공년차":20.0,
            "가까운역이름":"NA",
            "가까운역거리":"NA",
            "역세권여부":"NA",
            "30분이내주요거점역":"NA",
            "30분거점역이름":"NA",
            "1시간이내주요거점역":"NA",
            "1시간거점역이름":"NA",
            "3km이내백화점수":0,
            "5km이내아울렛몰수":0,
            "1km이내대형먀트수":0,
            "500m이내은행수":0,
            "500m이내병원수":0,
            "5km이내대형병원수":1,
            "500m이내공원수":4,
            "3km이내혐오시설수":0,
            "초등학교학업성취도":90.0,
            "중학교학업성취도":82.7,
            "용적률":0,
            "건폐율":0,
            "Y":35.563707,
            "X":129.226633,
            "rank":74.0,
            "area_info":"20평(67.24), 20평(69.14), 28평(93.74), 29평(98.02)",
            "last_sales":"2022-01-14,21700.0,28평(93.74)",
            "rank_history":[
                [
                    "202203",
                    74
                ],
                [
                    "202202",
                    9999
                ]
            ],
            "rank_gap":9999
        },
        {
            "index":150,
            "아파트명":"천상한라그린피스맨션",
            "투자타입":"일반",
            "전용면적(m2)":"74.16",
            "전용면적(평)":"22평",
            "법정동주소":"울산시 울주군 범서읍 천상리 646",
            "도로명주소":"울산시 울주군 천상3길 20",
            "세대수":50,
            "입주년차":0,
            "용적률점수":"--",
            "건폐율점수":"--",
            "세대당주차수":0,
            "난방방식":30,
            "공급면적":"--",
            "전용률":"--",
            "욕실수":50,
            "현관타입":10,
            "주거총점":26.5,
            "지역구공급총점":0.0,
            "역세권":"NA",
            "30분내 이동가능 거점":"NA",
            "1시간내 이동가능 거점":"NA",
            "교통총점":"NA",
            "백화점":0,
            "아울렛몰":0,
            "대형마트":0,
            "은행":0,
            "병원":0,
            "종합병원":80,
            "공원":100,
            "혐오시설":0,
            "인프라총점":19.0,
            "초등학군":90.0,
            "중학군":49.74,
            "학군총점":57.792,
            "인구수":24.46,
            "인구증감":-0.4,
            "인구총점":17.002,
            "일자리":16.11,
            "소득수준":68.47,
            "일자리총점":31.818,
            "가치 총점":31.323,
            "매매실거래년":20220218.0,
            "매매실거래가":13500.0,
            "전세실거래년":20220125.0,
            "전세실거래가":12500.0,
            "전세가율":92.59,
            "장기전세가율평균":70.39,
            "전세가율거품지수":-22.2,
            "검색코드":6666,
            "세대수":460.0,
            "준공년월":"1998-03-31",
            "준공년차":25.0,
            "가까운역이름":"NA",
            "가까운역거리":"NA",
            "역세권여부":"NA",
            "30분이내주요거점역":"NA",
            "30분거점역이름":"NA",
            "1시간이내주요거점역":"NA",
            "1시간거점역이름":"NA",
            "3km이내백화점수":0,
            "5km이내아울렛몰수":0,
            "1km이내대형먀트수":0,
            "500m이내은행수":0,
            "500m이내병원수":0,
            "5km이내대형병원수":1,
            "500m이내공원수":5,
            "3km이내혐오시설수":0,
            "초등학교학업성취도":90.0,
            "중학교학업성취도":82.7,
            "용적률":355,
            "건폐율":35,
            "Y":35.562323,
            "X":129.227108,
            "rank":75.0,
            "area_info":"22평(74.16), 26평(86.76), 27평(92.42), 29평(96.82), 32평(107.0)",
            "last_sales":"2022-02-18,13500.0,22평(74.16)",
            "rank_history":[
                [
                    "202203",
                    75
                ],
                [
                    "202202",
                    66
                ],
                [
                    "202201",
                    61
                ]
            ],
            "rank_gap":-9
        },
        {
            "index":281,
            "아파트명":"삼성",
            "투자타입":"일반",
            "전용면적(m2)":"75.47",
            "전용면적(평)":"22평",
            "법정동주소":"울산시 울주군 언양읍 서부리 236",
            "도로명주소":"울산시 울주군 웃방천1길 33",
            "세대수":50,
            "입주년차":0,
            "용적률점수":"--",
            "건폐율점수":"--",
            "세대당주차수":0,
            "난방방식":30,
            "공급면적":"--",
            "전용률":"--",
            "욕실수":50,
            "현관타입":10,
            "주거총점":26.5,
            "지역구공급총점":0.0,
            "역세권":"NA",
            "30분내 이동가능 거점":"NA",
            "1시간내 이동가능 거점":"NA",
            "교통총점":"NA",
            "백화점":0,
            "아울렛몰":0,
            "대형마트":0,
            "은행":0,
            "병원":0,
            "종합병원":80,
            "공원":100,
            "혐오시설":0,
            "인프라총점":19.0,
            "초등학군":90.01,
            "중학군":49.32,
            "학군총점":57.458,
            "인구수":24.46,
            "인구증감":-0.4,
            "인구총점":17.002,
            "일자리":16.11,
            "소득수준":68.47,
            "일자리총점":31.818,
            "가치 총점":31.2395,
            "매매실거래년":20220222.0,
            "매매실거래가":15000.0,
            "전세실거래년":20220125.0,
            "전세실거래가":8500.0,
            "전세가율":56.67,
            "장기전세가율평균":70.39,
            "전세가율거품지수":13.72,
            "검색코드":6690,
            "세대수":496.0,
            "준공년월":"1996-08-27",
            "준공년차":27.0,
            "가까운역이름":"NA",
            "가까운역거리":"NA",
            "역세권여부":"NA",
            "30분이내주요거점역":"NA",
            "30분거점역이름":"NA",
            "1시간이내주요거점역":"NA",
            "1시간거점역이름":"NA",
            "3km이내백화점수":0,
            "5km이내아울렛몰수":0,
            "1km이내대형먀트수":0,
            "500m이내은행수":0,
            "500m이내병원수":0,
            "5km이내대형병원수":1,
            "500m이내공원수":5,
            "3km이내혐오시설수":0,
            "초등학교학업성취도":90.01,
            "중학교학업성취도":80.4,
            "용적률":286,
            "건폐율":23,
            "Y":35.56827,
            "X":129.11209,
            "rank":76.0,
            "area_info":"22평(75.47)",
            "last_sales":"2022-02-22,15000.0,22평(75.47)",
            "rank_history":[
                [
                    "202203",
                    76
                ],
                [
                    "202202",
                    68
                ],
                [
                    "202201",
                    68
                ]
            ],
            "rank_gap":-8
        },
        {
            "index":428,
            "아파트명":"한솔그린빌",
            "투자타입":"일반",
            "전용면적(m2)":"65.85",
            "전용면적(평)":"19평",
            "법정동주소":"울산시 울주군 웅촌면 대복리 302",
            "도로명주소":"울산시 울주군 삼동로 1617",
            "세대수":90,
            "입주년차":0,
            "용적률점수":"--",
            "건폐율점수":"--",
            "세대당주차수":0,
            "난방방식":30,
            "공급면적":"--",
            "전용률":"--",
            "욕실수":50,
            "현관타입":100,
            "주거총점":49.5,
            "지역구공급총점":0.0,
            "역세권":"NA",
            "30분내 이동가능 거점":"NA",
            "1시간내 이동가능 거점":"NA",
            "교통총점":"NA",
            "백화점":0,
            "아울렛몰":0,
            "대형마트":0,
            "은행":0,
            "병원":0,
            "종합병원":0,
            "공원":0,
            "혐오시설":0,
            "인프라총점":0.0,
            "초등학군":89.95,
            "중학군":46.7,
            "학군총점":55.35,
            "인구수":24.46,
            "인구증감":-0.4,
            "인구총점":17.002,
            "일자리":16.11,
            "소득수준":68.47,
            "일자리총점":31.818,
            "가치 총점":31.1625,
            "매매실거래년":20220210.0,
            "매매실거래가":6900.0,
            "전세실거래년":20220115.0,
            "전세실거래가":5000.0,
            "전세가율":72.46,
            "장기전세가율평균":70.39,
            "전세가율거품지수":-2.07,
            "검색코드":100855,
            "세대수":1238.0,
            "준공년월":"1997-06-28",
            "준공년차":26.0,
            "가까운역이름":"NA",
            "가까운역거리":"NA",
            "역세권여부":"NA",
            "30분이내주요거점역":"NA",
            "30분거점역이름":"NA",
            "1시간이내주요거점역":"NA",
            "1시간거점역이름":"NA",
            "3km이내백화점수":0,
            "5km이내아울렛몰수":0,
            "1km이내대형먀트수":0,
            "500m이내은행수":0,
            "500m이내병원수":0,
            "5km이내대형병원수":0,
            "500m이내공원수":0,
            "3km이내혐오시설수":0,
            "초등학교학업성취도":89.95,
            "중학교학업성취도":75.5,
            "용적률":233,
            "건폐율":19,
            "Y":35.492165,
            "X":129.213708,
            "rank":77.0,
            "area_info":"19평(65.85)",
            "last_sales":"2022-02-10,6900.0,19평(65.85)",
            "rank_history":[
                [
                    "202203",
                    77
                ],
                [
                    "202202",
                    67
                ],
                [
                    "202201",
                    71
                ]
            ],
            "rank_gap":-10
        },
        {
            "index":421,
            "아파트명":"현대",
            "투자타입":"일반",
            "전용면적(m2)":"74.71",
            "전용면적(평)":"22평",
            "법정동주소":"울산시 울주군 온양읍 대안리 542",
            "도로명주소":"울산시 울주군 남창강변로 93",
            "세대수":50,
            "입주년차":0,
            "용적률점수":"--",
            "건폐율점수":"--",
            "세대당주차수":0,
            "난방방식":30,
            "공급면적":"--",
            "전용률":"--",
            "욕실수":50,
            "현관타입":10,
            "주거총점":26.5,
            "지역구공급총점":0.0,
            "역세권":"NA",
            "30분내 이동가능 거점":"NA",
            "1시간내 이동가능 거점":"NA",
            "교통총점":"NA",
            "백화점":0,
            "아울렛몰":0,
            "대형마트":100,
            "은행":0,
            "병원":0,
            "종합병원":0,
            "공원":100,
            "혐오시설":0,
            "인프라총점":18.0,
            "초등학군":89.99,
            "중학군":49.0,
            "학군총점":57.198,
            "인구수":24.46,
            "인구증감":-0.4,
            "인구총점":17.002,
            "일자리":16.11,
            "소득수준":68.47,
            "일자리총점":31.818,
            "가치 총점":30.7745,
            "매매실거래년":20220208.0,
            "매매실거래가":12100.0,
            "전세실거래년":20220205.0,
            "전세실거래가":12000.0,
            "전세가율":99.17,
            "장기전세가율평균":70.39,
            "전세가율거품지수":-28.78,
            "검색코드":6708,
            "세대수":693.0,
            "준공년월":"1993-08-30",
            "준공년차":30.0,
            "가까운역이름":"NA",
            "가까운역거리":"NA",
            "역세권여부":"NA",
            "30분이내주요거점역":"NA",
            "30분거점역이름":"NA",
            "1시간이내주요거점역":"NA",
            "1시간거점역이름":"NA",
            "3km이내백화점수":0,
            "5km이내아울렛몰수":0,
            "1km이내대형먀트수":2,
            "500m이내은행수":0,
            "500m이내병원수":0,
            "5km이내대형병원수":0,
            "500m이내공원수":4,
            "3km이내혐오시설수":0,
            "초등학교학업성취도":89.99,
            "중학교학업성취도":80.8,
            "용적률":0,
            "건폐율":0,
            "Y":35.411857,
            "X":129.285124,
            "rank":78.0,
            "area_info":"22평(74.71), 22평(75.05), 28평(94.57), 32평(105.81), 32평(105.83)",
            "last_sales":"2022-02-08,12100.0,22평(74.71)",
            "rank_history":[
                [
                    "202203",
                    78
                ],
                [
                    "202202",
                    69
                ],
                [
                    "202201",
                    80
                ]
            ],
            "rank_gap":-9
        },
        {
            "index":327,
            "아파트명":"가화파티오",
            "투자타입":"일반",
            "전용면적(m2)":"80.6",
            "전용면적(평)":"24평",
            "법정동주소":"울산시 울주군 온산읍 덕신리 184-1",
            "도로명주소":"울산시 울주군 영남길 26",
            "세대수":0,
            "입주년차":40,
            "용적률점수":"--",
            "건폐율점수":"--",
            "세대당주차수":30,
            "난방방식":30,
            "공급면적":"--",
            "전용률":"--",
            "욕실수":100,
            "현관타입":50,
            "주거총점":30.5,
            "지역구공급총점":0.0,
            "역세권":"NA",
            "30분내 이동가능 거점":"NA",
            "1시간내 이동가능 거점":"NA",
            "교통총점":"NA",
            "백화점":0,
            "아울렛몰":0,
            "대형마트":80,
            "은행":0,
            "병원":0,
            "종합병원":0,
            "공원":100,
            "혐오시설":0,
            "인프라총점":15.0,
            "초등학군":89.99,
            "중학군":46.84,
            "학군총점":55.47,
            "인구수":24.46,
            "인구증감":-0.4,
            "인구총점":17.002,
            "일자리":16.11,
            "소득수준":68.47,
            "일자리총점":31.818,
            "가치 총점":30.5425,
            "매매실거래년":20211206.0,
            "매매실거래가":18700.0,
            "전세실거래년":20200926.0,
            "전세실거래가":9000.0,
            "전세가율":53.57,
            "장기전세가율평균":70.39,
            "전세가율거품지수":16.82,
            "검색코드":106741,
            "세대수":192.0,
            "준공년월":"2008-09-18",
            "준공년차":15.0,
            "가까운역이름":"NA",
            "가까운역거리":"NA",
            "역세권여부":"NA",
            "30분이내주요거점역":"NA",
            "30분거점역이름":"NA",
            "1시간이내주요거점역":"NA",
            "1시간거점역이름":"NA",
            "3km이내백화점수":0,
            "5km이내아울렛몰수":0,
            "1km이내대형먀트수":1,
            "500m이내은행수":0,
            "500m이내병원수":0,
            "5km이내대형병원수":0,
            "500m이내공원수":3,
            "3km이내혐오시설수":0,
            "초등학교학업성취도":89.99,
            "중학교학업성취도":76.8,
            "용적률":198,
            "건폐율":41,
            "Y":35.438662,
            "X":129.310319,
            "rank":79.0,
            "area_info":"24평(80.6), 34평(113.24), 34평(113.04), 34평(114.13)",
            "last_sales":"2021-12-06,18700.0,34평(114.13)",
            "rank_history":[
                [
                    "202203",
                    79
                ],
                [
                    "202202",
                    70
                ],
                [
                    "202201",
                    72
                ]
            ],
            "rank_gap":-9
        },
        {
            "index":140,
            "아파트명":"천상벽산",
            "투자타입":"일반",
            "전용면적(m2)":"79.93",
            "전용면적(평)":"24평",
            "법정동주소":"울산시 울주군 범서읍 천상리 666-1",
            "도로명주소":"울산시 울주군 천상길 55",
            "세대수":30,
            "입주년차":20,
            "용적률점수":"--",
            "건폐율점수":"--",
            "세대당주차수":0,
            "난방방식":30,
            "공급면적":"--",
            "전용률":"--",
            "욕실수":50,
            "현관타입":10,
            "주거총점":23.5,
            "지역구공급총점":0.0,
            "역세권":"NA",
            "30분내 이동가능 거점":"NA",
            "1시간내 이동가능 거점":"NA",
            "교통총점":"NA",
            "백화점":0,
            "아울렛몰":0,
            "대형마트":0,
            "은행":0,
            "병원":0,
            "종합병원":80,
            "공원":100,
            "혐오시설":0,
            "인프라총점":19.0,
            "초등학군":90.0,
            "중학군":49.74,
            "학군총점":57.792,
            "인구수":24.46,
            "인구증감":-0.4,
            "인구총점":17.002,
            "일자리":16.11,
            "소득수준":68.47,
            "일자리총점":31.818,
            "가치 총점":30.273,
            "매매실거래년":20211127.0,
            "매매실거래가":13500.0,
            "전세실거래년":20211227.0,
            "전세실거래가":14000.0,
            "전세가율":103.7,
            "장기전세가율평균":70.39,
            "전세가율거품지수":-33.31,
            "검색코드":6646,
            "세대수":350.0,
            "준공년월":"1999-05-17",
            "준공년차":24.0,
            "가까운역이름":"NA",
            "가까운역거리":"NA",
            "역세권여부":"NA",
            "30분이내주요거점역":"NA",
            "30분거점역이름":"NA",
            "1시간이내주요거점역":"NA",
            "1시간거점역이름":"NA",
            "3km이내백화점수":0,
            "5km이내아울렛몰수":0,
            "1km이내대형먀트수":0,
            "500m이내은행수":0,
            "500m이내병원수":0,
            "5km이내대형병원수":1,
            "500m이내공원수":4,
            "3km이내혐오시설수":0,
            "초등학교학업성취도":90.0,
            "중학교학업성취도":82.7,
            "용적률":266,
            "건폐율":21,
            "Y":35.560183,
            "X":129.225807,
            "rank":80.0,
            "area_info":"24평(79.93), 32평(107.73)",
            "last_sales":"2021-11-27,13500.0,24평(79.93)",
            "rank_history":[
                [
                    "202203",
                    80
                ],
                [
                    "202202",
                    71
                ],
                [
                    "202201",
                    66
                ]
            ],
            "rank_gap":-9
        },
        {
            "index":145,
            "아파트명":"천상청구그린타운2차",
            "투자타입":"일반",
            "전용면적(m2)":"86.25",
            "전용면적(평)":"26평",
            "법정동주소":"울산시 울주군 범서읍 천상리 574-1",
            "도로명주소":"울산시 울주군 평천길 82",
            "세대수":30,
            "입주년차":20,
            "용적률점수":"--",
            "건폐율점수":"--",
            "세대당주차수":0,
            "난방방식":30,
            "공급면적":"--",
            "전용률":"--",
            "욕실수":50,
            "현관타입":10,
            "주거총점":23.5,
            "지역구공급총점":0.0,
            "역세권":"NA",
            "30분내 이동가능 거점":"NA",
            "1시간내 이동가능 거점":"NA",
            "교통총점":"NA",
            "백화점":0,
            "아울렛몰":0,
            "대형마트":0,
            "은행":0,
            "병원":0,
            "종합병원":80,
            "공원":100,
            "혐오시설":0,
            "인프라총점":19.0,
            "초등학군":90.0,
            "중학군":49.74,
            "학군총점":57.792,
            "인구수":24.46,
            "인구증감":-0.4,
            "인구총점":17.002,
            "일자리":16.11,
            "소득수준":68.47,
            "일자리총점":31.818,
            "가치 총점":30.273,
            "매매실거래년":20220113.0,
            "매매실거래가":12500.0,
            "전세실거래년":20220214.0,
            "전세실거래가":12000.0,
            "전세가율":96.0,
            "장기전세가율평균":70.39,
            "전세가율거품지수":-25.61,
            "검색코드":6663,
            "세대수":335.0,
            "준공년월":"2000-09-19",
            "준공년차":23.0,
            "가까운역이름":"NA",
            "가까운역거리":"NA",
            "역세권여부":"NA",
            "30분이내주요거점역":"NA",
            "30분거점역이름":"NA",
            "1시간이내주요거점역":"NA",
            "1시간거점역이름":"NA",
            "3km이내백화점수":0,
            "5km이내아울렛몰수":0,
            "1km이내대형먀트수":0,
            "500m이내은행수":0,
            "500m이내병원수":0,
            "5km이내대형병원수":1,
            "500m이내공원수":4,
            "3km이내혐오시설수":0,
            "초등학교학업성취도":90.0,
            "중학교학업성취도":82.7,
            "용적률":360,
            "건폐율":22,
            "Y":35.564751,
            "X":129.224994,
            "rank":80.0,
            "area_info":"26평(86.25), 28평(95.31), 31평(104.65)",
            "last_sales":"2022-01-13,12500.0,26평(86.25)",
            "rank_history":[
                [
                    "202203",
                    80
                ],
                [
                    "202202",
                    71
                ],
                [
                    "202201",
                    67
                ]
            ],
            "rank_gap":-9
        },
        {
            "index":386,
            "아파트명":"성림그린빌",
            "투자타입":"일반",
            "전용면적(m2)":"76.89",
            "전용면적(평)":"23평",
            "법정동주소":"울산시 울주군 온양읍 발리 626-12",
            "도로명주소":"울산시 울주군 솔밭3길 35",
            "세대수":0,
            "입주년차":20,
            "용적률점수":"--",
            "건폐율점수":"--",
            "세대당주차수":0,
            "난방방식":30,
            "공급면적":"--",
            "전용률":"--",
            "욕실수":100,
            "현관타입":100,
            "주거총점":27.0,
            "지역구공급총점":0.0,
            "역세권":"NA",
            "30분내 이동가능 거점":"NA",
            "1시간내 이동가능 거점":"NA",
            "교통총점":"NA",
            "백화점":0,
            "아울렛몰":0,
            "대형마트":80,
            "은행":0,
            "병원":0,
            "종합병원":0,
            "공원":100,
            "혐오시설":0,
            "인프라총점":15.0,
            "초등학군":89.99,
            "중학군":49.0,
            "학군총점":57.198,
            "인구수":24.46,
            "인구증감":-0.4,
            "인구총점":17.002,
            "일자리":16.11,
            "소득수준":68.47,
            "일자리총점":31.818,
            "가치 총점":29.7495,
            "매매실거래년":20220222.0,
            "매매실거래가":14900.0,
            "전세실거래년":20200122.0,
            "전세실거래가":9000.0,
            "전세가율":60.4,
            "장기전세가율평균":70.39,
            "전세가율거품지수":9.99,
            "검색코드":104936,
            "세대수":298.0,
            "준공년월":"2003-06-05",
            "준공년차":20.0,
            "가까운역이름":"NA",
            "가까운역거리":"NA",
            "역세권여부":"NA",
            "30분이내주요거점역":"NA",
            "30분거점역이름":"NA",
            "1시간이내주요거점역":"NA",
            "1시간거점역이름":"NA",
            "3km이내백화점수":0,
            "5km이내아울렛몰수":0,
            "1km이내대형먀트수":1,
            "500m이내은행수":0,
            "500m이내병원수":0,
            "5km이내대형병원수":0,
            "500m이내공원수":2,
            "3km이내혐오시설수":0,
            "초등학교학업성취도":89.99,
            "중학교학업성취도":80.8,
            "용적률":174,
            "건폐율":18,
            "Y":35.404352,
            "X":129.289904,
            "rank":81.0,
            "area_info":"23평(76.89)",
            "last_sales":"2022-02-22,14900.0,23평(76.89)",
            "rank_history":[
                [
                    "202203",
                    81
                ],
                [
                    "202202",
                    72
                ],
                [
                    "202201",
                    85
                ]
            ],
            "rank_gap":-9
        },
        {
            "index":373,
            "아파트명":"미도파",
            "투자타입":"일반",
            "전용면적(m2)":"79.92",
            "전용면적(평)":"24평",
            "법정동주소":"울산시 울주군 온양읍 대안리 417",
            "도로명주소":"울산시 울주군 연안2길 22",
            "세대수":50,
            "입주년차":0,
            "용적률점수":"--",
            "건폐율점수":"--",
            "세대당주차수":0,
            "난방방식":30,
            "공급면적":"--",
            "전용률":"--",
            "욕실수":50,
            "현관타입":10,
            "주거총점":26.5,
            "지역구공급총점":0.0,
            "역세권":"NA",
            "30분내 이동가능 거점":"NA",
            "1시간내 이동가능 거점":"NA",
            "교통총점":"NA",
            "백화점":0,
            "아울렛몰":0,
            "대형마트":80,
            "은행":0,
            "병원":0,
            "종합병원":0,
            "공원":100,
            "혐오시설":0,
            "인프라총점":15.0,
            "초등학군":89.99,
            "중학군":49.0,
            "학군총점":57.198,
            "인구수":24.46,
            "인구증감":-0.4,
            "인구총점":17.002,
            "일자리":16.11,
            "소득수준":68.47,
            "일자리총점":31.818,
            "가치 총점":29.5745,
            "매매실거래년":20220223.0,
            "매매실거래가":11000.0,
            "전세실거래년":20210617.0,
            "전세실거래가":7500.0,
            "전세가율":68.18,
            "장기전세가율평균":70.39,
            "전세가율거품지수":2.21,
            "검색코드":6716,
            "세대수":613.0,
            "준공년월":"1993-10-13",
            "준공년차":30.0,
            "가까운역이름":"NA",
            "가까운역거리":"NA",
            "역세권여부":"NA",
            "30분이내주요거점역":"NA",
            "30분거점역이름":"NA",
            "1시간이내주요거점역":"NA",
            "1시간거점역이름":"NA",
            "3km이내백화점수":0,
            "5km이내아울렛몰수":0,
            "1km이내대형먀트수":1,
            "500m이내은행수":0,
            "500m이내병원수":0,
            "5km이내대형병원수":0,
            "500m이내공원수":4,
            "3km이내혐오시설수":0,
            "초등학교학업성취도":89.99,
            "중학교학업성취도":80.8,
            "용적률":0,
            "건폐율":0,
            "Y":35.407154,
            "X":129.282451,
            "rank":82.0,
            "area_info":"24평(79.92), 31평(103.81)",
            "last_sales":"2022-02-23,11000.0,24평(79.92)",
            "rank_history":[
                [
                    "202203",
                    82
                ],
                [
                    "202202",
                    73
                ],
                [
                    "202201",
                    82
                ]
            ],
            "rank_gap":-9
        },
        {
            "index":249,
            "아파트명":"경동청구타운",
            "투자타입":"재건축",
            "전용면적(m2)":"75.84",
            "전용면적(평)":"22평",
            "법정동주소":"울산시 울주군 상북면 천전리 532-19",
            "도로명주소":"울산시 울주군 남천로 247",
            "세대수":50,
            "입주년차":"--",
            "용적률점수":0,
            "건폐율점수":0,
            "세대당주차수":"--",
            "난방방식":"--",
            "공급면적":50,
            "전용률":60,
            "욕실수":"--",
            "현관타입":"--",
            "주거총점":20.5,
            "지역구공급총점":0.0,
            "역세권":"NA",
            "30분내 이동가능 거점":"NA",
            "1시간내 이동가능 거점":"NA",
            "교통총점":"NA",
            "백화점":0,
            "아울렛몰":0,
            "대형마트":0,
            "은행":0,
            "병원":0,
            "종합병원":80,
            "공원":100,
            "혐오시설":0,
            "인프라총점":19.0,
            "초등학군":90.01,
            "중학군":49.32,
            "학군총점":57.458,
            "인구수":24.46,
            "인구증감":-0.4,
            "인구총점":17.002,
            "일자리":16.11,
            "소득수준":68.47,
            "일자리총점":31.818,
            "가치 총점":29.1395,
            "매매실거래년":20220209.0,
            "매매실거래가":7900.0,
            "전세실거래년":20210309.0,
            "전세실거래가":6500.0,
            "전세가율":82.28,
            "장기전세가율평균":70.39,
            "전세가율거품지수":-11.89,
            "검색코드":6677,
            "세대수":472.0,
            "준공년월":"1991-09-27",
            "준공년차":32.0,
            "가까운역이름":"NA",
            "가까운역거리":"NA",
            "역세권여부":"NA",
            "30분이내주요거점역":"NA",
            "30분거점역이름":"NA",
            "1시간이내주요거점역":"NA",
            "1시간거점역이름":"NA",
            "3km이내백화점수":0,
            "5km이내아울렛몰수":0,
            "1km이내대형먀트수":0,
            "500m이내은행수":0,
            "500m이내병원수":0,
            "5km이내대형병원수":1,
            "500m이내공원수":2,
            "3km이내혐오시설수":0,
            "초등학교학업성취도":90.01,
            "중학교학업성취도":80.4,
            "용적률":0,
            "건폐율":0,
            "Y":35.567917,
            "X":129.107383,
            "rank":83.0,
            "area_info":"22평(75.84), 23평(78.26), 30평(99.84)",
            "last_sales":"2022-02-09,7900.0,22평(75.84)",
            "rank_history":[
                [
                    "202203",
                    83
                ],
                [
                    "202202",
                    74
                ],
                [
                    "202201",
                    73
                ]
            ],
            "rank_gap":-9
        },
        {
            "index":341,
            "아파트명":"덕신천지",
            "투자타입":"일반",
            "전용면적(m2)":"73.37",
            "전용면적(평)":"22평",
            "법정동주소":"울산시 울주군 온산읍 덕신리 184",
            "도로명주소":"울산시 울주군 영남4길 22",
            "세대수":0,
            "입주년차":40,
            "용적률점수":"--",
            "건폐율점수":"--",
            "세대당주차수":30,
            "난방방식":30,
            "공급면적":"--",
            "전용률":"--",
            "욕실수":50,
            "현관타입":50,
            "주거총점":25.5,
            "지역구공급총점":0.0,
            "역세권":"NA",
            "30분내 이동가능 거점":"NA",
            "1시간내 이동가능 거점":"NA",
            "교통총점":"NA",
            "백화점":0,
            "아울렛몰":0,
            "대형마트":80,
            "은행":0,
            "병원":0,
            "종합병원":0,
            "공원":100,
            "혐오시설":0,
            "인프라총점":15.0,
            "초등학군":89.99,
            "중학군":46.84,
            "학군총점":55.47,
            "인구수":24.46,
            "인구증감":-0.4,
            "인구총점":17.002,
            "일자리":16.11,
            "소득수준":68.47,
            "일자리총점":31.818,
            "가치 총점":28.7925,
            "매매실거래년":20211205.0,
            "매매실거래가":11900.0,
            "전세실거래년":20211123.0,
            "전세실거래가":11000.0,
            "전세가율":92.44,
            "장기전세가율평균":70.39,
            "전세가율거품지수":-22.05,
            "검색코드":105460,
            "세대수":120.0,
            "준공년월":"2005-02-28",
            "준공년차":18.0,
            "가까운역이름":"NA",
            "가까운역거리":"NA",
            "역세권여부":"NA",
            "30분이내주요거점역":"NA",
            "30분거점역이름":"NA",
            "1시간이내주요거점역":"NA",
            "1시간거점역이름":"NA",
            "3km이내백화점수":0,
            "5km이내아울렛몰수":0,
            "1km이내대형먀트수":1,
            "500m이내은행수":0,
            "500m이내병원수":0,
            "5km이내대형병원수":0,
            "500m이내공원수":3,
            "3km이내혐오시설수":0,
            "초등학교학업성취도":89.99,
            "중학교학업성취도":76.8,
            "용적률":114,
            "건폐율":18,
            "Y":35.439385,
            "X":129.310992,
            "rank":84.0,
            "area_info":"22평(73.37)",
            "last_sales":"2021-12-05,11900.0,22평(73.37)",
            "rank_history":[
                [
                    "202203",
                    84
                ],
                [
                    "202202",
                    76
                ],
                [
                    "202201",
                    75
                ]
            ],
            "rank_gap":-8
        },
        {
            "index":267,
            "아파트명":"진하비취",
            "투자타입":"일반",
            "전용면적(m2)":"73.05",
            "전용면적(평)":"22평",
            "법정동주소":"울산시 울주군 서생면 진하리 73-3",
            "도로명주소":"울산시 울주군 진하8길 25",
            "세대수":0,
            "입주년차":0,
            "용적률점수":"--",
            "건폐율점수":"--",
            "세대당주차수":0,
            "난방방식":30,
            "공급면적":"--",
            "전용률":"--",
            "욕실수":50,
            "현관타입":100,
            "주거총점":18.0,
            "지역구공급총점":0.0,
            "역세권":"NA",
            "30분내 이동가능 거점":"NA",
            "1시간내 이동가능 거점":"NA",
            "교통총점":"NA",
            "백화점":0,
            "아울렛몰":0,
            "대형마트":80,
            "은행":0,
            "병원":0,
            "종합병원":0,
            "공원":80,
            "혐오시설":0,
            "인프라총점":14.4,
            "초등학군":89.96,
            "중학군":60.38,
            "학군총점":66.296,
            "인구수":24.46,
            "인구증감":-0.4,
            "인구총점":17.002,
            "일자리":16.11,
            "소득수준":68.47,
            "일자리총점":31.818,
            "가치 총점":28.634,
            "매매실거래년":20211120.0,
            "매매실거래가":14500.0,
            "전세실거래년":20150909.0,
            "전세실거래가":7000.0,
            "전세가율":70.0,
            "장기전세가율평균":70.39,
            "전세가율거품지수":0.39,
            "검색코드":16250,
            "세대수":180.0,
            "준공년월":"1993-03-22",
            "준공년차":30.0,
            "가까운역이름":"NA",
            "가까운역거리":"NA",
            "역세권여부":"NA",
            "30분이내주요거점역":"NA",
            "30분거점역이름":"NA",
            "1시간이내주요거점역":"NA",
            "1시간거점역이름":"NA",
            "3km이내백화점수":0,
            "5km이내아울렛몰수":0,
            "1km이내대형먀트수":1,
            "500m이내은행수":0,
            "500m이내병원수":0,
            "5km이내대형병원수":0,
            "500m이내공원수":1,
            "3km이내혐오시설수":0,
            "초등학교학업성취도":89.96,
            "중학교학업성취도":97.9,
            "용적률":374,
            "건폐율":25,
            "Y":35.3872,
            "X":129.346104,
            "rank":85.0,
            "area_info":"22평(73.05), 22평(75.64), 28평(95.08)",
            "last_sales":"2021-11-20,14500.0,28평(95.08)",
            "rank_history":[
                [
                    "202203",
                    85
                ],
                [
                    "202202",
                    77
                ],
                [
                    "202201",
                    87
                ]
            ],
            "rank_gap":-8
        },
        {
            "index":322,
            "아파트명":"현대",
            "투자타입":"일반",
            "전용면적(m2)":"74.7",
            "전용면적(평)":"22평",
            "법정동주소":"울산시 울주군 언양읍 반천리 1023-51",
            "도로명주소":"울산시 울주군 반천강변길 51",
            "세대수":90,
            "입주년차":0,
            "용적률점수":"--",
            "건폐율점수":"--",
            "세대당주차수":0,
            "난방방식":30,
            "공급면적":"--",
            "전용률":"--",
            "욕실수":50,
            "현관타입":10,
            "주거총점":40.5,
            "지역구공급총점":0.0,
            "역세권":"NA",
            "30분내 이동가능 거점":"NA",
            "1시간내 이동가능 거점":"NA",
            "교통총점":"NA",
            "백화점":0,
            "아울렛몰":0,
            "대형마트":0,
            "은행":0,
            "병원":0,
            "종합병원":0,
            "공원":0,
            "혐오시설":0,
            "인프라총점":0.0,
            "초등학군":89.95,
            "중학군":49.74,
            "학군총점":57.782,
            "인구수":24.46,
            "인구증감":-0.4,
            "인구총점":17.002,
            "일자리":16.11,
            "소득수준":68.47,
            "일자리총점":31.818,
            "가치 총점":28.6205,
            "매매실거래년":20220224.0,
            "매매실거래가":13700.0,
            "전세실거래년":20220216.0,
            "전세실거래가":4000.0,
            "전세가율":38.83,
            "장기전세가율평균":70.39,
            "전세가율거품지수":31.56,
            "검색코드":6685,
            "세대수":998.0,
            "준공년월":"1994-12-13",
            "준공년차":29.0,
            "가까운역이름":"NA",
            "가까운역거리":"NA",
            "역세권여부":"NA",
            "30분이내주요거점역":"NA",
            "30분거점역이름":"NA",
            "1시간이내주요거점역":"NA",
            "1시간거점역이름":"NA",
            "3km이내백화점수":0,
            "5km이내아울렛몰수":0,
            "1km이내대형먀트수":0,
            "500m이내은행수":0,
            "500m이내병원수":0,
            "5km이내대형병원수":0,
            "500m이내공원수":0,
            "3km이내혐오시설수":0,
            "초등학교학업성취도":89.95,
            "중학교학업성취도":82.7,
            "용적률":0,
            "건폐율":26,
            "Y":35.557128,
            "X":129.189748,
            "rank":86.0,
            "area_info":"22평(74.7), 29평(96.8), 31평(103.74), 32평(106.13), 32평(106.24)",
            "last_sales":"2022-02-24,13700.0,32평(106.13)",
            "rank_history":[
                [
                    "202203",
                    86
                ],
                [
                    "202202",
                    75
                ],
                [
                    "202201",
                    76
                ]
            ],
            "rank_gap":-11
        },
        {
            "index":416,
            "아파트명":"프리모피아",
            "투자타입":"일반",
            "전용면적(m2)":"67.93",
            "전용면적(평)":"20평",
            "법정동주소":"울산시 울주군 온양읍 대안리 266-1",
            "도로명주소":"울산시 울주군 화산발리로 718-5",
            "세대수":0,
            "입주년차":0,
            "용적률점수":"--",
            "건폐율점수":"--",
            "세대당주차수":0,
            "난방방식":30,
            "공급면적":"--",
            "전용률":"--",
            "욕실수":100,
            "현관타입":100,
            "주거총점":23.0,
            "지역구공급총점":0.0,
            "역세권":"NA",
            "30분내 이동가능 거점":"NA",
            "1시간내 이동가능 거점":"NA",
            "교통총점":"NA",
            "백화점":0,
            "아울렛몰":0,
            "대형마트":80,
            "은행":0,
            "병원":0,
            "종합병원":0,
            "공원":100,
            "혐오시설":0,
            "인프라총점":15.0,
            "초등학군":89.99,
            "중학군":49.0,
            "학군총점":57.198,
            "인구수":24.46,
            "인구증감":-0.4,
            "인구총점":17.002,
            "일자리":16.11,
            "소득수준":68.47,
            "일자리총점":31.818,
            "가치 총점":28.3495,
            "매매실거래년":20220105.0,
            "매매실거래가":8300.0,
            "전세실거래년":null,
            "전세실거래가":null,
            "전세가율":null,
            "장기전세가율평균":70.39,
            "전세가율거품지수":null,
            "검색코드":125396,
            "세대수":60.0,
            "준공년월":"1993-02-06",
            "준공년차":30.0,
            "가까운역이름":"NA",
            "가까운역거리":"NA",
            "역세권여부":"NA",
            "30분이내주요거점역":"NA",
            "30분거점역이름":"NA",
            "1시간이내주요거점역":"NA",
            "1시간거점역이름":"NA",
            "3km이내백화점수":0,
            "5km이내아울렛몰수":0,
            "1km이내대형먀트수":1,
            "500m이내은행수":0,
            "500m이내병원수":0,
            "5km이내대형병원수":0,
            "500m이내공원수":3,
            "3km이내혐오시설수":0,
            "초등학교학업성취도":89.99,
            "중학교학업성취도":80.8,
            "용적률":149,
            "건폐율":16,
            "Y":35.405304,
            "X":129.288275,
            "rank":87.0,
            "area_info":"20평(67.93)",
            "last_sales":"2022-01-05,8300.0,20평(67.93)",
            "rank_history":[
                [
                    "202203",
                    87
                ],
                [
                    "202202",
                    9999
                ]
            ],
            "rank_gap":9999
        },
        {
            "index":384,
            "아파트명":"석영타워",
            "투자타입":"재건축",
            "전용면적(m2)":"89.2",
            "전용면적(평)":"26평",
            "법정동주소":"울산시 울주군 온양읍 대안리 563-7",
            "도로명주소":"울산시 울주군 대안3길 7-16",
            "세대수":0,
            "입주년차":"--",
            "용적률점수":0,
            "건폐율점수":60,
            "세대당주차수":"--",
            "난방방식":"--",
            "공급면적":70,
            "전용률":60,
            "욕실수":"--",
            "현관타입":"--",
            "주거총점":18.5,
            "지역구공급총점":0.0,
            "역세권":"NA",
            "30분내 이동가능 거점":"NA",
            "1시간내 이동가능 거점":"NA",
            "교통총점":"NA",
            "백화점":0,
            "아울렛몰":0,
            "대형마트":100,
            "은행":0,
            "병원":0,
            "종합병원":0,
            "공원":100,
            "혐오시설":0,
            "인프라총점":18.0,
            "초등학군":89.99,
            "중학군":49.0,
            "학군총점":57.198,
            "인구수":24.46,
            "인구증감":-0.4,
            "인구총점":17.002,
            "일자리":16.11,
            "소득수준":68.47,
            "일자리총점":31.818,
            "가치 총점":27.9745,
            "매매실거래년":20220216.0,
            "매매실거래가":7400.0,
            "전세실거래년":20210919.0,
            "전세실거래가":6500.0,
            "전세가율":87.84,
            "장기전세가율평균":70.39,
            "전세가율거품지수":-17.45,
            "검색코드":16287,
            "세대수":80.0,
            "준공년월":"1992-10-01",
            "준공년차":31.0,
            "가까운역이름":"NA",
            "가까운역거리":"NA",
            "역세권여부":"NA",
            "30분이내주요거점역":"NA",
            "30분거점역이름":"NA",
            "1시간이내주요거점역":"NA",
            "1시간거점역이름":"NA",
            "3km이내백화점수":0,
            "5km이내아울렛몰수":0,
            "1km이내대형먀트수":2,
            "500m이내은행수":0,
            "500m이내병원수":0,
            "5km이내대형병원수":0,
            "500m이내공원수":2,
            "3km이내혐오시설수":0,
            "초등학교학업성취도":89.99,
            "중학교학업성취도":80.8,
            "용적률":399,
            "건폐율":31,
            "Y":35.41338,
            "X":129.283464,
            "rank":88.0,
            "area_info":"26평(89.2), 31평(103.63)",
            "last_sales":"2022-02-16,7400.0,26평(89.2)",
            "rank_history":[
                [
                    "202203",
                    88
                ],
                [
                    "202202",
                    9999
                ]
            ],
            "rank_gap":9999
        },
        {
            "index":450,
            "아파트명":"유림",
            "투자타입":"일반",
            "전용면적(m2)":"78.65",
            "전용면적(평)":"23평",
            "법정동주소":"울산시 울주군 청량읍 덕하리 404-7",
            "도로명주소":"울산시 울주군 덕정1길 8",
            "세대수":50,
            "입주년차":0,
            "용적률점수":"--",
            "건폐율점수":"--",
            "세대당주차수":0,
            "난방방식":30,
            "공급면적":"--",
            "전용률":"--",
            "욕실수":50,
            "현관타입":100,
            "주거총점":35.5,
            "지역구공급총점":0.0,
            "역세권":"NA",
            "30분내 이동가능 거점":"NA",
            "1시간내 이동가능 거점":"NA",
            "교통총점":"NA",
            "백화점":0,
            "아울렛몰":0,
            "대형마트":0,
            "은행":0,
            "병원":0,
            "종합병원":0,
            "공원":0,
            "혐오시설":0,
            "인프라총점":0.0,
            "초등학군":90.04,
            "중학군":55.2,
            "학군총점":62.168,
            "인구수":24.46,
            "인구증감":-0.4,
            "인구총점":17.002,
            "일자리":16.11,
            "소득수준":68.47,
            "일자리총점":31.818,
            "가치 총점":27.967,
            "매매실거래년":20220108.0,
            "매매실거래가":11000.0,
            "전세실거래년":20211005.0,
            "전세실거래가":7000.0,
            "전세가율":63.64,
            "장기전세가율평균":70.39,
            "전세가율거품지수":6.75,
            "검색코드":6742,
            "세대수":664.0,
            "준공년월":"1998-12-11",
            "준공년차":25.0,
            "가까운역이름":"NA",
            "가까운역거리":"NA",
            "역세권여부":"NA",
            "30분이내주요거점역":"NA",
            "30분거점역이름":"NA",
            "1시간이내주요거점역":"NA",
            "1시간거점역이름":"NA",
            "3km이내백화점수":0,
            "5km이내아울렛몰수":0,
            "1km이내대형먀트수":0,
            "500m이내은행수":0,
            "500m이내병원수":0,
            "5km이내대형병원수":0,
            "500m이내공원수":0,
            "3km이내혐오시설수":0,
            "초등학교학업성취도":90.04,
            "중학교학업성취도":92.0,
            "용적률":348,
            "건폐율":42,
            "Y":35.487149,
            "X":129.294851,
            "rank":89.0,
            "area_info":"23평(78.65), 31평(104.28), 37평(122.46)",
            "last_sales":"2022-01-08,11000.0,23평(78.65)",
            "rank_history":[
                [
                    "202203",
                    89
                ],
                [
                    "202202",
                    78
                ],
                [
                    "202201",
                    77
                ]
            ],
            "rank_gap":-11
        },
        {
            "index":176,
            "아파트명":"대원그린파크",
            "투자타입":"일반",
            "전용면적(m2)":"66.38",
            "전용면적(평)":"20평",
            "법정동주소":"울산시 울주군 삼남읍 가천리 90-4",
            "도로명주소":"울산시 울주군 중남로 1",
            "세대수":0,
            "입주년차":0,
            "용적률점수":"--",
            "건폐율점수":"--",
            "세대당주차수":0,
            "난방방식":30,
            "공급면적":"--",
            "전용률":"--",
            "욕실수":50,
            "현관타입":100,
            "주거총점":18.0,
            "지역구공급총점":0.0,
            "역세권":"NA",
            "30분내 이동가능 거점":"NA",
            "1시간내 이동가능 거점":"NA",
            "교통총점":"NA",
            "백화점":0,
            "아울렛몰":0,
            "대형마트":0,
            "은행":0,
            "병원":0,
            "종합병원":80,
            "공원":0,
            "혐오시설":0,
            "인프라총점":16.0,
            "초등학군":90.02,
            "중학군":52.9,
            "학군총점":60.324,
            "인구수":24.46,
            "인구증감":-0.4,
            "인구총점":17.002,
            "일자리":16.11,
            "소득수준":68.47,
            "일자리총점":31.818,
            "가치 총점":27.781,
            "매매실거래년":20220118.0,
            "매매실거래가":5300.0,
            "전세실거래년":20210816.0,
            "전세실거래가":4000.0,
            "전세가율":64.52,
            "장기전세가율평균":70.39,
            "전세가율거품지수":5.87,
            "검색코드":12963,
            "세대수":176.0,
            "준공년월":"1993-01-20",
            "준공년차":30.0,
            "가까운역이름":"NA",
            "가까운역거리":"NA",
            "역세권여부":"NA",
            "30분이내주요거점역":"NA",
            "30분거점역이름":"NA",
            "1시간이내주요거점역":"NA",
            "1시간거점역이름":"NA",
            "3km이내백화점수":0,
            "5km이내아울렛몰수":0,
            "1km이내대형먀트수":0,
            "500m이내은행수":0,
            "500m이내병원수":0,
            "5km이내대형병원수":1,
            "500m이내공원수":0,
            "3km이내혐오시설수":0,
            "초등학교학업성취도":90.02,
            "중학교학업성취도":87.1,
            "용적률":202,
            "건폐율":21,
            "Y":35.532827,
            "X":129.103614,
            "rank":90.0,
            "area_info":"20평(66.38), 20평(66.44), 22평(74.73), 27평(91.82), 28평(92.94)",
            "last_sales":"2022-01-18,5300.0,22평(74.73)",
            "rank_history":[
                [
                    "202203",
                    90
                ],
                [
                    "202202",
                    79
                ],
                [
                    "202201",
                    78
                ]
            ],
            "rank_gap":-11
        },
        {
            "index":337,
            "아파트명":"덕신동원",
            "투자타입":"일반",
            "전용면적(m2)":"72.46",
            "전용면적(평)":"21평",
            "법정동주소":"울산시 울주군 온산읍 덕신리 1329-2",
            "도로명주소":"울산시 울주군 영남7길 13",
            "세대수":50,
            "입주년차":0,
            "용적률점수":"--",
            "건폐율점수":"--",
            "세대당주차수":0,
            "난방방식":30,
            "공급면적":"--",
            "전용률":"--",
            "욕실수":50,
            "현관타입":100,
            "주거총점":35.5,
            "지역구공급총점":0.0,
            "역세권":"NA",
            "30분내 이동가능 거점":"NA",
            "1시간내 이동가능 거점":"NA",
            "교통총점":"NA",
            "백화점":0,
            "아울렛몰":0,
            "대형마트":0,
            "은행":0,
            "병원":0,
            "종합병원":0,
            "공원":100,
            "혐오시설":0,
            "인프라총점":3.0,
            "초등학군":89.99,
            "중학군":46.84,
            "학군총점":55.47,
            "인구수":24.46,
            "인구증감":-0.4,
            "인구총점":17.002,
            "일자리":16.11,
            "소득수준":68.47,
            "일자리총점":31.818,
            "가치 총점":27.4925,
            "매매실거래년":20220217.0,
            "매매실거래가":12400.0,
            "전세실거래년":20210324.0,
            "전세실거래가":10000.0,
            "전세가율":80.65,
            "장기전세가율평균":70.39,
            "전세가율거품지수":-10.26,
            "검색코드":14727,
            "세대수":570.0,
            "준공년월":"1997-09-09",
            "준공년차":26.0,
            "가까운역이름":"NA",
            "가까운역거리":"NA",
            "역세권여부":"NA",
            "30분이내주요거점역":"NA",
            "30분거점역이름":"NA",
            "1시간이내주요거점역":"NA",
            "1시간거점역이름":"NA",
            "3km이내백화점수":0,
            "5km이내아울렛몰수":0,
            "1km이내대형먀트수":0,
            "500m이내은행수":0,
            "500m이내병원수":0,
            "5km이내대형병원수":0,
            "500m이내공원수":3,
            "3km이내혐오시설수":0,
            "초등학교학업성취도":89.99,
            "중학교학업성취도":76.8,
            "용적률":210,
            "건폐율":20,
            "Y":35.441229,
            "X":129.306297,
            "rank":91.0,
            "area_info":"21평(72.46), 27평(89.82), 29평(97.41), 31평(103.21)",
            "last_sales":"2022-02-17,12400.0,21평(72.46)",
            "rank_history":[
                [
                    "202203",
                    91
                ],
                [
                    "202202",
                    80
                ],
                [
                    "202201",
                    79
                ]
            ],
            "rank_gap":-11
        },
        {
            "index":357,
            "아파트명":"용창아이빌",
            "투자타입":"일반",
            "전용면적(m2)":"43.57",
            "전용면적(평)":"13평",
            "법정동주소":"울산시 울주군 온산읍 덕신리 185-6",
            "도로명주소":"울산시 울주군 영남4길 47",
            "세대수":0,
            "입주년차":20,
            "용적률점수":"--",
            "건폐율점수":"--",
            "세대당주차수":0,
            "난방방식":30,
            "공급면적":"--",
            "전용률":"--",
            "욕실수":50,
            "현관타입":100,
            "주거총점":22.0,
            "지역구공급총점":0.0,
            "역세권":"NA",
            "30분내 이동가능 거점":"NA",
            "1시간내 이동가능 거점":"NA",
            "교통총점":"NA",
            "백화점":0,
            "아울렛몰":0,
            "대형마트":80,
            "은행":0,
            "병원":0,
            "종합병원":0,
            "공원":80,
            "혐오시설":0,
            "인프라총점":14.4,
            "초등학군":89.99,
            "중학군":46.84,
            "학군총점":55.47,
            "인구수":24.46,
            "인구증감":-0.4,
            "인구총점":17.002,
            "일자리":16.11,
            "소득수준":68.47,
            "일자리총점":31.818,
            "가치 총점":27.3275,
            "매매실거래년":"18000101",
            "매매실거래가":null,
            "전세실거래년":null,
            "전세실거래가":null,
            "전세가율":null,
            "장기전세가율평균":70.39,
            "전세가율거품지수":null,
            "검색코드":127298,
            "세대수":156.0,
            "준공년월":"2000-06-27",
            "준공년차":23.0,
            "가까운역이름":"NA",
            "가까운역거리":"NA",
            "역세권여부":"NA",
            "30분이내주요거점역":"NA",
            "30분거점역이름":"NA",
            "1시간이내주요거점역":"NA",
            "1시간거점역이름":"NA",
            "3km이내백화점수":0,
            "5km이내아울렛몰수":0,
            "1km이내대형먀트수":1,
            "500m이내은행수":0,
            "500m이내병원수":0,
            "5km이내대형병원수":0,
            "500m이내공원수":1,
            "3km이내혐오시설수":0,
            "초등학교학업성취도":89.99,
            "중학교학업성취도":76.8,
            "용적률":67,
            "건폐율":19,
            "Y":35.440825,
            "X":129.311315,
            "rank":92.0,
            "area_info":"13평(43.57)",
            "last_sales":"1800-01-01,nan,13평(43.57)",
            "rank_history":[
                [
                    "202203",
                    92
                ],
                [
                    "202202",
                    81
                ],
                [
                    "202201",
                    81
                ]
            ],
            "rank_gap":-11
        },
        {
            "index":417,
            "아파트명":"한그린",
            "투자타입":"일반",
            "전용면적(m2)":"74.9",
            "전용면적(평)":"22평",
            "법정동주소":"울산시 울주군 온양읍 대안리 409-3",
            "도로명주소":"울산시 울주군 연안8길 31",
            "세대수":0,
            "입주년차":0,
            "용적률점수":"--",
            "건폐율점수":"--",
            "세대당주차수":0,
            "난방방식":30,
            "공급면적":"--",
            "전용률":"--",
            "욕실수":50,
            "현관타입":100,
            "주거총점":18.0,
            "지역구공급총점":0.0,
            "역세권":"NA",
            "30분내 이동가능 거점":"NA",
            "1시간내 이동가능 거점":"NA",
            "교통총점":"NA",
            "백화점":0,
            "아울렛몰":0,
            "대형마트":80,
            "은행":0,
            "병원":0,
            "종합병원":0,
            "공원":100,
            "혐오시설":0,
            "인프라총점":15.0,
            "초등학군":89.99,
            "중학군":49.0,
            "학군총점":57.198,
            "인구수":24.46,
            "인구증감":-0.4,
            "인구총점":17.002,
            "일자리":16.11,
            "소득수준":68.47,
            "일자리총점":31.818,
            "가치 총점":26.5995,
            "매매실거래년":20220212.0,
            "매매실거래가":6950.0,
            "전세실거래년":20200222.0,
            "전세실거래가":5000.0,
            "전세가율":71.94,
            "장기전세가율평균":70.39,
            "전세가율거품지수":-1.55,
            "검색코드":14730,
            "세대수":125.0,
            "준공년월":"1993-03-18",
            "준공년차":30.0,
            "가까운역이름":"NA",
            "가까운역거리":"NA",
            "역세권여부":"NA",
            "30분이내주요거점역":"NA",
            "30분거점역이름":"NA",
            "1시간이내주요거점역":"NA",
            "1시간거점역이름":"NA",
            "3km이내백화점수":0,
            "5km이내아울렛몰수":0,
            "1km이내대형먀트수":1,
            "500m이내은행수":0,
            "500m이내병원수":0,
            "5km이내대형병원수":0,
            "500m이내공원수":4,
            "3km이내혐오시설수":0,
            "초등학교학업성취도":89.99,
            "중학교학업성취도":80.8,
            "용적률":218,
            "건폐율":2,
            "Y":35.40733,
            "X":129.28401,
            "rank":93.0,
            "area_info":"22평(74.9), 28평(93.33), 30평(99.86), 45평(150.94)",
            "last_sales":"2022-02-12,6950.0,22평(74.9)",
            "rank_history":[
                [
                    "202203",
                    93
                ],
                [
                    "202202",
                    82
                ],
                [
                    "202201",
                    91
                ]
            ],
            "rank_gap":-11
        },
        {
            "index":380,
            "아파트명":"상아비취맨션",
            "투자타입":"일반",
            "전용면적(m2)":"73.03",
            "전용면적(평)":"22평",
            "법정동주소":"울산시 울주군 온양읍 대안리 419",
            "도로명주소":"울산시 울주군 연안8길 44-7",
            "세대수":0,
            "입주년차":0,
            "용적률점수":"--",
            "건폐율점수":"--",
            "세대당주차수":0,
            "난방방식":30,
            "공급면적":"--",
            "전용률":"--",
            "욕실수":50,
            "현관타입":100,
            "주거총점":18.0,
            "지역구공급총점":0.0,
            "역세권":"NA",
            "30분내 이동가능 거점":"NA",
            "1시간내 이동가능 거점":"NA",
            "교통총점":"NA",
            "백화점":0,
            "아울렛몰":0,
            "대형마트":80,
            "은행":0,
            "병원":0,
            "종합병원":0,
            "공원":100,
            "혐오시설":0,
            "인프라총점":15.0,
            "초등학군":89.99,
            "중학군":49.0,
            "학군총점":57.198,
            "인구수":24.46,
            "인구증감":-0.4,
            "인구총점":17.002,
            "일자리":16.11,
            "소득수준":68.47,
            "일자리총점":31.818,
            "가치 총점":26.5995,
            "매매실거래년":20220207.0,
            "매매실거래가":6800.0,
            "전세실거래년":20200221.0,
            "전세실거래가":6500.0,
            "전세가율":95.59,
            "장기전세가율평균":70.39,
            "전세가율거품지수":-25.2,
            "검색코드":16285,
            "세대수":150.0,
            "준공년월":"1993-07-16",
            "준공년차":30.0,
            "가까운역이름":"NA",
            "가까운역거리":"NA",
            "역세권여부":"NA",
            "30분이내주요거점역":"NA",
            "30분거점역이름":"NA",
            "1시간이내주요거점역":"NA",
            "1시간거점역이름":"NA",
            "3km이내백화점수":0,
            "5km이내아울렛몰수":0,
            "1km이내대형먀트수":1,
            "500m이내은행수":0,
            "500m이내병원수":0,
            "5km이내대형병원수":0,
            "500m이내공원수":4,
            "3km이내혐오시설수":0,
            "초등학교학업성취도":89.99,
            "중학교학업성취도":80.8,
            "용적률":352,
            "건폐율":27,
            "Y":35.406884,
            "X":129.284087,
            "rank":93.0,
            "area_info":"22평(73.03), 23평(76.87), 30평(99.79), 32평(109.02)",
            "last_sales":"2022-02-07,6800.0,22평(73.03)",
            "rank_history":[
                [
                    "202203",
                    93
                ],
                [
                    "202202",
                    82
                ],
                [
                    "202201",
                    91
                ]
            ],
            "rank_gap":-11
        },
        {
            "index":274,
            "아파트명":"반송대방",
            "투자타입":"일반",
            "전용면적(m2)":"74.94",
            "전용면적(평)":"22평",
            "법정동주소":"울산시 울주군 언양읍 반송리 425-6",
            "도로명주소":"울산시 울주군 언양로 422",
            "세대수":0,
            "입주년차":0,
            "용적률점수":"--",
            "건폐율점수":"--",
            "세대당주차수":0,
            "난방방식":30,
            "공급면적":"--",
            "전용률":"--",
            "욕실수":50,
            "현관타입":100,
            "주거총점":18.0,
            "지역구공급총점":0.0,
            "역세권":"NA",
            "30분내 이동가능 거점":"NA",
            "1시간내 이동가능 거점":"NA",
            "교통총점":"NA",
            "백화점":0,
            "아울렛몰":0,
            "대형마트":0,
            "은행":0,
            "병원":0,
            "종합병원":80,
            "공원":0,
            "혐오시설":0,
            "인프라총점":16.0,
            "초등학군":89.95,
            "중학군":43.72,
            "학군총점":52.966,
            "인구수":24.46,
            "인구증감":-0.4,
            "인구총점":17.002,
            "일자리":16.11,
            "소득수준":68.47,
            "일자리총점":31.818,
            "가치 총점":25.9415,
            "매매실거래년":20220220.0,
            "매매실거래가":10500.0,
            "전세실거래년":null,
            "전세실거래가":null,
            "전세가율":null,
            "장기전세가율평균":70.39,
            "전세가율거품지수":null,
            "검색코드":6679,
            "세대수":194.0,
            "준공년월":"1995-01-16",
            "준공년차":28.0,
            "가까운역이름":"NA",
            "가까운역거리":"NA",
            "역세권여부":"NA",
            "30분이내주요거점역":"NA",
            "30분거점역이름":"NA",
            "1시간이내주요거점역":"NA",
            "1시간거점역이름":"NA",
            "3km이내백화점수":0,
            "5km이내아울렛몰수":0,
            "1km이내대형먀트수":0,
            "500m이내은행수":0,
            "500m이내병원수":0,
            "5km이내대형병원수":1,
            "500m이내공원수":0,
            "3km이내혐오시설수":0,
            "초등학교학업성취도":89.95,
            "중학교학업성취도":72.0,
            "용적률":0,
            "건폐율":0,
            "Y":35.549085,
            "X":129.16701,
            "rank":94.0,
            "area_info":"22평(74.94), 23평(77.58), 31평(102.67), 31평(104.57), 32평(106.91)",
            "last_sales":"2022-02-20,10500.0,32평(106.91)",
            "rank_history":[
                [
                    "202203",
                    94
                ],
                [
                    "202202",
                    83
                ],
                [
                    "202201",
                    83
                ]
            ],
            "rank_gap":-11
        },
        {
            "index":342,
            "아파트명":"무궁화",
            "투자타입":"재건축",
            "전용면적(m2)":"64.72",
            "전용면적(평)":"19평",
            "법정동주소":"울산시 울주군 온산읍 덕신리 336-1",
            "도로명주소":"울산시 울주군 신온9길 45",
            "세대수":30,
            "입주년차":"--",
            "용적률점수":0,
            "건폐율점수":0,
            "세대당주차수":"--",
            "난방방식":"--",
            "공급면적":50,
            "전용률":80,
            "욕실수":"--",
            "현관타입":"--",
            "주거총점":15.5,
            "지역구공급총점":0.0,
            "역세권":"NA",
            "30분내 이동가능 거점":"NA",
            "1시간내 이동가능 거점":"NA",
            "교통총점":"NA",
            "백화점":0,
            "아울렛몰":0,
            "대형마트":80,
            "은행":0,
            "병원":0,
            "종합병원":0,
            "공원":100,
            "혐오시설":0,
            "인프라총점":15.0,
            "초등학군":90.0,
            "중학군":46.84,
            "학군총점":55.472,
            "인구수":24.46,
            "인구증감":-0.4,
            "인구총점":17.002,
            "일자리":16.11,
            "소득수준":68.47,
            "일자리총점":31.818,
            "가치 총점":25.293,
            "매매실거래년":20220211.0,
            "매매실거래가":6400.0,
            "전세실거래년":20220212.0,
            "전세실거래가":5500.0,
            "전세가율":85.94,
            "장기전세가율평균":70.39,
            "전세가율거품지수":-15.55,
            "검색코드":6699,
            "세대수":380.0,
            "준공년월":"1991-05-28",
            "준공년차":32.0,
            "가까운역이름":"NA",
            "가까운역거리":"NA",
            "역세권여부":"NA",
            "30분이내주요거점역":"NA",
            "30분거점역이름":"NA",
            "1시간이내주요거점역":"NA",
            "1시간거점역이름":"NA",
            "3km이내백화점수":0,
            "5km이내아울렛몰수":0,
            "1km이내대형먀트수":1,
            "500m이내은행수":0,
            "500m이내병원수":0,
            "5km이내대형병원수":0,
            "500m이내공원수":2,
            "3km이내혐오시설수":0,
            "초등학교학업성취도":90.0,
            "중학교학업성취도":76.8,
            "용적률":0,
            "건폐율":0,
            "Y":35.426805,
            "X":129.311569,
            "rank":95.0,
            "area_info":"19평(64.72), 19평(64.05), 23평(78.58), 24평(82.23), 27평(91.85), 28평(94.1), 29평(97.32)",
            "last_sales":"2022-02-11,6400.0,19평(64.72)",
            "rank_history":[
                [
                    "202203",
                    95
                ],
                [
                    "202202",
                    84
                ],
                [
                    "202201",
                    84
                ]
            ],
            "rank_gap":-11
        },
        {
            "index":375,
            "아파트명":"상아대안1차",
            "투자타입":"일반",
            "전용면적(m2)":"73.9",
            "전용면적(평)":"22평",
            "법정동주소":"울산시 울주군 온양읍 대안리 400-1",
            "도로명주소":"울산시 울주군 연안1길 3",
            "세대수":0,
            "입주년차":0,
            "용적률점수":"--",
            "건폐율점수":"--",
            "세대당주차수":0,
            "난방방식":30,
            "공급면적":"--",
            "전용률":"--",
            "욕실수":50,
            "현관타입":10,
            "주거총점":9.0,
            "지역구공급총점":0.0,
            "역세권":"NA",
            "30분내 이동가능 거점":"NA",
            "1시간내 이동가능 거점":"NA",
            "교통총점":"NA",
            "백화점":0,
            "아울렛몰":0,
            "대형마트":100,
            "은행":0,
            "병원":0,
            "종합병원":0,
            "공원":100,
            "혐오시설":0,
            "인프라총점":18.0,
            "초등학군":89.99,
            "중학군":49.0,
            "학군총점":57.198,
            "인구수":24.46,
            "인구증감":-0.4,
            "인구총점":17.002,
            "일자리":16.11,
            "소득수준":68.47,
            "일자리총점":31.818,
            "가치 총점":24.6495,
            "매매실거래년":20220206.0,
            "매매실거래가":15000.0,
            "전세실거래년":20210629.0,
            "전세실거래가":5000.0,
            "전세가율":62.5,
            "장기전세가율평균":70.39,
            "전세가율거품지수":7.89,
            "검색코드":6734,
            "세대수":217.0,
            "준공년월":"1993-12-09",
            "준공년차":30.0,
            "가까운역이름":"NA",
            "가까운역거리":"NA",
            "역세권여부":"NA",
            "30분이내주요거점역":"NA",
            "30분거점역이름":"NA",
            "1시간이내주요거점역":"NA",
            "1시간거점역이름":"NA",
            "3km이내백화점수":0,
            "5km이내아울렛몰수":0,
            "1km이내대형먀트수":2,
            "500m이내은행수":0,
            "500m이내병원수":0,
            "5km이내대형병원수":0,
            "500m이내공원수":4,
            "3km이내혐오시설수":0,
            "초등학교학업성취도":89.99,
            "중학교학업성취도":80.8,
            "용적률":310,
            "건폐율":28,
            "Y":35.40971,
            "X":129.28218,
            "rank":96.0,
            "area_info":"22평(73.9), 25평(85.43), 29평(96.85), 29평(98.88), 31평(105.14)",
            "last_sales":"2022-02-06,15000.0,31평(105.14)",
            "rank_history":[
                [
                    "202203",
                    96
                ],
                [
                    "202202",
                    85
                ],
                [
                    "202201",
                    94
                ]
            ],
            "rank_gap":-11
        },
        {
            "index":266,
            "아파트명":"동영비취타워",
            "투자타입":"재건축",
            "전용면적(m2)":"89.0",
            "전용면적(평)":"26평",
            "법정동주소":"울산시 울주군 서생면 서생리 200",
            "도로명주소":"울산시 울주군 약수터길 22",
            "세대수":0,
            "입주년차":"--",
            "용적률점수":0,
            "건폐율점수":0,
            "세대당주차수":"--",
            "난방방식":"--",
            "공급면적":70,
            "전용률":60,
            "욕실수":"--",
            "현관타입":"--",
            "주거총점":6.5,
            "지역구공급총점":0.0,
            "역세권":"NA",
            "30분내 이동가능 거점":"NA",
            "1시간내 이동가능 거점":"NA",
            "교통총점":"NA",
            "백화점":0,
            "아울렛몰":0,
            "대형마트":80,
            "은행":0,
            "병원":0,
            "종합병원":0,
            "공원":80,
            "혐오시설":0,
            "인프라총점":14.4,
            "초등학군":89.96,
            "중학군":60.38,
            "학군총점":66.296,
            "인구수":24.46,
            "인구증감":-0.4,
            "인구총점":17.002,
            "일자리":16.11,
            "소득수준":68.47,
            "일자리총점":31.818,
            "가치 총점":24.609,
            "매매실거래년":20210811.0,
            "매매실거래가":8300.0,
            "전세실거래년":20180228.0,
            "전세실거래가":4500.0,
            "전세가율":54.22,
            "장기전세가율평균":70.39,
            "전세가율거품지수":16.17,
            "검색코드":104918,
            "세대수":64.0,
            "준공년월":"1992-03-11",
            "준공년차":31.0,
            "가까운역이름":"NA",
            "가까운역거리":"NA",
            "역세권여부":"NA",
            "30분이내주요거점역":"NA",
            "30분거점역이름":"NA",
            "1시간이내주요거점역":"NA",
            "1시간거점역이름":"NA",
            "3km이내백화점수":0,
            "5km이내아울렛몰수":0,
            "1km이내대형먀트수":1,
            "500m이내은행수":0,
            "500m이내병원수":0,
            "5km이내대형병원수":0,
            "500m이내공원수":1,
            "3km이내혐오시설수":0,
            "초등학교학업성취도":89.96,
            "중학교학업성취도":97.9,
            "용적률":0,
            "건폐율":0,
            "Y":35.383848,
            "X":129.338664,
            "rank":97.0,
            "area_info":"26평(89.0)",
            "last_sales":"2021-08-11,8300.0,26평(89.0)",
            "rank_history":[
                [
                    "202203",
                    97
                ],
                [
                    "202202",
                    9999
                ]
            ],
            "rank_gap":9999
        },
        {
            "index":273,
            "아파트명":"국민",
            "투자타입":"재건축",
            "전용면적(m2)":"52.76",
            "전용면적(평)":"15평",
            "법정동주소":"울산시 울주군 언양읍 서부리 378",
            "도로명주소":"울산시 울주군 웃방천6길 2-5",
            "세대수":0,
            "입주년차":"--",
            "용적률점수":0,
            "건폐율점수":0,
            "세대당주차수":"--",
            "난방방식":"--",
            "공급면적":50,
            "전용률":80,
            "욕실수":"--",
            "현관타입":"--",
            "주거총점":6.5,
            "지역구공급총점":0.0,
            "역세권":"NA",
            "30분내 이동가능 거점":"NA",
            "1시간내 이동가능 거점":"NA",
            "교통총점":"NA",
            "백화점":0,
            "아울렛몰":0,
            "대형마트":0,
            "은행":0,
            "병원":0,
            "종합병원":80,
            "공원":100,
            "혐오시설":0,
            "인프라총점":19.0,
            "초등학군":90.01,
            "중학군":49.32,
            "학군총점":57.458,
            "인구수":24.46,
            "인구증감":-0.4,
            "인구총점":17.002,
            "일자리":16.11,
            "소득수준":68.47,
            "일자리총점":31.818,
            "가치 총점":24.2395,
            "매매실거래년":"18000101",
            "매매실거래가":null,
            "전세실거래년":null,
            "전세실거래가":null,
            "전세가율":null,
            "장기전세가율평균":70.39,
            "전세가율거품지수":null,
            "검색코드":123217,
            "세대수":100.0,
            "준공년월":"1991-02-27",
            "준공년차":32.0,
            "가까운역이름":"NA",
            "가까운역거리":"NA",
            "역세권여부":"NA",
            "30분이내주요거점역":"NA",
            "30분거점역이름":"NA",
            "1시간이내주요거점역":"NA",
            "1시간거점역이름":"NA",
            "3km이내백화점수":0,
            "5km이내아울렛몰수":0,
            "1km이내대형먀트수":0,
            "500m이내은행수":0,
            "500m이내병원수":0,
            "5km이내대형병원수":1,
            "500m이내공원수":3,
            "3km이내혐오시설수":0,
            "초등학교학업성취도":90.01,
            "중학교학업성취도":80.4,
            "용적률":0,
            "건폐율":0,
            "Y":35.569322,
            "X":129.109382,
            "rank":98.0,
            "area_info":"15평(52.76)",
            "last_sales":"1800-01-01,nan,15평(52.76)",
            "rank_history":[
                [
                    "202203",
                    98
                ],
                [
                    "202202",
                    86
                ],
                [
                    "202201",
                    86
                ]
            ],
            "rank_gap":-12
        },
        {
            "index":365,
            "아파트명":"대경",
            "투자타입":"재건축",
            "전용면적(m2)":"72.75",
            "전용면적(평)":"22평",
            "법정동주소":"울산시 울주군 온양읍 대안리 561-2",
            "도로명주소":"울산시 울주군 남창강변로 81",
            "세대수":0,
            "입주년차":"--",
            "용적률점수":0,
            "건폐율점수":0,
            "세대당주차수":"--",
            "난방방식":"--",
            "공급면적":50,
            "전용률":100,
            "욕실수":"--",
            "현관타입":"--",
            "주거총점":7.5,
            "지역구공급총점":0.0,
            "역세권":"NA",
            "30분내 이동가능 거점":"NA",
            "1시간내 이동가능 거점":"NA",
            "교통총점":"NA",
            "백화점":0,
            "아울렛몰":0,
            "대형마트":100,
            "은행":0,
            "병원":0,
            "종합병원":0,
            "공원":100,
            "혐오시설":0,
            "인프라총점":18.0,
            "초등학군":89.99,
            "중학군":49.0,
            "학군총점":57.198,
            "인구수":24.46,
            "인구증감":-0.4,
            "인구총점":17.002,
            "일자리":16.11,
            "소득수준":68.47,
            "일자리총점":31.818,
            "가치 총점":24.1245,
            "매매실거래년":20220218.0,
            "매매실거래가":12300.0,
            "전세실거래년":20210415.0,
            "전세실거래가":4500.0,
            "전세가율":63.38,
            "장기전세가율평균":70.39,
            "전세가율거품지수":7.01,
            "검색코드":16278,
            "세대수":60.0,
            "준공년월":"1990-04-17",
            "준공년차":33.0,
            "가까운역이름":"NA",
            "가까운역거리":"NA",
            "역세권여부":"NA",
            "30분이내주요거점역":"NA",
            "30분거점역이름":"NA",
            "1시간이내주요거점역":"NA",
            "1시간거점역이름":"NA",
            "3km이내백화점수":0,
            "5km이내아울렛몰수":0,
            "1km이내대형먀트수":2,
            "500m이내은행수":0,
            "500m이내병원수":0,
            "5km이내대형병원수":0,
            "500m이내공원수":3,
            "3km이내혐오시설수":0,
            "초등학교학업성취도":89.99,
            "중학교학업성취도":80.8,
            "용적률":0,
            "건폐율":0,
            "Y":35.41329,
            "X":129.28428,
            "rank":99.0,
            "area_info":"22평(72.75), 23평(76.43), 24평(82.03)",
            "last_sales":"2022-02-18,12300.0,24평(82.03)",
            "rank_history":[
                [
                    "202203",
                    99
                ],
                [
                    "202202",
                    9999
                ]
            ],
            "rank_gap":9999
        },
        {
            "index":207,
            "아파트명":"새진흥",
            "투자타입":"재건축",
            "전용면적(m2)":"55.78",
            "전용면적(평)":"16평",
            "법정동주소":"울산시 울주군 삼남읍 교동리 1366",
            "도로명주소":"울산시 울주군 자수정로 31",
            "세대수":0,
            "입주년차":"--",
            "용적률점수":0,
            "건폐율점수":0,
            "세대당주차수":"--",
            "난방방식":"--",
            "공급면적":50,
            "전용률":80,
            "욕실수":"--",
            "현관타입":"--",
            "주거총점":6.5,
            "지역구공급총점":0.0,
            "역세권":"NA",
            "30분내 이동가능 거점":"NA",
            "1시간내 이동가능 거점":"NA",
            "교통총점":"NA",
            "백화점":0,
            "아울렛몰":0,
            "대형마트":0,
            "은행":0,
            "병원":0,
            "종합병원":80,
            "공원":0,
            "혐오시설":0,
            "인프라총점":16.0,
            "초등학군":90.02,
            "중학군":52.9,
            "학군총점":60.324,
            "인구수":24.46,
            "인구증감":-0.4,
            "인구총점":17.002,
            "일자리":16.11,
            "소득수준":68.47,
            "일자리총점":31.818,
            "가치 총점":23.756,
            "매매실거래년":20201220.0,
            "매매실거래가":4500.0,
            "전세실거래년":20130418.0,
            "전세실거래가":2600.0,
            "전세가율":56.52,
            "장기전세가율평균":70.39,
            "전세가율거품지수":13.87,
            "검색코드":109037,
            "세대수":120.0,
            "준공년월":"1989-12-15",
            "준공년차":34.0,
            "가까운역이름":"NA",
            "가까운역거리":"NA",
            "역세권여부":"NA",
            "30분이내주요거점역":"NA",
            "30분거점역이름":"NA",
            "1시간이내주요거점역":"NA",
            "1시간거점역이름":"NA",
            "3km이내백화점수":0,
            "5km이내아울렛몰수":0,
            "1km이내대형먀트수":0,
            "500m이내은행수":0,
            "500m이내병원수":0,
            "5km이내대형병원수":1,
            "500m이내공원수":0,
            "3km이내혐오시설수":0,
            "초등학교학업성취도":90.02,
            "중학교학업성취도":87.1,
            "용적률":0,
            "건폐율":0,
            "Y":35.539851,
            "X":129.106258,
            "rank":100.0,
            "area_info":"16평(55.78), 17평(57.97), 17평(57.36), 18평(61.4), 20평(68.45), 26평(88.63), 28평(94.87)",
            "last_sales":"2020-12-20,4500.0,28평(94.87)",
            "rank_history":[
                [
                    "202203",
                    100
                ],
                [
                    "202202",
                    87
                ],
                [
                    "202201",
                    89
                ]
            ],
            "rank_gap":-13
        },
        {
            "index":190,
            "아파트명":"부일맨션",
            "투자타입":"재건축",
            "전용면적(m2)":"63.74",
            "전용면적(평)":"19평",
            "법정동주소":"울산시 울주군 삼남읍 교동리 1369",
            "도로명주소":"울산시 울주군 자수정로 51",
            "세대수":0,
            "입주년차":"--",
            "용적률점수":0,
            "건폐율점수":0,
            "세대당주차수":"--",
            "난방방식":"--",
            "공급면적":50,
            "전용률":60,
            "욕실수":"--",
            "현관타입":"--",
            "주거총점":5.5,
            "지역구공급총점":0.0,
            "역세권":"NA",
            "30분내 이동가능 거점":"NA",
            "1시간내 이동가능 거점":"NA",
            "교통총점":"NA",
            "백화점":0,
            "아울렛몰":0,
            "대형마트":0,
            "은행":0,
            "병원":0,
            "종합병원":80,
            "공원":0,
            "혐오시설":0,
            "인프라총점":16.0,
            "초등학군":90.02,
            "중학군":52.9,
            "학군총점":60.324,
            "인구수":24.46,
            "인구증감":-0.4,
            "인구총점":17.002,
            "일자리":16.11,
            "소득수준":68.47,
            "일자리총점":31.818,
            "가치 총점":23.406,
            "매매실거래년":20121025.0,
            "매매실거래가":6400.0,
            "전세실거래년":null,
            "전세실거래가":null,
            "전세가율":null,
            "장기전세가율평균":70.39,
            "전세가율거품지수":null,
            "검색코드":109049,
            "세대수":66.0,
            "준공년월":"1991-09-14",
            "준공년차":32.0,
            "가까운역이름":"NA",
            "가까운역거리":"NA",
            "역세권여부":"NA",
            "30분이내주요거점역":"NA",
            "30분거점역이름":"NA",
            "1시간이내주요거점역":"NA",
            "1시간거점역이름":"NA",
            "3km이내백화점수":0,
            "5km이내아울렛몰수":0,
            "1km이내대형먀트수":0,
            "500m이내은행수":0,
            "500m이내병원수":0,
            "5km이내대형병원수":1,
            "500m이내공원수":0,
            "3km이내혐오시설수":0,
            "초등학교학업성취도":90.02,
            "중학교학업성취도":87.1,
            "용적률":0,
            "건폐율":0,
            "Y":35.539128,
            "X":129.105487,
            "rank":101.0,
            "area_info":"19평(63.74), 23평(78.62), 24평(80.74), 25평(85.26), 27평(91.96), 28평(93.3), 28평(94.85), 30평(101.63), 31평(103.61)",
            "last_sales":"2012-10-25,6400.0,31평(103.61)",
            "rank_history":[
                [
                    "202203",
                    101
                ],
                [
                    "202202",
                    9999
                ]
            ],
            "rank_gap":9999
        },
        {
            "index":263,
            "아파트명":"청구골든맨션",
            "투자타입":"재건축",
            "전용면적(m2)":"73.32",
            "전용면적(평)":"22평",
            "법정동주소":"울산시 울주군 상북면 향산리 603-47",
            "도로명주소":"울산시 울주군 상북로 17-5",
            "세대수":0,
            "입주년차":"--",
            "용적률점수":0,
            "건폐율점수":0,
            "세대당주차수":"--",
            "난방방식":"--",
            "공급면적":50,
            "전용률":100,
            "욕실수":"--",
            "현관타입":"--",
            "주거총점":7.5,
            "지역구공급총점":0.0,
            "역세권":"NA",
            "30분내 이동가능 거점":"NA",
            "1시간내 이동가능 거점":"NA",
            "교통총점":"NA",
            "백화점":0,
            "아울렛몰":0,
            "대형마트":0,
            "은행":0,
            "병원":0,
            "종합병원":80,
            "공원":0,
            "혐오시설":0,
            "인프라총점":16.0,
            "초등학군":90.01,
            "중학군":49.32,
            "학군총점":57.458,
            "인구수":24.46,
            "인구증감":-0.4,
            "인구총점":17.002,
            "일자리":16.11,
            "소득수준":68.47,
            "일자리총점":31.818,
            "가치 총점":23.3895,
            "매매실거래년":20210928.0,
            "매매실거래가":9500.0,
            "전세실거래년":20201201.0,
            "전세실거래가":4000.0,
            "전세가율":42.11,
            "장기전세가율평균":70.39,
            "전세가율거품지수":28.28,
            "검색코드":14724,
            "세대수":118.0,
            "준공년월":"1990-12-03",
            "준공년차":33.0,
            "가까운역이름":"NA",
            "가까운역거리":"NA",
            "역세권여부":"NA",
            "30분이내주요거점역":"NA",
            "30분거점역이름":"NA",
            "1시간이내주요거점역":"NA",
            "1시간거점역이름":"NA",
            "3km이내백화점수":0,
            "5km이내아울렛몰수":0,
            "1km이내대형먀트수":0,
            "500m이내은행수":0,
            "500m이내병원수":0,
            "5km이내대형병원수":1,
            "500m이내공원수":0,
            "3km이내혐오시설수":0,
            "초등학교학업성취도":90.01,
            "중학교학업성취도":80.4,
            "용적률":0,
            "건폐율":0,
            "Y":35.572498,
            "X":129.106133,
            "rank":102.0,
            "area_info":"22평(73.32), 25평(82.84), 26평(86.94)",
            "last_sales":"2021-09-28,9500.0,22평(73.32)",
            "rank_history":[
                [
                    "202203",
                    102
                ],
                [
                    "202202",
                    89
                ],
                [
                    "202201",
                    88
                ]
            ],
            "rank_gap":-13
        },
        {
            "index":396,
            "아파트명":"영원",
            "투자타입":"일반",
            "전용면적(m2)":"83.25",
            "전용면적(평)":"25평",
            "법정동주소":"울산시 울주군 온양읍 운화리 14",
            "도로명주소":"울산시 울주군 온양로 38-2",
            "세대수":0,
            "입주년차":0,
            "용적률점수":"--",
            "건폐율점수":"--",
            "세대당주차수":0,
            "난방방식":30,
            "공급면적":"--",
            "전용률":"--",
            "욕실수":50,
            "현관타입":10,
            "주거총점":9.0,
            "지역구공급총점":0.0,
            "역세권":"NA",
            "30분내 이동가능 거점":"NA",
            "1시간내 이동가능 거점":"NA",
            "교통총점":"NA",
            "백화점":0,
            "아울렛몰":0,
            "대형마트":80,
            "은행":0,
            "병원":0,
            "종합병원":0,
            "공원":80,
            "혐오시설":0,
            "인프라총점":14.4,
            "초등학군":89.99,
            "중학군":49.0,
            "학군총점":57.198,
            "인구수":24.46,
            "인구증감":-0.4,
            "인구총점":17.002,
            "일자리":16.11,
            "소득수준":68.47,
            "일자리총점":31.818,
            "가치 총점":23.2095,
            "매매실거래년":20211218.0,
            "매매실거래가":13000.0,
            "전세실거래년":20200819.0,
            "전세실거래가":6000.0,
            "전세가율":73.17,
            "장기전세가율평균":70.39,
            "전세가율거품지수":-2.78,
            "검색코드":14728,
            "세대수":113.0,
            "준공년월":"1994-06-02",
            "준공년차":29.0,
            "가까운역이름":"NA",
            "가까운역거리":"NA",
            "역세권여부":"NA",
            "30분이내주요거점역":"NA",
            "30분거점역이름":"NA",
            "1시간이내주요거점역":"NA",
            "1시간거점역이름":"NA",
            "3km이내백화점수":0,
            "5km이내아울렛몰수":0,
            "1km이내대형먀트수":1,
            "500m이내은행수":0,
            "500m이내병원수":0,
            "5km이내대형병원수":0,
            "500m이내공원수":1,
            "3km이내혐오시설수":0,
            "초등학교학업성취도":89.99,
            "중학교학업성취도":80.8,
            "용적률":301,
            "건폐율":33,
            "Y":35.41358,
            "X":129.27675,
            "rank":103.0,
            "area_info":"25평(83.25), 35평(116.38), 35평(117.82)",
            "last_sales":"2021-12-18,13000.0,35평(117.82)",
            "rank_history":[
                [
                    "202203",
                    103
                ],
                [
                    "202202",
                    88
                ],
                [
                    "202201",
                    95
                ]
            ],
            "rank_gap":-15
        },
        {
            "index":259,
            "아파트명":"청구가든",
            "투자타입":"재건축",
            "전용면적(m2)":"57.79",
            "전용면적(평)":"17평",
            "법정동주소":"울산시 울주군 상북면 향산리 603-22",
            "도로명주소":"울산시 울주군 상북로 17-11",
            "세대수":0,
            "입주년차":"--",
            "용적률점수":0,
            "건폐율점수":0,
            "세대당주차수":"--",
            "난방방식":"--",
            "공급면적":50,
            "전용률":80,
            "욕실수":"--",
            "현관타입":"--",
            "주거총점":6.5,
            "지역구공급총점":0.0,
            "역세권":"NA",
            "30분내 이동가능 거점":"NA",
            "1시간내 이동가능 거점":"NA",
            "교통총점":"NA",
            "백화점":0,
            "아울렛몰":0,
            "대형마트":0,
            "은행":0,
            "병원":0,
            "종합병원":80,
            "공원":0,
            "혐오시설":0,
            "인프라총점":16.0,
            "초등학군":90.01,
            "중학군":49.32,
            "학군총점":57.458,
            "인구수":24.46,
            "인구증감":-0.4,
            "인구총점":17.002,
            "일자리":16.11,
            "소득수준":68.47,
            "일자리총점":31.818,
            "가치 총점":23.0395,
            "매매실거래년":20211209.0,
            "매매실거래가":7000.0,
            "전세실거래년":20210309.0,
            "전세실거래가":3500.0,
            "전세가율":50.0,
            "장기전세가율평균":70.39,
            "전세가율거품지수":20.39,
            "검색코드":121842,
            "세대수":150.0,
            "준공년월":"1990-01-16",
            "준공년차":33.0,
            "가까운역이름":"NA",
            "가까운역거리":"NA",
            "역세권여부":"NA",
            "30분이내주요거점역":"NA",
            "30분거점역이름":"NA",
            "1시간이내주요거점역":"NA",
            "1시간거점역이름":"NA",
            "3km이내백화점수":0,
            "5km이내아울렛몰수":0,
            "1km이내대형먀트수":0,
            "500m이내은행수":0,
            "500m이내병원수":0,
            "5km이내대형병원수":1,
            "500m이내공원수":0,
            "3km이내혐오시설수":0,
            "초등학교학업성취도":90.01,
            "중학교학업성취도":80.4,
            "용적률":0,
            "건폐율":0,
            "Y":35.573033,
            "X":129.105207,
            "rank":104.0,
            "area_info":"17평(57.79), 20평(67.13), 20평(67.93), 22평(75.23)",
            "last_sales":"2021-12-09,7000.0,17평(57.79)",
            "rank_history":[
                [
                    "202203",
                    104
                ],
                [
                    "202202",
                    91
                ],
                [
                    "202201",
                    90
                ]
            ],
            "rank_gap":-13
        },
        {
            "index":399,
            "아파트명":"우주그린가든",
            "투자타입":"재건축",
            "전용면적(m2)":"59.58",
            "전용면적(평)":"18평",
            "법정동주소":"울산시 울주군 온양읍 대안리 266-2",
            "도로명주소":"울산시 울주군 화산발리로 712",
            "세대수":0,
            "입주년차":"--",
            "용적률점수":0,
            "건폐율점수":0,
            "세대당주차수":"--",
            "난방방식":"--",
            "공급면적":50,
            "전용률":100,
            "욕실수":"--",
            "현관타입":"--",
            "주거총점":7.5,
            "지역구공급총점":0.0,
            "역세권":"NA",
            "30분내 이동가능 거점":"NA",
            "1시간내 이동가능 거점":"NA",
            "교통총점":"NA",
            "백화점":0,
            "아울렛몰":0,
            "대형마트":80,
            "은행":0,
            "병원":0,
            "종합병원":0,
            "공원":100,
            "혐오시설":0,
            "인프라총점":15.0,
            "초등학군":89.99,
            "중학군":49.0,
            "학군총점":57.198,
            "인구수":24.46,
            "인구증감":-0.4,
            "인구총점":17.002,
            "일자리":16.11,
            "소득수준":68.47,
            "일자리총점":31.818,
            "가치 총점":22.9245,
            "매매실거래년":20220216.0,
            "매매실거래가":8800.0,
            "전세실거래년":20220121.0,
            "전세실거래가":6000.0,
            "전세가율":68.18,
            "장기전세가율평균":70.39,
            "전세가율거품지수":2.21,
            "검색코드":6738,
            "세대수":226.0,
            "준공년월":"1992-10-24",
            "준공년차":31.0,
            "가까운역이름":"NA",
            "가까운역거리":"NA",
            "역세권여부":"NA",
            "30분이내주요거점역":"NA",
            "30분거점역이름":"NA",
            "1시간이내주요거점역":"NA",
            "1시간거점역이름":"NA",
            "3km이내백화점수":0,
            "5km이내아울렛몰수":0,
            "1km이내대형먀트수":1,
            "500m이내은행수":0,
            "500m이내병원수":0,
            "5km이내대형병원수":0,
            "500m이내공원수":2,
            "3km이내혐오시설수":0,
            "초등학교학업성취도":89.99,
            "중학교학업성취도":80.8,
            "용적률":0,
            "건폐율":0,
            "Y":35.404703,
            "X":129.288258,
            "rank":105.0,
            "area_info":"18평(59.58), 25평(84.28)",
            "last_sales":"2022-02-16,8800.0,18평(59.58)",
            "rank_history":[
                [
                    "202203",
                    105
                ],
                [
                    "202202",
                    90
                ],
                [
                    "202201",
                    97
                ]
            ],
            "rank_gap":-15
        },
        {
            "index":201,
            "아파트명":"삼아(102,103,105동)",
            "투자타입":"일반",
            "전용면적(m2)":"68.49",
            "전용면적(평)":"20평",
            "법정동주소":"울산시 울주군 삼남읍 방기리 565-2",
            "도로명주소":"울산시 울주군 방기5길 22",
            "세대수":0,
            "입주년차":0,
            "용적률점수":"--",
            "건폐율점수":"--",
            "세대당주차수":0,
            "난방방식":30,
            "공급면적":"--",
            "전용률":"--",
            "욕실수":50,
            "현관타입":100,
            "주거총점":18.0,
            "지역구공급총점":0.0,
            "역세권":"NA",
            "30분내 이동가능 거점":"NA",
            "1시간내 이동가능 거점":"NA",
            "교통총점":"NA",
            "백화점":0,
            "아울렛몰":0,
            "대형마트":0,
            "은행":0,
            "병원":0,
            "종합병원":0,
            "공원":100,
            "혐오시설":0,
            "인프라총점":3.0,
            "초등학군":89.95,
            "중학군":52.9,
            "학군총점":60.31,
            "인구수":24.46,
            "인구증감":-0.4,
            "인구총점":17.002,
            "일자리":16.11,
            "소득수준":68.47,
            "일자리총점":31.818,
            "가치 총점":22.5775,
            "매매실거래년":20170919.0,
            "매매실거래가":6650.0,
            "전세실거래년":20190720.0,
            "전세실거래가":3000.0,
            "전세가율":100.0,
            "장기전세가율평균":70.39,
            "전세가율거품지수":-29.61,
            "검색코드":26598,
            "세대수":169.0,
            "준공년월":"1993-04-17",
            "준공년차":30.0,
            "가까운역이름":"NA",
            "가까운역거리":"NA",
            "역세권여부":"NA",
            "30분이내주요거점역":"NA",
            "30분거점역이름":"NA",
            "1시간이내주요거점역":"NA",
            "1시간거점역이름":"NA",
            "3km이내백화점수":0,
            "5km이내아울렛몰수":0,
            "1km이내대형먀트수":0,
            "500m이내은행수":0,
            "500m이내병원수":0,
            "5km이내대형병원수":0,
            "500m이내공원수":5,
            "3km이내혐오시설수":0,
            "초등학교학업성취도":89.95,
            "중학교학업성취도":87.1,
            "용적률":0,
            "건폐율":0,
            "Y":35.509094,
            "X":129.084891,
            "rank":106.0,
            "area_info":"20평(68.49), 23평(78.96), 23평(79.26), 25평(84.39), 25평(84.02), 25평(84.74)",
            "last_sales":"2017-09-19,6650.0,25평(84.74)",
            "rank_history":[
                [
                    "202203",
                    106
                ],
                [
                    "202202",
                    92
                ],
                [
                    "202201",
                    93
                ]
            ],
            "rank_gap":-14
        },
        {
            "index":368,
            "아파트명":"동호그린파크",
            "투자타입":"재건축",
            "전용면적(m2)":"60.69",
            "전용면적(평)":"18평",
            "법정동주소":"울산시 울주군 온양읍 운화리 5-1",
            "도로명주소":"울산시 울주군 태화7길 12",
            "세대수":0,
            "입주년차":"--",
            "용적률점수":0,
            "건폐율점수":0,
            "세대당주차수":"--",
            "난방방식":"--",
            "공급면적":50,
            "전용률":80,
            "욕실수":"--",
            "현관타입":"--",
            "주거총점":6.5,
            "지역구공급총점":0.0,
            "역세권":"NA",
            "30분내 이동가능 거점":"NA",
            "1시간내 이동가능 거점":"NA",
            "교통총점":"NA",
            "백화점":0,
            "아울렛몰":0,
            "대형마트":80,
            "은행":0,
            "병원":0,
            "종합병원":0,
            "공원":80,
            "혐오시설":0,
            "인프라총점":14.4,
            "초등학군":89.99,
            "중학군":49.0,
            "학군총점":57.198,
            "인구수":24.46,
            "인구증감":-0.4,
            "인구총점":17.002,
            "일자리":16.11,
            "소득수준":68.47,
            "일자리총점":31.818,
            "가치 총점":22.3345,
            "매매실거래년":20211104.0,
            "매매실거래가":6300.0,
            "전세실거래년":20211211.0,
            "전세실거래가":6000.0,
            "전세가율":95.24,
            "장기전세가율평균":70.39,
            "전세가율거품지수":-24.85,
            "검색코드":16283,
            "세대수":56.0,
            "준공년월":"1992-01-30",
            "준공년차":31.0,
            "가까운역이름":"NA",
            "가까운역거리":"NA",
            "역세권여부":"NA",
            "30분이내주요거점역":"NA",
            "30분거점역이름":"NA",
            "1시간이내주요거점역":"NA",
            "1시간거점역이름":"NA",
            "3km이내백화점수":0,
            "5km이내아울렛몰수":0,
            "1km이내대형먀트수":1,
            "500m이내은행수":0,
            "500m이내병원수":0,
            "5km이내대형병원수":0,
            "500m이내공원수":1,
            "3km이내혐오시설수":0,
            "초등학교학업성취도":89.99,
            "중학교학업성취도":80.8,
            "용적률":0,
            "건폐율":0,
            "Y":35.41383,
            "X":129.27821,
            "rank":107.0,
            "area_info":"18평(60.69), 20평(66.43), 25평(85.04), 28평(93.48)",
            "last_sales":"2021-11-04,6300.0,18평(60.69)",
            "rank_history":[
                [
                    "202203",
                    107
                ],
                [
                    "202202",
                    9999
                ]
            ],
            "rank_gap":9999
        },
        {
            "index":255,
            "아파트명":"진우훼밀리아",
            "투자타입":"일반",
            "전용면적(m2)":"74.97",
            "전용면적(평)":"22평",
            "법정동주소":"울산시 울주군 상북면 궁근정리 846-14",
            "도로명주소":"울산시 울주군 신기길 26",
            "세대수":0,
            "입주년차":0,
            "용적률점수":"--",
            "건폐율점수":"--",
            "세대당주차수":0,
            "난방방식":30,
            "공급면적":"--",
            "전용률":"--",
            "욕실수":50,
            "현관타입":100,
            "주거총점":18.0,
            "지역구공급총점":0.0,
            "역세권":"NA",
            "30분내 이동가능 거점":"NA",
            "1시간내 이동가능 거점":"NA",
            "교통총점":"NA",
            "백화점":0,
            "아울렛몰":0,
            "대형마트":0,
            "은행":0,
            "병원":0,
            "종합병원":0,
            "공원":0,
            "혐오시설":0,
            "인프라총점":0.0,
            "초등학군":90.0,
            "중학군":57.48,
            "학군총점":63.984,
            "인구수":24.46,
            "인구증감":-0.4,
            "인구총점":17.002,
            "일자리":16.11,
            "소득수준":68.47,
            "일자리총점":31.818,
            "가치 총점":22.296,
            "매매실거래년":20210911.0,
            "매매실거래가":8700.0,
            "전세실거래년":20210822.0,
            "전세실거래가":4500.0,
            "전세가율":77.59,
            "장기전세가율평균":70.39,
            "전세가율거품지수":-7.2,
            "검색코드":14722,
            "세대수":172.0,
            "준공년월":"1993-11-05",
            "준공년차":30.0,
            "가까운역이름":"NA",
            "가까운역거리":"NA",
            "역세권여부":"NA",
            "30분이내주요거점역":"NA",
            "30분거점역이름":"NA",
            "1시간이내주요거점역":"NA",
            "1시간거점역이름":"NA",
            "3km이내백화점수":0,
            "5km이내아울렛몰수":0,
            "1km이내대형먀트수":0,
            "500m이내은행수":0,
            "500m이내병원수":0,
            "5km이내대형병원수":0,
            "500m이내공원수":0,
            "3km이내혐오시설수":0,
            "초등학교학업성취도":90.0,
            "중학교학업성취도":95.8,
            "용적률":275,
            "건폐율":25,
            "Y":35.615808,
            "X":129.073118,
            "rank":108.0,
            "area_info":"22평(74.97), 22평(74.83), 24평(82.63), 28평(93.16)",
            "last_sales":"2021-09-11,8700.0,28평(93.16)",
            "rank_history":[
                [
                    "202203",
                    108
                ],
                [
                    "202202",
                    93
                ],
                [
                    "202201",
                    92
                ]
            ],
            "rank_gap":-15
        },
        {
            "index":292,
            "아파트명":"세명그린파크",
            "투자타입":"일반",
            "전용면적(m2)":"79.14",
            "전용면적(평)":"23평",
            "법정동주소":"울산시 울주군 언양읍 반천리 322-3",
            "도로명주소":"울산시 울주군 대암둔기로 1",
            "세대수":0,
            "입주년차":0,
            "용적률점수":"--",
            "건폐율점수":"--",
            "세대당주차수":0,
            "난방방식":30,
            "공급면적":"--",
            "전용률":"--",
            "욕실수":50,
            "현관타입":100,
            "주거총점":18.0,
            "지역구공급총점":0.0,
            "역세권":"NA",
            "30분내 이동가능 거점":"NA",
            "1시간내 이동가능 거점":"NA",
            "교통총점":"NA",
            "백화점":0,
            "아울렛몰":0,
            "대형마트":0,
            "은행":0,
            "병원":0,
            "종합병원":0,
            "공원":0,
            "혐오시설":0,
            "인프라총점":0.0,
            "초등학군":89.95,
            "중학군":49.74,
            "학군총점":57.782,
            "인구수":24.46,
            "인구증감":-0.4,
            "인구총점":17.002,
            "일자리":16.11,
            "소득수준":68.47,
            "일자리총점":31.818,
            "가치 총점":20.7455,
            "매매실거래년":20211206.0,
            "매매실거래가":7500.0,
            "전세실거래년":20171103.0,
            "전세실거래가":6500.0,
            "전세가율":86.67,
            "장기전세가율평균":70.39,
            "전세가율거품지수":-16.28,
            "검색코드":127167,
            "세대수":71.0,
            "준공년월":"1993-03-13",
            "준공년차":30.0,
            "가까운역이름":"NA",
            "가까운역거리":"NA",
            "역세권여부":"NA",
            "30분이내주요거점역":"NA",
            "30분거점역이름":"NA",
            "1시간이내주요거점역":"NA",
            "1시간거점역이름":"NA",
            "3km이내백화점수":0,
            "5km이내아울렛몰수":0,
            "1km이내대형먀트수":0,
            "500m이내은행수":0,
            "500m이내병원수":0,
            "5km이내대형병원수":0,
            "500m이내공원수":0,
            "3km이내혐오시설수":0,
            "초등학교학업성취도":89.95,
            "중학교학업성취도":82.7,
            "용적률":337,
            "건폐율":29,
            "Y":35.553949,
            "X":129.178522,
            "rank":109.0,
            "area_info":"23평(79.14), 31평(103.64), 33평(111.93)",
            "last_sales":"2021-12-06,7500.0,23평(79.14)",
            "rank_history":[
                [
                    "202203",
                    109
                ],
                [
                    "202202",
                    9999
                ]
            ],
            "rank_gap":9999
        },
        {
            "index":387,
            "아파트명":"성우빌리지",
            "투자타입":"일반",
            "전용면적(m2)":"72.45",
            "전용면적(평)":"21평",
            "법정동주소":"울산시 울주군 온양읍 망양리 481-101",
            "도로명주소":"울산시 울주군 터실1길 5",
            "세대수":0,
            "입주년차":0,
            "용적률점수":"--",
            "건폐율점수":"--",
            "세대당주차수":0,
            "난방방식":30,
            "공급면적":"--",
            "전용률":"--",
            "욕실수":50,
            "현관타입":100,
            "주거총점":18.0,
            "지역구공급총점":0.0,
            "역세권":"NA",
            "30분내 이동가능 거점":"NA",
            "1시간내 이동가능 거점":"NA",
            "교통총점":"NA",
            "백화점":0,
            "아울렛몰":0,
            "대형마트":0,
            "은행":0,
            "병원":0,
            "종합병원":0,
            "공원":0,
            "혐오시설":0,
            "인프라총점":0.0,
            "초등학군":89.99,
            "중학군":46.84,
            "학군총점":55.47,
            "인구수":24.46,
            "인구증감":-0.4,
            "인구총점":17.002,
            "일자리":16.11,
            "소득수준":68.47,
            "일자리총점":31.818,
            "가치 총점":20.1675,
            "매매실거래년":20211030.0,
            "매매실거래가":8200.0,
            "전세실거래년":20211030.0,
            "전세실거래가":6000.0,
            "전세가율":73.17,
            "장기전세가율평균":70.39,
            "전세가율거품지수":-2.78,
            "검색코드":121194,
            "세대수":90.0,
            "준공년월":"1997-03-27",
            "준공년차":26.0,
            "가까운역이름":"NA",
            "가까운역거리":"NA",
            "역세권여부":"NA",
            "30분이내주요거점역":"NA",
            "30분거점역이름":"NA",
            "1시간이내주요거점역":"NA",
            "1시간거점역이름":"NA",
            "3km이내백화점수":0,
            "5km이내아울렛몰수":0,
            "1km이내대형먀트수":0,
            "500m이내은행수":0,
            "500m이내병원수":0,
            "5km이내대형병원수":0,
            "500m이내공원수":0,
            "3km이내혐오시설수":0,
            "초등학교학업성취도":89.99,
            "중학교학업성취도":76.8,
            "용적률":303,
            "건폐율":32,
            "Y":35.455246,
            "X":129.289822,
            "rank":110.0,
            "area_info":"21평(72.45), 24평(80.27), 30평(100.84)",
            "last_sales":"2021-10-30,8200.0,21평(72.45)",
            "rank_history":[
                [
                    "202203",
                    110
                ],
                [
                    "202202",
                    9999
                ]
            ],
            "rank_gap":9999
        },
        {
            "index":199,
            "아파트명":"삼아(101동)",
            "투자타입":"재건축",
            "전용면적(m2)":"78.81",
            "전용면적(평)":"23평",
            "법정동주소":"울산시 울주군 삼남읍 방기리 602",
            "도로명주소":"울산시 울주군 방기5길 23",
            "세대수":0,
            "입주년차":"--",
            "용적률점수":0,
            "건폐율점수":0,
            "세대당주차수":"--",
            "난방방식":"--",
            "공급면적":50,
            "전용률":80,
            "욕실수":"--",
            "현관타입":"--",
            "주거총점":6.5,
            "지역구공급총점":0.0,
            "역세권":"NA",
            "30분내 이동가능 거점":"NA",
            "1시간내 이동가능 거점":"NA",
            "교통총점":"NA",
            "백화점":0,
            "아울렛몰":0,
            "대형마트":0,
            "은행":0,
            "병원":0,
            "종합병원":0,
            "공원":100,
            "혐오시설":0,
            "인프라총점":3.0,
            "초등학군":89.95,
            "중학군":52.9,
            "학군총점":60.31,
            "인구수":24.46,
            "인구증감":-0.4,
            "인구총점":17.002,
            "일자리":16.11,
            "소득수준":68.47,
            "일자리총점":31.818,
            "가치 총점":18.5525,
            "매매실거래년":20210920.0,
            "매매실거래가":3500.0,
            "전세실거래년":20110819.0,
            "전세실거래가":2000.0,
            "전세가율":57.14,
            "장기전세가율평균":70.39,
            "전세가율거품지수":13.25,
            "검색코드":104465,
            "세대수":69.0,
            "준공년월":"1992-01-22",
            "준공년차":31.0,
            "가까운역이름":"NA",
            "가까운역거리":"NA",
            "역세권여부":"NA",
            "30분이내주요거점역":"NA",
            "30분거점역이름":"NA",
            "1시간이내주요거점역":"NA",
            "1시간거점역이름":"NA",
            "3km이내백화점수":0,
            "5km이내아울렛몰수":0,
            "1km이내대형먀트수":0,
            "500m이내은행수":0,
            "500m이내병원수":0,
            "5km이내대형병원수":0,
            "500m이내공원수":5,
            "3km이내혐오시설수":0,
            "초등학교학업성취도":89.95,
            "중학교학업성취도":87.1,
            "용적률":0,
            "건폐율":0,
            "Y":35.509058,
            "X":129.084891,
            "rank":111.0,
            "area_info":"23평(78.81), 30평(99.85)",
            "last_sales":"2021-09-20,3500.0,23평(78.81)",
            "rank_history":[
                [
                    "202203",
                    111
                ],
                [
                    "202202",
                    9999
                ]
            ],
            "rank_gap":9999
        },
        {
            "index":252,
            "아파트명":"광천그린파크",
            "투자타입":"재건축",
            "전용면적(m2)":"63.16",
            "전용면적(평)":"19평",
            "법정동주소":"울산시 울주군 상북면 궁근정리 916-10",
            "도로명주소":"울산시 울주군 신기3길 12",
            "세대수":0,
            "입주년차":"--",
            "용적률점수":0,
            "건폐율점수":0,
            "세대당주차수":"--",
            "난방방식":"--",
            "공급면적":50,
            "전용률":80,
            "욕실수":"--",
            "현관타입":"--",
            "주거총점":6.5,
            "지역구공급총점":0.0,
            "역세권":"NA",
            "30분내 이동가능 거점":"NA",
            "1시간내 이동가능 거점":"NA",
            "교통총점":"NA",
            "백화점":0,
            "아울렛몰":0,
            "대형마트":0,
            "은행":0,
            "병원":0,
            "종합병원":0,
            "공원":0,
            "혐오시설":0,
            "인프라총점":0.0,
            "초등학군":90.0,
            "중학군":57.48,
            "학군총점":63.984,
            "인구수":24.46,
            "인구증감":-0.4,
            "인구총점":17.002,
            "일자리":16.11,
            "소득수준":68.47,
            "일자리총점":31.818,
            "가치 총점":18.271,
            "매매실거래년":20220125.0,
            "매매실거래가":4000.0,
            "전세실거래년":20191208.0,
            "전세실거래가":1500.0,
            "전세가율":37.5,
            "장기전세가율평균":70.39,
            "전세가율거품지수":32.89,
            "검색코드":115844,
            "세대수":192.0,
            "준공년월":"1991-12-18",
            "준공년차":32.0,
            "가까운역이름":"NA",
            "가까운역거리":"NA",
            "역세권여부":"NA",
            "30분이내주요거점역":"NA",
            "30분거점역이름":"NA",
            "1시간이내주요거점역":"NA",
            "1시간거점역이름":"NA",
            "3km이내백화점수":0,
            "5km이내아울렛몰수":0,
            "1km이내대형먀트수":0,
            "500m이내은행수":0,
            "500m이내병원수":0,
            "5km이내대형병원수":0,
            "500m이내공원수":0,
            "3km이내혐오시설수":0,
            "초등학교학업성취도":90.0,
            "중학교학업성취도":95.8,
            "용적률":0,
            "건폐율":0,
            "Y":35.619948,
            "X":129.071081,
            "rank":112.0,
            "area_info":"19평(63.16), 20평(67.8), 20평(68.06)",
            "last_sales":"2022-01-25,4000.0,19평(63.16)",
            "rank_history":[
                [
                    "202203",
                    112
                ],
                [
                    "202202",
                    94
                ],
                [
                    "202201",
                    96
                ]
            ],
            "rank_gap":-18
        }
    ]
}