{
    "schema":{
        "fields":[
            {
                "name":"index",
                "type":"integer"
            },
            {
                "name":"아파트명",
                "type":"string"
            },
            {
                "name":"투자타입",
                "type":"string"
            },
            {
                "name":"전용면적(m2)",
                "type":"string"
            },
            {
                "name":"전용면적(평)",
                "type":"string"
            },
            {
                "name":"법정동주소",
                "type":"string"
            },
            {
                "name":"도로명주소",
                "type":"string"
            },
            {
                "name":"세대수",
                "type":"integer"
            },
            {
                "name":"입주년차",
                "type":"string"
            },
            {
                "name":"용적률점수",
                "type":"string"
            },
            {
                "name":"건폐율점수",
                "type":"string"
            },
            {
                "name":"세대당주차수",
                "type":"string"
            },
            {
                "name":"난방방식",
                "type":"string"
            },
            {
                "name":"공급면적",
                "type":"string"
            },
            {
                "name":"전용률",
                "type":"string"
            },
            {
                "name":"욕실수",
                "type":"string"
            },
            {
                "name":"현관타입",
                "type":"string"
            },
            {
                "name":"주거총점",
                "type":"number"
            },
            {
                "name":"지역구공급총점",
                "type":"number"
            },
            {
                "name":"역세권",
                "type":"string"
            },
            {
                "name":"30분내 이동가능 거점",
                "type":"string"
            },
            {
                "name":"1시간내 이동가능 거점",
                "type":"string"
            },
            {
                "name":"교통총점",
                "type":"string"
            },
            {
                "name":"백화점",
                "type":"integer"
            },
            {
                "name":"아울렛몰",
                "type":"integer"
            },
            {
                "name":"대형마트",
                "type":"integer"
            },
            {
                "name":"은행",
                "type":"integer"
            },
            {
                "name":"병원",
                "type":"integer"
            },
            {
                "name":"종합병원",
                "type":"integer"
            },
            {
                "name":"공원",
                "type":"integer"
            },
            {
                "name":"혐오시설",
                "type":"integer"
            },
            {
                "name":"인프라총점",
                "type":"number"
            },
            {
                "name":"초등학군",
                "type":"number"
            },
            {
                "name":"중학군",
                "type":"number"
            },
            {
                "name":"학군총점",
                "type":"number"
            },
            {
                "name":"인구수",
                "type":"number"
            },
            {
                "name":"인구증감",
                "type":"number"
            },
            {
                "name":"인구총점",
                "type":"number"
            },
            {
                "name":"일자리",
                "type":"number"
            },
            {
                "name":"소득수준",
                "type":"number"
            },
            {
                "name":"일자리총점",
                "type":"number"
            },
            {
                "name":"가치 총점",
                "type":"number"
            },
            {
                "name":"매매실거래년",
                "type":"string"
            },
            {
                "name":"매매실거래가",
                "type":"number"
            },
            {
                "name":"전세실거래년",
                "type":"number"
            },
            {
                "name":"전세실거래가",
                "type":"number"
            },
            {
                "name":"전세가율",
                "type":"number"
            },
            {
                "name":"장기전세가율평균",
                "type":"number"
            },
            {
                "name":"전세가율거품지수",
                "type":"number"
            },
            {
                "name":"검색코드",
                "type":"integer"
            },
            {
                "name":"세대수",
                "type":"number"
            },
            {
                "name":"준공년월",
                "type":"string"
            },
            {
                "name":"준공년차",
                "type":"number"
            },
            {
                "name":"가까운역이름",
                "type":"string"
            },
            {
                "name":"가까운역거리",
                "type":"string"
            },
            {
                "name":"역세권여부",
                "type":"string"
            },
            {
                "name":"30분이내주요거점역",
                "type":"string"
            },
            {
                "name":"30분거점역이름",
                "type":"string"
            },
            {
                "name":"1시간이내주요거점역",
                "type":"string"
            },
            {
                "name":"1시간거점역이름",
                "type":"string"
            },
            {
                "name":"3km이내백화점수",
                "type":"integer"
            },
            {
                "name":"5km이내아울렛몰수",
                "type":"integer"
            },
            {
                "name":"1km이내대형먀트수",
                "type":"integer"
            },
            {
                "name":"500m이내은행수",
                "type":"integer"
            },
            {
                "name":"500m이내병원수",
                "type":"integer"
            },
            {
                "name":"5km이내대형병원수",
                "type":"integer"
            },
            {
                "name":"500m이내공원수",
                "type":"integer"
            },
            {
                "name":"3km이내혐오시설수",
                "type":"integer"
            },
            {
                "name":"초등학교학업성취도",
                "type":"number"
            },
            {
                "name":"중학교학업성취도",
                "type":"number"
            },
            {
                "name":"용적률",
                "type":"integer"
            },
            {
                "name":"건폐율",
                "type":"integer"
            },
            {
                "name":"Y",
                "type":"number"
            },
            {
                "name":"X",
                "type":"number"
            },
            {
                "name":"rank",
                "type":"number"
            },
            {
                "name":"area_info",
                "type":"string"
            },
            {
                "name":"last_sales",
                "type":"string"
            },
            {
                "name":"rank_history",
                "type":"string"
            },
            {
                "name":"rank_gap",
                "type":"integer"
            }
        ],
        "primaryKey":[
            "index"
        ],
        "pandas_version":"1.4.0"
    },
    "data":[
        {
            "index":195,
            "아파트명":"하소주공1단지",
            "투자타입":"재건축",
            "전용면적(m2)":"49.91",
            "전용면적(평)":"15평",
            "법정동주소":"충청북도 제천시 하소동 82",
            "도로명주소":"충청북도 제천시 용두대로15길 11",
            "세대수":50,
            "입주년차":"--",
            "용적률점수":100,
            "건폐율점수":100,
            "세대당주차수":"--",
            "난방방식":"--",
            "공급면적":50,
            "전용률":80,
            "욕실수":"--",
            "현관타입":"--",
            "주거총점":81.5,
            "지역구공급총점":100.0,
            "역세권":"NA",
            "30분내 이동가능 거점":"NA",
            "1시간내 이동가능 거점":"NA",
            "교통총점":"NA",
            "백화점":0,
            "아울렛몰":0,
            "대형마트":100,
            "은행":0,
            "병원":60,
            "종합병원":100,
            "공원":100,
            "혐오시설":0,
            "인프라총점":44.0,
            "초등학군":89.97,
            "중학군":40.5,
            "학군총점":50.394,
            "인구수":13.61,
            "인구증감":-2.41,
            "인구총점":8.804,
            "일자리":8.53,
            "소득수준":54.19,
            "일자리총점":22.228,
            "가치 총점":58.7235,
            "매매실거래년":20220219.0,
            "매매실거래가":8300.0,
            "전세실거래년":20220121.0,
            "전세실거래가":6500.0,
            "전세가율":78.31,
            "장기전세가율평균":71.02,
            "전세가율거품지수":-7.29,
            "검색코드":6972,
            "세대수":420.0,
            "준공년월":"1989-10-15",
            "준공년차":34.0,
            "가까운역이름":"NA",
            "가까운역거리":"NA",
            "역세권여부":"NA",
            "30분이내주요거점역":"NA",
            "30분거점역이름":"NA",
            "1시간이내주요거점역":"NA",
            "1시간거점역이름":"NA",
            "3km이내백화점수":0,
            "5km이내아울렛몰수":0,
            "1km이내대형먀트수":2,
            "500m이내은행수":0,
            "500m이내병원수":12,
            "5km이내대형병원수":2,
            "500m이내공원수":2,
            "3km이내혐오시설수":0,
            "초등학교학업성취도":89.97,
            "중학교학업성취도":67.5,
            "용적률":88,
            "건폐율":19,
            "Y":37.13904,
            "X":128.19985,
            "rank":1.0,
            "area_info":"15평(49.91), 14평(49.48), 17평(57.57), 17평(57.93)",
            "last_sales":"2022-02-19,8300.0,15평(49.91)",
            "rank_history":[
                [
                    "202203",
                    1
                ],
                [
                    "202202",
                    1
                ],
                [
                    "202201",
                    1
                ]
            ],
            "rank_gap":0
        },
        {
            "index":147,
            "아파트명":"성한",
            "투자타입":"재건축",
            "전용면적(m2)":"55.13",
            "전용면적(평)":"16평",
            "법정동주소":"충청북도 제천시 청전동 480-4",
            "도로명주소":"충청북도 제천시 명륜로2길 12",
            "세대수":0,
            "입주년차":"--",
            "용적률점수":100,
            "건폐율점수":80,
            "세대당주차수":"--",
            "난방방식":"--",
            "공급면적":50,
            "전용률":80,
            "욕실수":"--",
            "현관타입":"--",
            "주거총점":62.5,
            "지역구공급총점":100.0,
            "역세권":"NA",
            "30분내 이동가능 거점":"NA",
            "1시간내 이동가능 거점":"NA",
            "교통총점":"NA",
            "백화점":0,
            "아울렛몰":0,
            "대형마트":100,
            "은행":0,
            "병원":60,
            "종합병원":100,
            "공원":100,
            "혐오시설":0,
            "인프라총점":44.0,
            "초등학군":89.97,
            "중학군":52.28,
            "학군총점":59.818,
            "인구수":13.61,
            "인구증감":-2.41,
            "인구총점":8.804,
            "일자리":8.53,
            "소득수준":54.19,
            "일자리총점":22.228,
            "가치 총점":54.4295,
            "매매실거래년":20220211.0,
            "매매실거래가":6500.0,
            "전세실거래년":20220114.0,
            "전세실거래가":3700.0,
            "전세가율":119.35,
            "장기전세가율평균":71.02,
            "전세가율거품지수":-48.33,
            "검색코드":15359,
            "세대수":270.0,
            "준공년월":"1991-04-15",
            "준공년차":32.0,
            "가까운역이름":"NA",
            "가까운역거리":"NA",
            "역세권여부":"NA",
            "30분이내주요거점역":"NA",
            "30분거점역이름":"NA",
            "1시간이내주요거점역":"NA",
            "1시간거점역이름":"NA",
            "3km이내백화점수":0,
            "5km이내아울렛몰수":0,
            "1km이내대형먀트수":2,
            "500m이내은행수":1,
            "500m이내병원수":11,
            "5km이내대형병원수":2,
            "500m이내공원수":3,
            "3km이내혐오시설수":0,
            "초등학교학업성취도":89.97,
            "중학교학업성취도":86.0,
            "용적률":112,
            "건폐율":23,
            "Y":37.143381,
            "X":128.202312,
            "rank":2.0,
            "area_info":"16평(55.13), 19평(64.28)",
            "last_sales":"2022-02-11,6500.0,19평(64.28)",
            "rank_history":[
                [
                    "202203",
                    2
                ],
                [
                    "202202",
                    2
                ],
                [
                    "202201",
                    2
                ]
            ],
            "rank_gap":0
        },
        {
            "index":168,
            "아파트명":"청전주공1차",
            "투자타입":"재건축",
            "전용면적(m2)":"41.99",
            "전용면적(평)":"12평",
            "법정동주소":"충청북도 제천시 청전동 4",
            "도로명주소":"충청북도 제천시 청전대로15길 70",
            "세대수":50,
            "입주년차":"--",
            "용적률점수":100,
            "건폐율점수":100,
            "세대당주차수":"--",
            "난방방식":"--",
            "공급면적":50,
            "전용률":100,
            "욕실수":"--",
            "현관타입":"--",
            "주거총점":82.5,
            "지역구공급총점":100.0,
            "역세권":"NA",
            "30분내 이동가능 거점":"NA",
            "1시간내 이동가능 거점":"NA",
            "교통총점":"NA",
            "백화점":0,
            "아울렛몰":0,
            "대형마트":0,
            "은행":0,
            "병원":10,
            "종합병원":100,
            "공원":100,
            "혐오시설":0,
            "인프라총점":24.0,
            "초등학군":90.0,
            "중학군":48.96,
            "학군총점":57.168,
            "인구수":13.61,
            "인구증감":-2.41,
            "인구총점":8.804,
            "일자리":8.53,
            "소득수준":54.19,
            "일자리총점":22.228,
            "가치 총점":52.767,
            "매매실거래년":20220206.0,
            "매매실거래가":7700.0,
            "전세실거래년":20211014.0,
            "전세실거래가":3800.0,
            "전세가율":51.35,
            "장기전세가율평균":71.02,
            "전세가율거품지수":19.67,
            "검색코드":6965,
            "세대수":640.0,
            "준공년월":"1980-11-08",
            "준공년차":43.0,
            "가까운역이름":"NA",
            "가까운역거리":"NA",
            "역세권여부":"NA",
            "30분이내주요거점역":"NA",
            "30분거점역이름":"NA",
            "1시간이내주요거점역":"NA",
            "1시간거점역이름":"NA",
            "3km이내백화점수":0,
            "5km이내아울렛몰수":0,
            "1km이내대형먀트수":0,
            "500m이내은행수":0,
            "500m이내병원수":2,
            "5km이내대형병원수":2,
            "500m이내공원수":3,
            "3km이내혐오시설수":0,
            "초등학교학업성취도":90.0,
            "중학교학업성취도":81.6,
            "용적률":82,
            "건폐율":17,
            "Y":37.158731,
            "X":128.213538,
            "rank":3.0,
            "area_info":"12평(41.99), 12평(41.56), 12평(41.98), 12평(42.54), 12평(42.11), 14평(47.57), 15평(52.37), 15평(52.73), 16평(54.77), 19평(65.99)",
            "last_sales":"2022-02-06,7700.0,16평(54.77)",
            "rank_history":[
                [
                    "202203",
                    3
                ],
                [
                    "202202",
                    3
                ],
                [
                    "202201",
                    3
                ]
            ],
            "rank_gap":0
        },
        {
            "index":80,
            "아파트명":"화성2차",
            "투자타입":"재건축",
            "전용면적(m2)":"59.09",
            "전용면적(평)":"17평",
            "법정동주소":"충청북도 제천시 신백동 198-3",
            "도로명주소":"충청북도 제천시 신백로14길 21",
            "세대수":50,
            "입주년차":"--",
            "용적률점수":100,
            "건폐율점수":60,
            "세대당주차수":"--",
            "난방방식":"--",
            "공급면적":50,
            "전용률":60,
            "욕실수":"--",
            "현관타입":"--",
            "주거총점":72.5,
            "지역구공급총점":100.0,
            "역세권":"NA",
            "30분내 이동가능 거점":"NA",
            "1시간내 이동가능 거점":"NA",
            "교통총점":"NA",
            "백화점":0,
            "아울렛몰":0,
            "대형마트":80,
            "은행":0,
            "병원":10,
            "종합병원":100,
            "공원":80,
            "혐오시설":0,
            "인프라총점":35.4,
            "초등학군":90.03,
            "중학군":42.0,
            "학군총점":51.606,
            "인구수":13.61,
            "인구증감":-2.41,
            "인구총점":8.804,
            "일자리":8.53,
            "소득수준":54.19,
            "일자리총점":22.228,
            "가치 총점":52.4365,
            "매매실거래년":20220214.0,
            "매매실거래가":4030.0,
            "전세실거래년":20210820.0,
            "전세실거래가":2500.0,
            "전세가율":50.0,
            "장기전세가율평균":71.02,
            "전세가율거품지수":21.02,
            "검색코드":15350,
            "세대수":420.0,
            "준공년월":"1992-02-01",
            "준공년차":31.0,
            "가까운역이름":"NA",
            "가까운역거리":"NA",
            "역세권여부":"NA",
            "30분이내주요거점역":"NA",
            "30분거점역이름":"NA",
            "1시간이내주요거점역":"NA",
            "1시간거점역이름":"NA",
            "3km이내백화점수":0,
            "5km이내아울렛몰수":0,
            "1km이내대형먀트수":1,
            "500m이내은행수":0,
            "500m이내병원수":4,
            "5km이내대형병원수":2,
            "500m이내공원수":1,
            "3km이내혐오시설수":0,
            "초등학교학업성취도":90.03,
            "중학교학업성취도":70.0,
            "용적률":144,
            "건폐율":33,
            "Y":37.131107,
            "X":128.227333,
            "rank":4.0,
            "area_info":"17평(59.09), 18평(61.75), 24평(79.59)",
            "last_sales":"2022-02-14,4030.0,18평(61.75)",
            "rank_history":[
                [
                    "202203",
                    4
                ],
                [
                    "202202",
                    4
                ],
                [
                    "202201",
                    5
                ]
            ],
            "rank_gap":0
        },
        {
            "index":22,
            "아파트명":"고암주공",
            "투자타입":"재건축",
            "전용면적(m2)":"43.92",
            "전용면적(평)":"13평",
            "법정동주소":"충청북도 제천시 고암동 1250",
            "도로명주소":"충청북도 제천시 고암로14길 13",
            "세대수":50,
            "입주년차":"--",
            "용적률점수":100,
            "건폐율점수":100,
            "세대당주차수":"--",
            "난방방식":"--",
            "공급면적":50,
            "전용률":80,
            "욕실수":"--",
            "현관타입":"--",
            "주거총점":81.5,
            "지역구공급총점":100.0,
            "역세권":"NA",
            "30분내 이동가능 거점":"NA",
            "1시간내 이동가능 거점":"NA",
            "교통총점":"NA",
            "백화점":0,
            "아울렛몰":0,
            "대형마트":0,
            "은행":0,
            "병원":10,
            "종합병원":100,
            "공원":100,
            "혐오시설":0,
            "인프라총점":24.0,
            "초등학군":90.0,
            "중학군":48.96,
            "학군총점":57.168,
            "인구수":13.61,
            "인구증감":-2.41,
            "인구총점":8.804,
            "일자리":8.53,
            "소득수준":54.19,
            "일자리총점":22.228,
            "가치 총점":52.417,
            "매매실거래년":20220219.0,
            "매매실거래가":5500.0,
            "전세실거래년":20210929.0,
            "전세실거래가":3000.0,
            "전세가율":47.62,
            "장기전세가율평균":71.02,
            "전세가율거품지수":23.4,
            "검색코드":15337,
            "세대수":500.0,
            "준공년월":"1986-02-04",
            "준공년차":37.0,
            "가까운역이름":"NA",
            "가까운역거리":"NA",
            "역세권여부":"NA",
            "30분이내주요거점역":"NA",
            "30분거점역이름":"NA",
            "1시간이내주요거점역":"NA",
            "1시간거점역이름":"NA",
            "3km이내백화점수":0,
            "5km이내아울렛몰수":0,
            "1km이내대형먀트수":0,
            "500m이내은행수":0,
            "500m이내병원수":2,
            "5km이내대형병원수":2,
            "500m이내공원수":5,
            "3km이내혐오시설수":0,
            "초등학교학업성취도":90.0,
            "중학교학업성취도":81.6,
            "용적률":74,
            "건폐율":17,
            "Y":37.157973,
            "X":128.216154,
            "rank":5.0,
            "area_info":"13평(43.92), 13평(45.12), 15평(52.65), 15평(52.5), 15평(52.14)",
            "last_sales":"2022-02-19,5500.0,13평(45.12)",
            "rank_history":[
                [
                    "202203",
                    5
                ],
                [
                    "202202",
                    5
                ],
                [
                    "202201",
                    4
                ]
            ],
            "rank_gap":0
        },
        {
            "index":186,
            "아파트명":"형석",
            "투자타입":"재건축",
            "전용면적(m2)":"52.03",
            "전용면적(평)":"15평",
            "법정동주소":"충청북도 제천시 청전동 485-21",
            "도로명주소":"충청북도 제천시 명륜로4길 5",
            "세대수":0,
            "입주년차":"--",
            "용적률점수":100,
            "건폐율점수":80,
            "세대당주차수":"--",
            "난방방식":"--",
            "공급면적":50,
            "전용률":60,
            "욕실수":"--",
            "현관타입":"--",
            "주거총점":61.5,
            "지역구공급총점":100.0,
            "역세권":"NA",
            "30분내 이동가능 거점":"NA",
            "1시간내 이동가능 거점":"NA",
            "교통총점":"NA",
            "백화점":0,
            "아울렛몰":0,
            "대형마트":100,
            "은행":0,
            "병원":60,
            "종합병원":100,
            "공원":100,
            "혐오시설":0,
            "인프라총점":44.0,
            "초등학군":90.0,
            "중학군":40.5,
            "학군총점":50.4,
            "인구수":13.61,
            "인구증감":-2.41,
            "인구총점":8.804,
            "일자리":8.53,
            "소득수준":54.19,
            "일자리총점":22.228,
            "가치 총점":51.725,
            "매매실거래년":20220213.0,
            "매매실거래가":3850.0,
            "전세실거래년":20170502.0,
            "전세실거래가":1000.0,
            "전세가율":25.97,
            "장기전세가율평균":71.02,
            "전세가율거품지수":45.05,
            "검색코드":115026,
            "세대수":60.0,
            "준공년월":"1990-02-05",
            "준공년차":33.0,
            "가까운역이름":"NA",
            "가까운역거리":"NA",
            "역세권여부":"NA",
            "30분이내주요거점역":"NA",
            "30분거점역이름":"NA",
            "1시간이내주요거점역":"NA",
            "1시간거점역이름":"NA",
            "3km이내백화점수":0,
            "5km이내아울렛몰수":0,
            "1km이내대형먀트수":2,
            "500m이내은행수":1,
            "500m이내병원수":10,
            "5km이내대형병원수":2,
            "500m이내공원수":2,
            "3km이내혐오시설수":0,
            "초등학교학업성취도":90.0,
            "중학교학업성취도":67.5,
            "용적률":111,
            "건폐율":24,
            "Y":37.143044,
            "X":128.203633,
            "rank":6.0,
            "area_info":"15평(52.03)",
            "last_sales":"2022-02-13,3850.0,15평(52.03)",
            "rank_history":[
                [
                    "202203",
                    6
                ],
                [
                    "202202",
                    9999
                ]
            ],
            "rank_gap":9999
        },
        {
            "index":178,
            "아파트명":"청전주공2차",
            "투자타입":"재건축",
            "전용면적(m2)":"49.68",
            "전용면적(평)":"15평",
            "법정동주소":"충청북도 제천시 청전동 646",
            "도로명주소":"충청북도 제천시 고암로 22",
            "세대수":30,
            "입주년차":"--",
            "용적률점수":100,
            "건폐율점수":100,
            "세대당주차수":"--",
            "난방방식":"--",
            "공급면적":50,
            "전용률":80,
            "욕실수":"--",
            "현관타입":"--",
            "주거총점":75.5,
            "지역구공급총점":100.0,
            "역세권":"NA",
            "30분내 이동가능 거점":"NA",
            "1시간내 이동가능 거점":"NA",
            "교통총점":"NA",
            "백화점":0,
            "아울렛몰":0,
            "대형마트":0,
            "은행":0,
            "병원":30,
            "종합병원":100,
            "공원":100,
            "혐오시설":0,
            "인프라총점":26.0,
            "초등학군":90.0,
            "중학군":48.96,
            "학군총점":57.168,
            "인구수":13.61,
            "인구증감":-2.41,
            "인구총점":8.804,
            "일자리":8.53,
            "소득수준":54.19,
            "일자리총점":22.228,
            "가치 총점":51.117,
            "매매실거래년":20220214.0,
            "매매실거래가":4900.0,
            "전세실거래년":20210802.0,
            "전세실거래가":4000.0,
            "전세가율":81.63,
            "장기전세가율평균":71.02,
            "전세가율거품지수":-10.61,
            "검색코드":6968,
            "세대수":360.0,
            "준공년월":"1991-11-09",
            "준공년차":32.0,
            "가까운역이름":"NA",
            "가까운역거리":"NA",
            "역세권여부":"NA",
            "30분이내주요거점역":"NA",
            "30분거점역이름":"NA",
            "1시간이내주요거점역":"NA",
            "1시간거점역이름":"NA",
            "3km이내백화점수":0,
            "5km이내아울렛몰수":0,
            "1km이내대형먀트수":0,
            "500m이내은행수":0,
            "500m이내병원수":8,
            "5km이내대형병원수":2,
            "500m이내공원수":4,
            "3km이내혐오시설수":0,
            "초등학교학업성취도":90.0,
            "중학교학업성취도":81.6,
            "용적률":107,
            "건폐율":19,
            "Y":37.15462,
            "X":128.216618,
            "rank":7.0,
            "area_info":"15평(49.68), 14평(49.26), 17평(57.59), 17평(57.23)",
            "last_sales":"2022-02-14,4900.0,15평(49.68)",
            "rank_history":[
                [
                    "202203",
                    7
                ],
                [
                    "202202",
                    6
                ],
                [
                    "202201",
                    6
                ]
            ],
            "rank_gap":-1
        },
        {
            "index":188,
            "아파트명":"제천그린코아루",
            "투자타입":"일반",
            "전용면적(m2)":"109.1",
            "전용면적(평)":"33평",
            "법정동주소":"충청북도 제천시 하소동 198",
            "도로명주소":"충청북도 제천시 용두대로7길 25",
            "세대수":80,
            "입주년차":40,
            "용적률점수":"--",
            "건폐율점수":"--",
            "세대당주차수":60,
            "난방방식":30,
            "공급면적":"--",
            "전용률":"--",
            "욕실수":100,
            "현관타입":100,
            "주거총점":68.0,
            "지역구공급총점":100.0,
            "역세권":"NA",
            "30분내 이동가능 거점":"NA",
            "1시간내 이동가능 거점":"NA",
            "교통총점":"NA",
            "백화점":0,
            "아울렛몰":0,
            "대형마트":80,
            "은행":0,
            "병원":0,
            "종합병원":100,
            "공원":100,
            "혐오시설":0,
            "인프라총점":35.0,
            "초등학군":89.99,
            "중학군":40.5,
            "학군총점":50.398,
            "인구수":13.61,
            "인구증감":-2.41,
            "인구총점":8.804,
            "일자리":8.53,
            "소득수준":54.19,
            "일자리총점":22.228,
            "가치 총점":50.3995,
            "매매실거래년":20220215.0,
            "매매실거래가":28000.0,
            "전세실거래년":20210603.0,
            "전세실거래가":20000.0,
            "전세가율":71.43,
            "장기전세가율평균":71.02,
            "전세가율거품지수":-0.41,
            "검색코드":23592,
            "세대수":702.0,
            "준공년월":"2007-03-27",
            "준공년차":16.0,
            "가까운역이름":"NA",
            "가까운역거리":"NA",
            "역세권여부":"NA",
            "30분이내주요거점역":"NA",
            "30분거점역이름":"NA",
            "1시간이내주요거점역":"NA",
            "1시간거점역이름":"NA",
            "3km이내백화점수":0,
            "5km이내아울렛몰수":0,
            "1km이내대형먀트수":1,
            "500m이내은행수":0,
            "500m이내병원수":0,
            "5km이내대형병원수":2,
            "500m이내공원수":5,
            "3km이내혐오시설수":0,
            "초등학교학업성취도":89.99,
            "중학교학업성취도":67.5,
            "용적률":195,
            "건폐율":19,
            "Y":37.13459,
            "X":128.19619,
            "rank":8.0,
            "area_info":"33평(109.1), 43평(144.93), 52평(172.5), 59평(196.01)",
            "last_sales":"2022-02-15,28000.0,33평(109.1)",
            "rank_history":[
                [
                    "202203",
                    8
                ],
                [
                    "202202",
                    7
                ],
                [
                    "202201",
                    7
                ]
            ],
            "rank_gap":-1
        },
        {
            "index":182,
            "아파트명":"청전현대",
            "투자타입":"재건축",
            "전용면적(m2)":"87.88",
            "전용면적(평)":"26평",
            "법정동주소":"충청북도 제천시 청전동 72",
            "도로명주소":"충청북도 제천시 용두천로 235",
            "세대수":50,
            "입주년차":"--",
            "용적률점수":80,
            "건폐율점수":100,
            "세대당주차수":"--",
            "난방방식":"--",
            "공급면적":70,
            "전용률":80,
            "욕실수":"--",
            "현관타입":"--",
            "주거총점":74.5,
            "지역구공급총점":100.0,
            "역세권":"NA",
            "30분내 이동가능 거점":"NA",
            "1시간내 이동가능 거점":"NA",
            "교통총점":"NA",
            "백화점":0,
            "아울렛몰":0,
            "대형마트":0,
            "은행":0,
            "병원":60,
            "종합병원":100,
            "공원":100,
            "혐오시설":0,
            "인프라총점":29.0,
            "초등학군":90.0,
            "중학군":37.8,
            "학군총점":48.24,
            "인구수":13.61,
            "인구증감":-2.41,
            "인구총점":8.804,
            "일자리":8.53,
            "소득수준":54.19,
            "일자리총점":22.228,
            "가치 총점":49.735,
            "매매실거래년":20211110.0,
            "매매실거래가":17500.0,
            "전세실거래년":null,
            "전세실거래가":null,
            "전세가율":null,
            "장기전세가율평균":71.02,
            "전세가율거품지수":null,
            "검색코드":6970,
            "세대수":591.0,
            "준공년월":"1990-12-24",
            "준공년차":33.0,
            "가까운역이름":"NA",
            "가까운역거리":"NA",
            "역세권여부":"NA",
            "30분이내주요거점역":"NA",
            "30분거점역이름":"NA",
            "1시간이내주요거점역":"NA",
            "1시간거점역이름":"NA",
            "3km이내백화점수":0,
            "5km이내아울렛몰수":0,
            "1km이내대형먀트수":0,
            "500m이내은행수":1,
            "500m이내병원수":17,
            "5km이내대형병원수":2,
            "500m이내공원수":4,
            "3km이내혐오시설수":0,
            "초등학교학업성취도":90.0,
            "중학교학업성취도":63.0,
            "용적률":177,
            "건폐율":17,
            "Y":37.148173,
            "X":128.218378,
            "rank":9.0,
            "area_info":"26평(87.88), 27평(90.26), 31평(104.89), 39평(131.24)",
            "last_sales":"2021-11-10,17500.0,39평(131.24)",
            "rank_history":[
                [
                    "202203",
                    9
                ],
                [
                    "202202",
                    8
                ],
                [
                    "202201",
                    8
                ]
            ],
            "rank_gap":-1
        },
        {
            "index":78,
            "아파트명":"화성1차",
            "투자타입":"재건축",
            "전용면적(m2)":"46.8",
            "전용면적(평)":"14평",
            "법정동주소":"충청북도 제천시 신백동 201-1",
            "도로명주소":"충청북도 제천시 신백로12길 20",
            "세대수":0,
            "입주년차":"--",
            "용적률점수":100,
            "건폐율점수":80,
            "세대당주차수":"--",
            "난방방식":"--",
            "공급면적":50,
            "전용률":80,
            "욕실수":"--",
            "현관타입":"--",
            "주거총점":62.5,
            "지역구공급총점":100.0,
            "역세권":"NA",
            "30분내 이동가능 거점":"NA",
            "1시간내 이동가능 거점":"NA",
            "교통총점":"NA",
            "백화점":0,
            "아울렛몰":0,
            "대형마트":80,
            "은행":0,
            "병원":10,
            "종합병원":100,
            "공원":80,
            "혐오시설":0,
            "인프라총점":35.4,
            "초등학군":90.03,
            "중학군":42.0,
            "학군총점":51.606,
            "인구수":13.61,
            "인구증감":-2.41,
            "인구총점":8.804,
            "일자리":8.53,
            "소득수준":54.19,
            "일자리총점":22.228,
            "가치 총점":48.9365,
            "매매실거래년":20220206.0,
            "매매실거래가":5200.0,
            "전세실거래년":20190611.0,
            "전세실거래가":2500.0,
            "전세가율":66.67,
            "장기전세가율평균":71.02,
            "전세가율거품지수":4.35,
            "검색코드":15348,
            "세대수":226.0,
            "준공년월":"1988-08-25",
            "준공년차":35.0,
            "가까운역이름":"NA",
            "가까운역거리":"NA",
            "역세권여부":"NA",
            "30분이내주요거점역":"NA",
            "30분거점역이름":"NA",
            "1시간이내주요거점역":"NA",
            "1시간거점역이름":"NA",
            "3km이내백화점수":0,
            "5km이내아울렛몰수":0,
            "1km이내대형먀트수":1,
            "500m이내은행수":0,
            "500m이내병원수":4,
            "5km이내대형병원수":2,
            "500m이내공원수":1,
            "3km이내혐오시설수":0,
            "초등학교학업성취도":90.03,
            "중학교학업성취도":70.0,
            "용적률":86,
            "건폐율":21,
            "Y":37.131226,
            "X":128.22632,
            "rank":10.0,
            "area_info":"14평(46.8), 15평(50.4)",
            "last_sales":"2022-02-06,5200.0,15평(50.4)",
            "rank_history":[
                [
                    "202203",
                    10
                ],
                [
                    "202202",
                    9
                ],
                [
                    "202201",
                    9
                ]
            ],
            "rank_gap":-1
        },
        {
            "index":187,
            "아파트명":"고래",
            "투자타입":"재건축",
            "전용면적(m2)":"60.0",
            "전용면적(평)":"18평",
            "법정동주소":"충청북도 제천시 하소동 170-7",
            "도로명주소":"충청북도 제천시 용두대로9길 8",
            "세대수":0,
            "입주년차":"--",
            "용적률점수":100,
            "건폐율점수":60,
            "세대당주차수":"--",
            "난방방식":"--",
            "공급면적":50,
            "전용률":80,
            "욕실수":"--",
            "현관타입":"--",
            "주거총점":58.5,
            "지역구공급총점":100.0,
            "역세권":"NA",
            "30분내 이동가능 거점":"NA",
            "1시간내 이동가능 거점":"NA",
            "교통총점":"NA",
            "백화점":0,
            "아울렛몰":0,
            "대형마트":80,
            "은행":0,
            "병원":30,
            "종합병원":100,
            "공원":100,
            "혐오시설":0,
            "인프라총점":38.0,
            "초등학군":89.99,
            "중학군":40.5,
            "학군총점":50.398,
            "인구수":13.61,
            "인구증감":-2.41,
            "인구총점":8.804,
            "일자리":8.53,
            "소득수준":54.19,
            "일자리총점":22.228,
            "가치 총점":48.2745,
            "매매실거래년":20220212.0,
            "매매실거래가":4650.0,
            "전세실거래년":20181204.0,
            "전세실거래가":3000.0,
            "전세가율":64.52,
            "장기전세가율평균":71.02,
            "전세가율거품지수":6.5,
            "검색코드":115025,
            "세대수":50.0,
            "준공년월":"1989-12-11",
            "준공년차":34.0,
            "가까운역이름":"NA",
            "가까운역거리":"NA",
            "역세권여부":"NA",
            "30분이내주요거점역":"NA",
            "30분거점역이름":"NA",
            "1시간이내주요거점역":"NA",
            "1시간거점역이름":"NA",
            "3km이내백화점수":0,
            "5km이내아울렛몰수":0,
            "1km이내대형먀트수":1,
            "500m이내은행수":0,
            "500m이내병원수":8,
            "5km이내대형병원수":2,
            "500m이내공원수":2,
            "3km이내혐오시설수":0,
            "초등학교학업성취도":89.99,
            "중학교학업성취도":67.5,
            "용적률":133,
            "건폐율":31,
            "Y":37.136562,
            "X":128.198854,
            "rank":11.0,
            "area_info":"18평(60.0)",
            "last_sales":"2022-02-12,4650.0,18평(60.0)",
            "rank_history":[
                [
                    "202203",
                    11
                ],
                [
                    "202202",
                    9999
                ]
            ],
            "rank_gap":9999
        },
        {
            "index":98,
            "아파트명":"신안실크밸리스카이시티",
            "투자타입":"일반",
            "전용면적(m2)":"87.1",
            "전용면적(평)":"26평",
            "법정동주소":"충청북도 제천시 장락동 1050",
            "도로명주소":"충청북도 제천시 내토로59길 31",
            "세대수":50,
            "입주년차":80,
            "용적률점수":"--",
            "건폐율점수":"--",
            "세대당주차수":80,
            "난방방식":30,
            "공급면적":"--",
            "전용률":"--",
            "욕실수":100,
            "현관타입":100,
            "주거총점":68.5,
            "지역구공급총점":100.0,
            "역세권":"NA",
            "30분내 이동가능 거점":"NA",
            "1시간내 이동가능 거점":"NA",
            "교통총점":"NA",
            "백화점":0,
            "아울렛몰":0,
            "대형마트":0,
            "은행":0,
            "병원":10,
            "종합병원":100,
            "공원":100,
            "혐오시설":0,
            "인프라총점":24.0,
            "초등학군":89.99,
            "중학군":48.96,
            "학군총점":57.166,
            "인구수":13.61,
            "인구증감":-2.41,
            "인구총점":8.804,
            "일자리":8.53,
            "소득수준":54.19,
            "일자리총점":22.228,
            "가치 총점":47.8665,
            "매매실거래년":20220217.0,
            "매매실거래가":23500.0,
            "전세실거래년":20220214.0,
            "전세실거래가":14700.0,
            "전세가율":62.55,
            "장기전세가율평균":71.02,
            "전세가율거품지수":8.47,
            "검색코드":107718,
            "세대수":542.0,
            "준공년월":"2017-07-03",
            "준공년차":6.0,
            "가까운역이름":"NA",
            "가까운역거리":"NA",
            "역세권여부":"NA",
            "30분이내주요거점역":"NA",
            "30분거점역이름":"NA",
            "1시간이내주요거점역":"NA",
            "1시간거점역이름":"NA",
            "3km이내백화점수":0,
            "5km이내아울렛몰수":0,
            "1km이내대형먀트수":0,
            "500m이내은행수":0,
            "500m이내병원수":4,
            "5km이내대형병원수":2,
            "500m이내공원수":7,
            "3km이내혐오시설수":0,
            "초등학교학업성취도":89.99,
            "중학교학업성취도":81.6,
            "용적률":574,
            "건폐율":75,
            "Y":37.152912,
            "X":128.223739,
            "rank":12.0,
            "area_info":"26평(87.1), 27평(91.88), 28평(92.75), 28평(92.91), 33평(111.89), 36평(120.9)",
            "last_sales":"2022-02-17,23500.0,26평(87.1)",
            "rank_history":[
                [
                    "202203",
                    12
                ],
                [
                    "202202",
                    10
                ],
                [
                    "202201",
                    10
                ]
            ],
            "rank_gap":-2
        },
        {
            "index":149,
            "아파트명":"시영",
            "투자타입":"재건축",
            "전용면적(m2)":"57.16",
            "전용면적(평)":"17평",
            "법정동주소":"충청북도 제천시 청전동 4-16",
            "도로명주소":"충청북도 제천시 고암로13길 12",
            "세대수":0,
            "입주년차":"--",
            "용적률점수":100,
            "건폐율점수":100,
            "세대당주차수":"--",
            "난방방식":"--",
            "공급면적":50,
            "전용률":80,
            "욕실수":"--",
            "현관타입":"--",
            "주거총점":66.5,
            "지역구공급총점":100.0,
            "역세권":"NA",
            "30분내 이동가능 거점":"NA",
            "1시간내 이동가능 거점":"NA",
            "교통총점":"NA",
            "백화점":0,
            "아울렛몰":0,
            "대형마트":0,
            "은행":0,
            "병원":10,
            "종합병원":100,
            "공원":100,
            "혐오시설":0,
            "인프라총점":24.0,
            "초등학군":90.0,
            "중학군":48.96,
            "학군총점":57.168,
            "인구수":13.61,
            "인구증감":-2.41,
            "인구총점":8.804,
            "일자리":8.53,
            "소득수준":54.19,
            "일자리총점":22.228,
            "가치 총점":47.167,
            "매매실거래년":20220202.0,
            "매매실거래가":7800.0,
            "전세실거래년":20220128.0,
            "전세실거래가":4000.0,
            "전세가율":51.28,
            "장기전세가율평균":71.02,
            "전세가율거품지수":19.74,
            "검색코드":15361,
            "세대수":100.0,
            "준공년월":"1982-07-27",
            "준공년차":41.0,
            "가까운역이름":"NA",
            "가까운역거리":"NA",
            "역세권여부":"NA",
            "30분이내주요거점역":"NA",
            "30분거점역이름":"NA",
            "1시간이내주요거점역":"NA",
            "1시간거점역이름":"NA",
            "3km이내백화점수":0,
            "5km이내아울렛몰수":0,
            "1km이내대형먀트수":0,
            "500m이내은행수":0,
            "500m이내병원수":2,
            "5km이내대형병원수":2,
            "500m이내공원수":4,
            "3km이내혐오시설수":0,
            "초등학교학업성취도":90.0,
            "중학교학업성취도":81.6,
            "용적률":98,
            "건폐율":19,
            "Y":37.157589,
            "X":128.214127,
            "rank":13.0,
            "area_info":"17평(57.16)",
            "last_sales":"2022-02-02,7800.0,17평(57.16)",
            "rank_history":[
                [
                    "202203",
                    13
                ],
                [
                    "202202",
                    11
                ],
                [
                    "202201",
                    12
                ]
            ],
            "rank_gap":-2
        },
        {
            "index":85,
            "아파트명":"왕암코아루드림",
            "투자타입":"일반",
            "전용면적(m2)":"83.1",
            "전용면적(평)":"25평",
            "법정동주소":"충청북도 제천시 왕암동 779",
            "도로명주소":"충청북도 제천시 바이오밸리로 171",
            "세대수":80,
            "입주년차":80,
            "용적률점수":"--",
            "건폐율점수":"--",
            "세대당주차수":30,
            "난방방식":30,
            "공급면적":"--",
            "전용률":"--",
            "욕실수":100,
            "현관타입":100,
            "주거총점":71.5,
            "지역구공급총점":100.0,
            "역세권":"NA",
            "30분내 이동가능 거점":"NA",
            "1시간내 이동가능 거점":"NA",
            "교통총점":"NA",
            "백화점":0,
            "아울렛몰":0,
            "대형마트":0,
            "은행":0,
            "병원":0,
            "종합병원":80,
            "공원":100,
            "혐오시설":0,
            "인프라총점":19.0,
            "초등학군":89.98,
            "중학군":49.54,
            "학군총점":57.628,
            "인구수":13.61,
            "인구증감":-2.41,
            "인구총점":8.804,
            "일자리":8.53,
            "소득수준":54.19,
            "일자리총점":22.228,
            "가치 총점":47.032,
            "매매실거래년":20220223.0,
            "매매실거래가":18900.0,
            "전세실거래년":20220115.0,
            "전세실거래가":13000.0,
            "전세가율":68.78,
            "장기전세가율평균":71.02,
            "전세가율거품지수":2.24,
            "검색코드":115011,
            "세대수":749.0,
            "준공년월":"2018-04-26",
            "준공년차":5.0,
            "가까운역이름":"NA",
            "가까운역거리":"NA",
            "역세권여부":"NA",
            "30분이내주요거점역":"NA",
            "30분거점역이름":"NA",
            "1시간이내주요거점역":"NA",
            "1시간거점역이름":"NA",
            "3km이내백화점수":0,
            "5km이내아울렛몰수":0,
            "1km이내대형먀트수":0,
            "500m이내은행수":0,
            "500m이내병원수":0,
            "5km이내대형병원수":1,
            "500m이내공원수":2,
            "3km이내혐오시설수":0,
            "초등학교학업성취도":89.98,
            "중학교학업성취도":82.3,
            "용적률":142,
            "건폐율":16,
            "Y":37.155211,
            "X":128.168794,
            "rank":14.0,
            "area_info":"25평(83.1), 25평(83.1), 25평(83.56), 27평(90.65), 27평(91.88)",
            "last_sales":"2022-02-23,18900.0,25평(83.1)",
            "rank_history":[
                [
                    "202203",
                    14
                ],
                [
                    "202202",
                    12
                ],
                [
                    "202201",
                    11
                ]
            ],
            "rank_gap":-2
        },
        {
            "index":192,
            "아파트명":"청구",
            "투자타입":"일반",
            "전용면적(m2)":"77.77",
            "전용면적(평)":"23평",
            "법정동주소":"충청북도 제천시 하소동 139",
            "도로명주소":"충청북도 제천시 용두대로15길 47",
            "세대수":50,
            "입주년차":20,
            "용적률점수":"--",
            "건폐율점수":"--",
            "세대당주차수":30,
            "난방방식":30,
            "공급면적":"--",
            "전용률":"--",
            "욕실수":50,
            "현관타입":100,
            "주거총점":44.0,
            "지역구공급총점":100.0,
            "역세권":"NA",
            "30분내 이동가능 거점":"NA",
            "1시간내 이동가능 거점":"NA",
            "교통총점":"NA",
            "백화점":0,
            "아울렛몰":0,
            "대형마트":80,
            "은행":0,
            "병원":60,
            "종합병원":100,
            "공원":80,
            "혐오시설":0,
            "인프라총점":40.4,
            "초등학군":89.97,
            "중학군":49.54,
            "학군총점":57.626,
            "인구수":13.61,
            "인구증감":-2.41,
            "인구총점":8.804,
            "일자리":8.53,
            "소득수준":54.19,
            "일자리총점":22.228,
            "가치 총점":45.9665,
            "매매실거래년":20220219.0,
            "매매실거래가":13300.0,
            "전세실거래년":20220205.0,
            "전세실거래가":8500.0,
            "전세가율":63.91,
            "장기전세가율평균":71.02,
            "전세가율거품지수":7.11,
            "검색코드":14018,
            "세대수":498.0,
            "준공년월":"2002-07-26",
            "준공년차":21.0,
            "가까운역이름":"NA",
            "가까운역거리":"NA",
            "역세권여부":"NA",
            "30분이내주요거점역":"NA",
            "30분거점역이름":"NA",
            "1시간이내주요거점역":"NA",
            "1시간거점역이름":"NA",
            "3km이내백화점수":0,
            "5km이내아울렛몰수":0,
            "1km이내대형먀트수":1,
            "500m이내은행수":0,
            "500m이내병원수":12,
            "5km이내대형병원수":2,
            "500m이내공원수":1,
            "3km이내혐오시설수":0,
            "초등학교학업성취도":89.97,
            "중학교학업성취도":82.3,
            "용적률":181,
            "건폐율":19,
            "Y":37.13921,
            "X":128.19671,
            "rank":15.0,
            "area_info":"23평(77.77), 33평(109.18), 49평(165.1)",
            "last_sales":"2022-02-19,13300.0,23평(77.77)",
            "rank_history":[
                [
                    "202203",
                    15
                ],
                [
                    "202202",
                    13
                ],
                [
                    "202201",
                    14
                ]
            ],
            "rank_gap":-2
        },
        {
            "index":94,
            "아파트명":"부강타운",
            "투자타입":"재건축",
            "전용면적(m2)":"70.77",
            "전용면적(평)":"21평",
            "법정동주소":"충청북도 제천시 장락동 851",
            "도로명주소":"충청북도 제천시 청전대로 230",
            "세대수":0,
            "입주년차":"--",
            "용적률점수":100,
            "건폐율점수":80,
            "세대당주차수":"--",
            "난방방식":"--",
            "공급면적":50,
            "전용률":80,
            "욕실수":"--",
            "현관타입":"--",
            "주거총점":62.5,
            "지역구공급총점":100.0,
            "역세권":"NA",
            "30분내 이동가능 거점":"NA",
            "1시간내 이동가능 거점":"NA",
            "교통총점":"NA",
            "백화점":0,
            "아울렛몰":0,
            "대형마트":0,
            "은행":0,
            "병원":10,
            "종합병원":100,
            "공원":100,
            "혐오시설":0,
            "인프라총점":24.0,
            "초등학군":89.99,
            "중학군":48.96,
            "학군총점":57.166,
            "인구수":13.61,
            "인구증감":-2.41,
            "인구총점":8.804,
            "일자리":8.53,
            "소득수준":54.19,
            "일자리총점":22.228,
            "가치 총점":45.7665,
            "매매실거래년":"18000101",
            "매매실거래가":null,
            "전세실거래년":null,
            "전세실거래가":null,
            "전세가율":null,
            "장기전세가율평균":71.02,
            "전세가율거품지수":null,
            "검색코드":123242,
            "세대수":232.0,
            "준공년월":"1991-12-27",
            "준공년차":32.0,
            "가까운역이름":"NA",
            "가까운역거리":"NA",
            "역세권여부":"NA",
            "30분이내주요거점역":"NA",
            "30분거점역이름":"NA",
            "1시간이내주요거점역":"NA",
            "1시간거점역이름":"NA",
            "3km이내백화점수":0,
            "5km이내아울렛몰수":0,
            "1km이내대형먀트수":0,
            "500m이내은행수":0,
            "500m이내병원수":3,
            "5km이내대형병원수":2,
            "500m이내공원수":7,
            "3km이내혐오시설수":0,
            "초등학교학업성취도":89.99,
            "중학교학업성취도":81.6,
            "용적률":91,
            "건폐율":24,
            "Y":37.151172,
            "X":128.223132,
            "rank":16.0,
            "area_info":"21평(70.77), 29평(97.77)",
            "last_sales":"1800-01-01,nan,21평(70.77)",
            "rank_history":[
                [
                    "202203",
                    16
                ],
                [
                    "202202",
                    14
                ],
                [
                    "202201",
                    15
                ]
            ],
            "rank_gap":-2
        },
        {
            "index":214,
            "아파트명":"서희스타힐스",
            "투자타입":"일반",
            "전용면적(m2)":"84.79",
            "전용면적(평)":"25평",
            "법정동주소":"충청북도 제천시 화산동 1009",
            "도로명주소":"충청북도 제천시 원화산로 43",
            "세대수":30,
            "입주년차":80,
            "용적률점수":"--",
            "건폐율점수":"--",
            "세대당주차수":30,
            "난방방식":30,
            "공급면적":"--",
            "전용률":"--",
            "욕실수":100,
            "현관타입":100,
            "주거총점":54.0,
            "지역구공급총점":100.0,
            "역세권":"NA",
            "30분내 이동가능 거점":"NA",
            "1시간내 이동가능 거점":"NA",
            "교통총점":"NA",
            "백화점":0,
            "아울렛몰":0,
            "대형마트":80,
            "은행":0,
            "병원":0,
            "종합병원":100,
            "공원":100,
            "혐오시설":0,
            "인프라총점":35.0,
            "초등학군":89.97,
            "중학군":40.5,
            "학군총점":50.394,
            "인구수":13.61,
            "인구증감":-2.41,
            "인구총점":8.804,
            "일자리":8.53,
            "소득수준":54.19,
            "일자리총점":22.228,
            "가치 총점":45.4985,
            "매매실거래년":20220221.0,
            "매매실거래가":21000.0,
            "전세실거래년":20200213.0,
            "전세실거래가":13000.0,
            "전세가율":71.04,
            "장기전세가율평균":71.02,
            "전세가율거품지수":-0.02,
            "검색코드":108835,
            "세대수":399.0,
            "준공년월":"2016-08-31",
            "준공년차":7.0,
            "가까운역이름":"NA",
            "가까운역거리":"NA",
            "역세권여부":"NA",
            "30분이내주요거점역":"NA",
            "30분거점역이름":"NA",
            "1시간이내주요거점역":"NA",
            "1시간거점역이름":"NA",
            "3km이내백화점수":0,
            "5km이내아울렛몰수":0,
            "1km이내대형먀트수":1,
            "500m이내은행수":0,
            "500m이내병원수":0,
            "5km이내대형병원수":2,
            "500m이내공원수":2,
            "3km이내혐오시설수":0,
            "초등학교학업성취도":89.97,
            "중학교학업성취도":67.5,
            "용적률":217,
            "건폐율":25,
            "Y":37.125917,
            "X":128.212784,
            "rank":17.0,
            "area_info":"25평(84.79), 29평(95.92), 29평(96.89), 29평(97.1), 33평(109.6), 32평(109.09), 33평(109.24)",
            "last_sales":"2022-02-21,21000.0,29평(97.1)",
            "rank_history":[
                [
                    "202203",
                    17
                ],
                [
                    "202202",
                    15
                ],
                [
                    "202201",
                    16
                ]
            ],
            "rank_gap":-2
        },
        {
            "index":3,
            "아파트명":"제천강저롯데캐슬프리미어",
            "투자타입":"일반",
            "전용면적(m2)":"89.69",
            "전용면적(평)":"27평",
            "법정동주소":"충청북도 제천시 강제동 844",
            "도로명주소":"충청북도 제천시 청풍호로10길 53",
            "세대수":80,
            "입주년차":80,
            "용적률점수":"--",
            "건폐율점수":"--",
            "세대당주차수":30,
            "난방방식":30,
            "공급면적":"--",
            "전용률":"--",
            "욕실수":100,
            "현관타입":100,
            "주거총점":71.5,
            "지역구공급총점":100.0,
            "역세권":"NA",
            "30분내 이동가능 거점":"NA",
            "1시간내 이동가능 거점":"NA",
            "교통총점":"NA",
            "백화점":0,
            "아울렛몰":0,
            "대형마트":0,
            "은행":0,
            "병원":0,
            "종합병원":80,
            "공원":100,
            "혐오시설":0,
            "인프라총점":19.0,
            "초등학군":90.0,
            "중학군":40.5,
            "학군총점":50.4,
            "인구수":13.61,
            "인구증감":-2.41,
            "인구총점":8.804,
            "일자리":8.53,
            "소득수준":54.19,
            "일자리총점":22.228,
            "가치 총점":45.225,
            "매매실거래년":20220117.0,
            "매매실거래가":28000.0,
            "전세실거래년":20220114.0,
            "전세실거래가":22500.0,
            "전세가율":97.83,
            "장기전세가율평균":71.02,
            "전세가율거품지수":-26.81,
            "검색코드":110724,
            "세대수":863.0,
            "준공년월":"2017-08-01",
            "준공년차":6.0,
            "가까운역이름":"NA",
            "가까운역거리":"NA",
            "역세권여부":"NA",
            "30분이내주요거점역":"NA",
            "30분거점역이름":"NA",
            "1시간이내주요거점역":"NA",
            "1시간거점역이름":"NA",
            "3km이내백화점수":0,
            "5km이내아울렛몰수":0,
            "1km이내대형먀트수":0,
            "500m이내은행수":0,
            "500m이내병원수":1,
            "5km이내대형병원수":1,
            "500m이내공원수":2,
            "3km이내혐오시설수":0,
            "초등학교학업성취도":90.0,
            "중학교학업성취도":67.5,
            "용적률":172,
            "건폐율":15,
            "Y":37.121771,
            "X":128.196988,
            "rank":18.0,
            "area_info":"27평(89.69), 30평(100.22), 30평(100.0), 30평(100.72), 30평(100.22), 30평(100.0), 33평(109.85), 33평(110.07), 34평(112.79), 34평(113.31)",
            "last_sales":"2022-01-17,28000.0,33평(109.85)",
            "rank_history":[
                [
                    "202203",
                    18
                ],
                [
                    "202202",
                    16
                ],
                [
                    "202201",
                    18
                ]
            ],
            "rank_gap":-2
        },
        {
            "index":96,
            "아파트명":"수정타운",
            "투자타입":"재건축",
            "전용면적(m2)":"62.09",
            "전용면적(평)":"18평",
            "법정동주소":"충청북도 제천시 장락동 852",
            "도로명주소":"충청북도 제천시 용두천로32길 13",
            "세대수":0,
            "입주년차":"--",
            "용적률점수":100,
            "건폐율점수":60,
            "세대당주차수":"--",
            "난방방식":"--",
            "공급면적":50,
            "전용률":80,
            "욕실수":"--",
            "현관타입":"--",
            "주거총점":58.5,
            "지역구공급총점":100.0,
            "역세권":"NA",
            "30분내 이동가능 거점":"NA",
            "1시간내 이동가능 거점":"NA",
            "교통총점":"NA",
            "백화점":0,
            "아울렛몰":0,
            "대형마트":0,
            "은행":0,
            "병원":30,
            "종합병원":100,
            "공원":100,
            "혐오시설":0,
            "인프라총점":26.0,
            "초등학군":89.99,
            "중학군":48.96,
            "학군총점":57.166,
            "인구수":13.61,
            "인구증감":-2.41,
            "인구총점":8.804,
            "일자리":8.53,
            "소득수준":54.19,
            "일자리총점":22.228,
            "가치 총점":45.1665,
            "매매실거래년":"18000101",
            "매매실거래가":null,
            "전세실거래년":null,
            "전세실거래가":null,
            "전세가율":null,
            "장기전세가율평균":71.02,
            "전세가율거품지수":null,
            "검색코드":15354,
            "세대수":147.0,
            "준공년월":"1991-12-12",
            "준공년차":32.0,
            "가까운역이름":"NA",
            "가까운역거리":"NA",
            "역세권여부":"NA",
            "30분이내주요거점역":"NA",
            "30분거점역이름":"NA",
            "1시간이내주요거점역":"NA",
            "1시간거점역이름":"NA",
            "3km이내백화점수":0,
            "5km이내아울렛몰수":0,
            "1km이내대형먀트수":0,
            "500m이내은행수":0,
            "500m이내병원수":7,
            "5km이내대형병원수":2,
            "500m이내공원수":7,
            "3km이내혐오시설수":0,
            "초등학교학업성취도":89.99,
            "중학교학업성취도":81.6,
            "용적률":107,
            "건폐율":31,
            "Y":37.150583,
            "X":128.221368,
            "rank":19.0,
            "area_info":"18평(62.09), 20평(68.98)",
            "last_sales":"1800-01-01,nan,18평(62.09)",
            "rank_history":[
                [
                    "202203",
                    19
                ],
                [
                    "202202",
                    17
                ],
                [
                    "202201",
                    17
                ]
            ],
            "rank_gap":-2
        },
        {
            "index":205,
            "아파트명":"하소힐스테이트",
            "투자타입":"일반",
            "전용면적(m2)":"114.53",
            "전용면적(평)":"34평",
            "법정동주소":"충청북도 제천시 하소동 156",
            "도로명주소":"충청북도 제천시 용두대로7길 36",
            "세대수":30,
            "입주년차":40,
            "용적률점수":"--",
            "건폐율점수":"--",
            "세대당주차수":60,
            "난방방식":30,
            "공급면적":"--",
            "전용률":"--",
            "욕실수":100,
            "현관타입":50,
            "주거총점":45.5,
            "지역구공급총점":100.0,
            "역세권":"NA",
            "30분내 이동가능 거점":"NA",
            "1시간내 이동가능 거점":"NA",
            "교통총점":"NA",
            "백화점":0,
            "아울렛몰":0,
            "대형마트":80,
            "은행":0,
            "병원":10,
            "종합병원":100,
            "공원":100,
            "혐오시설":0,
            "인프라총점":36.0,
            "초등학군":89.99,
            "중학군":49.54,
            "학군총점":57.63,
            "인구수":13.61,
            "인구증감":-2.41,
            "인구총점":8.804,
            "일자리":8.53,
            "소득수준":54.19,
            "일자리총점":22.228,
            "가치 총점":44.7325,
            "매매실거래년":20220210.0,
            "매매실거래가":44000.0,
            "전세실거래년":20210714.0,
            "전세실거래가":28000.0,
            "전세가율":93.33,
            "장기전세가율평균":71.02,
            "전세가율거품지수":-22.31,
            "검색코드":105109,
            "세대수":358.0,
            "준공년월":"2008-02-27",
            "준공년차":15.0,
            "가까운역이름":"NA",
            "가까운역거리":"NA",
            "역세권여부":"NA",
            "30분이내주요거점역":"NA",
            "30분거점역이름":"NA",
            "1시간이내주요거점역":"NA",
            "1시간거점역이름":"NA",
            "3km이내백화점수":0,
            "5km이내아울렛몰수":0,
            "1km이내대형먀트수":1,
            "500m이내은행수":0,
            "500m이내병원수":4,
            "5km이내대형병원수":2,
            "500m이내공원수":3,
            "3km이내혐오시설수":0,
            "초등학교학업성취도":89.99,
            "중학교학업성취도":82.3,
            "용적률":206,
            "건폐율":18,
            "Y":37.136803,
            "X":128.196385,
            "rank":20.0,
            "area_info":"34평(114.53), 34평(114.61), 36평(119.6), 47평(156.89), 55평(185.06)",
            "last_sales":"2022-02-10,44000.0,47평(156.89)",
            "rank_history":[
                [
                    "202203",
                    20
                ],
                [
                    "202202",
                    18
                ],
                [
                    "202201",
                    19
                ]
            ],
            "rank_gap":-2
        },
        {
            "index":39,
            "아파트명":"부강",
            "투자타입":"재건축",
            "전용면적(m2)":"69.4",
            "전용면적(평)":"20평",
            "법정동주소":"충청북도 제천시 고암동 1163-1",
            "도로명주소":"충청북도 제천시 고암로 88",
            "세대수":30,
            "입주년차":"--",
            "용적률점수":80,
            "건폐율점수":60,
            "세대당주차수":"--",
            "난방방식":"--",
            "공급면적":50,
            "전용률":80,
            "욕실수":"--",
            "현관타입":"--",
            "주거총점":59.5,
            "지역구공급총점":100.0,
            "역세권":"NA",
            "30분내 이동가능 거점":"NA",
            "1시간내 이동가능 거점":"NA",
            "교통총점":"NA",
            "백화점":0,
            "아울렛몰":0,
            "대형마트":0,
            "은행":0,
            "병원":10,
            "종합병원":100,
            "공원":100,
            "혐오시설":0,
            "인프라총점":24.0,
            "초등학군":90.0,
            "중학군":48.96,
            "학군총점":57.168,
            "인구수":13.61,
            "인구증감":-2.41,
            "인구총점":8.804,
            "일자리":8.53,
            "소득수준":54.19,
            "일자리총점":22.228,
            "가치 총점":44.717,
            "매매실거래년":20220208.0,
            "매매실거래가":8000.0,
            "전세실거래년":20220223.0,
            "전세실거래가":5500.0,
            "전세가율":91.67,
            "장기전세가율평균":71.02,
            "전세가율거품지수":-20.65,
            "검색코드":15340,
            "세대수":305.0,
            "준공년월":"1988-11-22",
            "준공년차":35.0,
            "가까운역이름":"NA",
            "가까운역거리":"NA",
            "역세권여부":"NA",
            "30분이내주요거점역":"NA",
            "30분거점역이름":"NA",
            "1시간이내주요거점역":"NA",
            "1시간거점역이름":"NA",
            "3km이내백화점수":0,
            "5km이내아울렛몰수":0,
            "1km이내대형먀트수":0,
            "500m이내은행수":0,
            "500m이내병원수":2,
            "5km이내대형병원수":2,
            "500m이내공원수":4,
            "3km이내혐오시설수":0,
            "초등학교학업성취도":90.0,
            "중학교학업성취도":81.6,
            "용적률":155,
            "건폐율":33,
            "Y":37.159731,
            "X":128.215405,
            "rank":21.0,
            "area_info":"20평(69.4), 20평(69.39), 21평(70.15)",
            "last_sales":"2022-02-08,8000.0,21평(70.15)",
            "rank_history":[
                [
                    "202203",
                    21
                ],
                [
                    "202202",
                    19
                ],
                [
                    "202201",
                    20
                ]
            ],
            "rank_gap":-2
        },
        {
            "index":132,
            "아파트명":"제천신원아침도시더퍼스트",
            "투자타입":"일반",
            "전용면적(m2)":"79.49",
            "전용면적(평)":"24평",
            "법정동주소":"충청북도 제천시 천남동 493",
            "도로명주소":"충청북도 제천시 원뜰로 25",
            "세대수":50,
            "입주년차":100,
            "용적률점수":"--",
            "건폐율점수":"--",
            "세대당주차수":30,
            "난방방식":30,
            "공급면적":"--",
            "전용률":"--",
            "욕실수":100,
            "현관타입":100,
            "주거총점":65.0,
            "지역구공급총점":100.0,
            "역세권":"NA",
            "30분내 이동가능 거점":"NA",
            "1시간내 이동가능 거점":"NA",
            "교통총점":"NA",
            "백화점":0,
            "아울렛몰":0,
            "대형마트":0,
            "은행":0,
            "병원":0,
            "종합병원":100,
            "공원":100,
            "혐오시설":0,
            "인프라총점":23.0,
            "초등학군":89.99,
            "중학군":40.5,
            "학군총점":50.398,
            "인구수":13.61,
            "인구증감":-2.41,
            "인구총점":8.804,
            "일자리":8.53,
            "소득수준":54.19,
            "일자리총점":22.228,
            "가치 총점":44.5495,
            "매매실거래년":20220217.0,
            "매매실거래가":31500.0,
            "전세실거래년":20211012.0,
            "전세실거래가":16000.0,
            "전세가율":67.23,
            "장기전세가율평균":71.02,
            "전세가율거품지수":3.79,
            "검색코드":115012,
            "세대수":492.0,
            "준공년월":"2020-01-10",
            "준공년차":3.0,
            "가까운역이름":"NA",
            "가까운역거리":"NA",
            "역세권여부":"NA",
            "30분이내주요거점역":"NA",
            "30분거점역이름":"NA",
            "1시간이내주요거점역":"NA",
            "1시간거점역이름":"NA",
            "3km이내백화점수":0,
            "5km이내아울렛몰수":0,
            "1km이내대형먀트수":0,
            "500m이내은행수":1,
            "500m이내병원수":0,
            "5km이내대형병원수":2,
            "500m이내공원수":5,
            "3km이내혐오시설수":0,
            "초등학교학업성취도":89.99,
            "중학교학업성취도":67.5,
            "용적률":286,
            "건폐율":22,
            "Y":37.132239,
            "X":128.193844,
            "rank":22.0,
            "area_info":"24평(79.49), 30평(100.9), 30평(101.41), 33평(112.34), 33평(112.31)",
            "last_sales":"2022-02-17,31500.0,30평(100.9)",
            "rank_history":[
                [
                    "202203",
                    22
                ],
                [
                    "202202",
                    20
                ],
                [
                    "202201",
                    13
                ]
            ],
            "rank_gap":-2
        },
        {
            "index":51,
            "아파트명":"동현",
            "투자타입":"재건축",
            "전용면적(m2)":"71.02",
            "전용면적(평)":"21평",
            "법정동주소":"충청북도 제천시 동현동 239",
            "도로명주소":"충청북도 제천시 의병대로26길 15",
            "세대수":0,
            "입주년차":"--",
            "용적률점수":100,
            "건폐율점수":60,
            "세대당주차수":"--",
            "난방방식":"--",
            "공급면적":50,
            "전용률":100,
            "욕실수":"--",
            "현관타입":"--",
            "주거총점":59.5,
            "지역구공급총점":100.0,
            "역세권":"NA",
            "30분내 이동가능 거점":"NA",
            "1시간내 이동가능 거점":"NA",
            "교통총점":"NA",
            "백화점":0,
            "아울렛몰":0,
            "대형마트":0,
            "은행":0,
            "병원":30,
            "종합병원":100,
            "공원":100,
            "혐오시설":0,
            "인프라총점":26.0,
            "초등학군":90.02,
            "중학군":40.5,
            "학군총점":50.404,
            "인구수":13.61,
            "인구증감":-2.41,
            "인구총점":8.804,
            "일자리":8.53,
            "소득수준":54.19,
            "일자리총점":22.228,
            "가치 총점":43.826,
            "매매실거래년":20211213.0,
            "매매실거래가":6250.0,
            "전세실거래년":20211102.0,
            "전세실거래가":5400.0,
            "전세가율":86.4,
            "장기전세가율평균":71.02,
            "전세가율거품지수":-15.38,
            "검색코드":115014,
            "세대수":88.0,
            "준공년월":"1986-02-03",
            "준공년차":37.0,
            "가까운역이름":"NA",
            "가까운역거리":"NA",
            "역세권여부":"NA",
            "30분이내주요거점역":"NA",
            "30분거점역이름":"NA",
            "1시간이내주요거점역":"NA",
            "1시간거점역이름":"NA",
            "3km이내백화점수":0,
            "5km이내아울렛몰수":0,
            "1km이내대형먀트수":0,
            "500m이내은행수":0,
            "500m이내병원수":5,
            "5km이내대형병원수":2,
            "500m이내공원수":3,
            "3km이내혐오시설수":0,
            "초등학교학업성취도":90.02,
            "중학교학업성취도":67.5,
            "용적률":134,
            "건폐율":34,
            "Y":37.133047,
            "X":128.216968,
            "rank":23.0,
            "area_info":"21평(71.02)",
            "last_sales":"2021-12-13,6250.0,21평(71.02)",
            "rank_history":[
                [
                    "202203",
                    23
                ],
                [
                    "202202",
                    9999
                ]
            ],
            "rank_gap":9999
        },
        {
            "index":199,
            "아파트명":"하소주공2단지",
            "투자타입":"일반",
            "전용면적(m2)":"56.68",
            "전용면적(평)":"17평",
            "법정동주소":"충청북도 제천시 하소동 353",
            "도로명주소":"충청북도 제천시 하소로 88",
            "세대수":80,
            "입주년차":0,
            "용적률점수":"--",
            "건폐율점수":"--",
            "세대당주차수":0,
            "난방방식":80,
            "공급면적":"--",
            "전용률":"--",
            "욕실수":50,
            "현관타입":10,
            "주거총점":42.0,
            "지역구공급총점":100.0,
            "역세권":"NA",
            "30분내 이동가능 거점":"NA",
            "1시간내 이동가능 거점":"NA",
            "교통총점":"NA",
            "백화점":0,
            "아울렛몰":0,
            "대형마트":80,
            "은행":0,
            "병원":10,
            "종합병원":100,
            "공원":100,
            "혐오시설":0,
            "인프라총점":36.0,
            "초등학군":89.97,
            "중학군":49.54,
            "학군총점":57.626,
            "인구수":13.61,
            "인구증감":-2.41,
            "인구총점":8.804,
            "일자리":8.53,
            "소득수준":54.19,
            "일자리총점":22.228,
            "가치 총점":43.5065,
            "매매실거래년":20220219.0,
            "매매실거래가":6900.0,
            "전세실거래년":20211115.0,
            "전세실거래가":6000.0,
            "전세가율":86.96,
            "장기전세가율평균":71.02,
            "전세가율거품지수":-15.94,
            "검색코드":6976,
            "세대수":780.0,
            "준공년월":"1995-09-28",
            "준공년차":28.0,
            "가까운역이름":"NA",
            "가까운역거리":"NA",
            "역세권여부":"NA",
            "30분이내주요거점역":"NA",
            "30분거점역이름":"NA",
            "1시간이내주요거점역":"NA",
            "1시간거점역이름":"NA",
            "3km이내백화점수":0,
            "5km이내아울렛몰수":0,
            "1km이내대형먀트수":1,
            "500m이내은행수":0,
            "500m이내병원수":4,
            "5km이내대형병원수":2,
            "500m이내공원수":3,
            "3km이내혐오시설수":0,
            "초등학교학업성취도":89.97,
            "중학교학업성취도":82.3,
            "용적률":235,
            "건폐율":17,
            "Y":37.145072,
            "X":128.198647,
            "rank":24.0,
            "area_info":"17평(56.68), 24평(79.99), 24평(82.42)",
            "last_sales":"2022-02-19,6900.0,17평(56.68)",
            "rank_history":[
                [
                    "202203",
                    24
                ],
                [
                    "202202",
                    21
                ],
                [
                    "202201",
                    21
                ]
            ],
            "rank_gap":-3
        },
        {
            "index":42,
            "아파트명":"제천고암오네뜨프라임",
            "투자타입":"일반",
            "전용면적(m2)":"75.58",
            "전용면적(평)":"22평",
            "법정동주소":"충청북도 제천시 고암동 1268",
            "도로명주소":"충청북도 제천시 신죽하로 83-20",
            "세대수":50,
            "입주년차":80,
            "용적률점수":"--",
            "건폐율점수":"--",
            "세대당주차수":30,
            "난방방식":30,
            "공급면적":"--",
            "전용률":"--",
            "욕실수":50,
            "현관타입":100,
            "주거총점":56.0,
            "지역구공급총점":100.0,
            "역세권":"NA",
            "30분내 이동가능 거점":"NA",
            "1시간내 이동가능 거점":"NA",
            "교통총점":"NA",
            "백화점":0,
            "아울렛몰":0,
            "대형마트":0,
            "은행":0,
            "병원":10,
            "종합병원":100,
            "공원":100,
            "혐오시설":0,
            "인프라총점":24.0,
            "초등학군":90.0,
            "중학군":48.96,
            "학군총점":57.168,
            "인구수":13.61,
            "인구증감":-2.41,
            "인구총점":8.804,
            "일자리":8.53,
            "소득수준":54.19,
            "일자리총점":22.228,
            "가치 총점":43.492,
            "매매실거래년":20220211.0,
            "매매실거래가":24700.0,
            "전세실거래년":20220106.0,
            "전세실거래가":10500.0,
            "전세가율":52.5,
            "장기전세가율평균":71.02,
            "전세가율거품지수":18.52,
            "검색코드":113145,
            "세대수":596.0,
            "준공년월":"2017-12-01",
            "준공년차":6.0,
            "가까운역이름":"NA",
            "가까운역거리":"NA",
            "역세권여부":"NA",
            "30분이내주요거점역":"NA",
            "30분거점역이름":"NA",
            "1시간이내주요거점역":"NA",
            "1시간거점역이름":"NA",
            "3km이내백화점수":0,
            "5km이내아울렛몰수":0,
            "1km이내대형먀트수":0,
            "500m이내은행수":0,
            "500m이내병원수":2,
            "5km이내대형병원수":2,
            "500m이내공원수":5,
            "3km이내혐오시설수":0,
            "초등학교학업성취도":90.0,
            "중학교학업성취도":81.6,
            "용적률":161,
            "건폐율":15,
            "Y":37.160165,
            "X":128.219865,
            "rank":25.0,
            "area_info":"22평(75.58), 25평(84.59), 33평(110.3)",
            "last_sales":"2022-02-11,24700.0,25평(84.59)",
            "rank_history":[
                [
                    "202203",
                    25
                ],
                [
                    "202202",
                    22
                ],
                [
                    "202201",
                    24
                ]
            ],
            "rank_gap":-3
        },
        {
            "index":202,
            "아파트명":"하소현대",
            "투자타입":"일반",
            "전용면적(m2)":"78.98",
            "전용면적(평)":"23평",
            "법정동주소":"충청북도 제천시 하소동 110",
            "도로명주소":"충청북도 제천시 용두대로15길 38",
            "세대수":50,
            "입주년차":0,
            "용적률점수":"--",
            "건폐율점수":"--",
            "세대당주차수":0,
            "난방방식":30,
            "공급면적":"--",
            "전용률":"--",
            "욕실수":50,
            "현관타입":100,
            "주거총점":35.5,
            "지역구공급총점":100.0,
            "역세권":"NA",
            "30분내 이동가능 거점":"NA",
            "1시간내 이동가능 거점":"NA",
            "교통총점":"NA",
            "백화점":0,
            "아울렛몰":0,
            "대형마트":80,
            "은행":0,
            "병원":60,
            "종합병원":100,
            "공원":100,
            "혐오시설":0,
            "인프라총점":41.0,
            "초등학군":89.97,
            "중학군":49.54,
            "학군총점":57.626,
            "인구수":13.61,
            "인구증감":-2.41,
            "인구총점":8.804,
            "일자리":8.53,
            "소득수준":54.19,
            "일자리총점":22.228,
            "가치 총점":43.2315,
            "매매실거래년":20220129.0,
            "매매실거래가":17300.0,
            "전세실거래년":20190805.0,
            "전세실거래가":8500.0,
            "전세가율":75.89,
            "장기전세가율평균":71.02,
            "전세가율거품지수":-4.87,
            "검색코드":6979,
            "세대수":497.0,
            "준공년월":"1996-12-30",
            "준공년차":27.0,
            "가까운역이름":"NA",
            "가까운역거리":"NA",
            "역세권여부":"NA",
            "30분이내주요거점역":"NA",
            "30분거점역이름":"NA",
            "1시간이내주요거점역":"NA",
            "1시간거점역이름":"NA",
            "3km이내백화점수":0,
            "5km이내아울렛몰수":0,
            "1km이내대형먀트수":1,
            "500m이내은행수":0,
            "500m이내병원수":12,
            "5km이내대형병원수":2,
            "500m이내공원수":3,
            "3km이내혐오시설수":0,
            "초등학교학업성취도":89.97,
            "중학교학업성취도":82.3,
            "용적률":201,
            "건폐율":19,
            "Y":37.141019,
            "X":128.197173,
            "rank":26.0,
            "area_info":"23평(78.98), 23평(79.06), 31평(103.45)",
            "last_sales":"2022-01-29,17300.0,31평(103.45)",
            "rank_history":[
                [
                    "202203",
                    26
                ],
                [
                    "202202",
                    23
                ],
                [
                    "202201",
                    22
                ]
            ],
            "rank_gap":-3
        },
        {
            "index":58,
            "아파트명":"진보하이스트",
            "투자타입":"일반",
            "전용면적(m2)":"88.9",
            "전용면적(평)":"26평",
            "법정동주소":"충청북도 제천시 명동 174-2",
            "도로명주소":"충청북도 제천시 의병대로14길 24",
            "세대수":0,
            "입주년차":60,
            "용적률점수":"--",
            "건폐율점수":"--",
            "세대당주차수":0,
            "난방방식":30,
            "공급면적":"--",
            "전용률":"--",
            "욕실수":100,
            "현관타입":100,
            "주거총점":35.0,
            "지역구공급총점":100.0,
            "역세권":"NA",
            "30분내 이동가능 거점":"NA",
            "1시간내 이동가능 거점":"NA",
            "교통총점":"NA",
            "백화점":0,
            "아울렛몰":0,
            "대형마트":100,
            "은행":0,
            "병원":80,
            "종합병원":100,
            "공원":80,
            "혐오시설":0,
            "인프라총점":45.4,
            "초등학군":89.99,
            "중학군":40.5,
            "학군총점":50.398,
            "인구수":13.61,
            "인구증감":-2.41,
            "인구총점":8.804,
            "일자리":8.53,
            "소득수준":54.19,
            "일자리총점":22.228,
            "가치 총점":43.0095,
            "매매실거래년":20220109.0,
            "매매실거래가":22000.0,
            "전세실거래년":20220124.0,
            "전세실거래가":19000.0,
            "전세가율":86.36,
            "장기전세가율평균":71.02,
            "전세가율거품지수":-15.34,
            "검색코드":120368,
            "세대수":63.0,
            "준공년월":"2013-11-01",
            "준공년차":10.0,
            "가까운역이름":"NA",
            "가까운역거리":"NA",
            "역세권여부":"NA",
            "30분이내주요거점역":"NA",
            "30분거점역이름":"NA",
            "1시간이내주요거점역":"NA",
            "1시간거점역이름":"NA",
            "3km이내백화점수":0,
            "5km이내아울렛몰수":0,
            "1km이내대형먀트수":2,
            "500m이내은행수":1,
            "500m이내병원수":31,
            "5km이내대형병원수":2,
            "500m이내공원수":1,
            "3km이내혐오시설수":0,
            "초등학교학업성취도":89.99,
            "중학교학업성취도":67.5,
            "용적률":333,
            "건폐율":40,
            "Y":37.135011,
            "X":128.206726,
            "rank":27.0,
            "area_info":"26평(88.9), 37평(125.11)",
            "last_sales":"2022-01-09,22000.0,26평(88.9)",
            "rank_history":[
                [
                    "202203",
                    27
                ],
                [
                    "202202",
                    9999
                ]
            ],
            "rank_gap":9999
        },
        {
            "index":164,
            "아파트명":"청전두진백로1차",
            "투자타입":"일반",
            "전용면적(m2)":"75.13",
            "전용면적(평)":"22평",
            "법정동주소":"충청북도 제천시 청전동 985",
            "도로명주소":"충청북도 제천시 칠성로 19",
            "세대수":50,
            "입주년차":0,
            "용적률점수":"--",
            "건폐율점수":"--",
            "세대당주차수":0,
            "난방방식":30,
            "공급면적":"--",
            "전용률":"--",
            "욕실수":50,
            "현관타입":100,
            "주거총점":35.5,
            "지역구공급총점":100.0,
            "역세권":"NA",
            "30분내 이동가능 거점":"NA",
            "1시간내 이동가능 거점":"NA",
            "교통총점":"NA",
            "백화점":0,
            "아울렛몰":0,
            "대형마트":100,
            "은행":0,
            "병원":10,
            "종합병원":100,
            "공원":100,
            "혐오시설":0,
            "인프라총점":39.0,
            "초등학군":90.0,
            "중학군":52.28,
            "학군총점":59.824,
            "인구수":13.61,
            "인구증감":-2.41,
            "인구총점":8.804,
            "일자리":8.53,
            "소득수준":54.19,
            "일자리총점":22.228,
            "가치 총점":42.981,
            "매매실거래년":20220106.0,
            "매매실거래가":13500.0,
            "전세실거래년":20210407.0,
            "전세실거래가":9000.0,
            "전세가율":66.67,
            "장기전세가율평균":71.02,
            "전세가율거품지수":4.35,
            "검색코드":6960,
            "세대수":484.0,
            "준공년월":"1995-05-31",
            "준공년차":28.0,
            "가까운역이름":"NA",
            "가까운역거리":"NA",
            "역세권여부":"NA",
            "30분이내주요거점역":"NA",
            "30분거점역이름":"NA",
            "1시간이내주요거점역":"NA",
            "1시간거점역이름":"NA",
            "3km이내백화점수":0,
            "5km이내아울렛몰수":0,
            "1km이내대형먀트수":2,
            "500m이내은행수":1,
            "500m이내병원수":3,
            "5km이내대형병원수":2,
            "500m이내공원수":4,
            "3km이내혐오시설수":0,
            "초등학교학업성취도":90.0,
            "중학교학업성취도":86.0,
            "용적률":227,
            "건폐율":26,
            "Y":37.146614,
            "X":128.208647,
            "rank":28.0,
            "area_info":"22평(75.13), 31평(103.19)",
            "last_sales":"2022-01-06,13500.0,22평(75.13)",
            "rank_history":[
                [
                    "202203",
                    28
                ],
                [
                    "202202",
                    24
                ],
                [
                    "202201",
                    23
                ]
            ],
            "rank_gap":-4
        },
        {
            "index":83,
            "아파트명":"부영사랑으로",
            "투자타입":"일반",
            "전용면적(m2)":"117.86",
            "전용면적(평)":"35평",
            "법정동주소":"충청북도 제천시 신월동 1414",
            "도로명주소":"충청북도 제천시 대학로12길 8",
            "세대수":50,
            "입주년차":40,
            "용적률점수":"--",
            "건폐율점수":"--",
            "세대당주차수":30,
            "난방방식":30,
            "공급면적":"--",
            "전용률":"--",
            "욕실수":100,
            "현관타입":100,
            "주거총점":53.0,
            "지역구공급총점":100.0,
            "역세권":"NA",
            "30분내 이동가능 거점":"NA",
            "1시간내 이동가능 거점":"NA",
            "교통총점":"NA",
            "백화점":0,
            "아울렛몰":0,
            "대형마트":0,
            "은행":0,
            "병원":0,
            "종합병원":100,
            "공원":100,
            "혐오시설":0,
            "인프라총점":23.0,
            "초등학군":90.0,
            "중학군":52.28,
            "학군총점":59.824,
            "인구수":13.61,
            "인구증감":-2.41,
            "인구총점":8.804,
            "일자리":8.53,
            "소득수준":54.19,
            "일자리총점":22.228,
            "가치 총점":42.706,
            "매매실거래년":20220122.0,
            "매매실거래가":16500.0,
            "전세실거래년":20220218.0,
            "전세실거래가":11416.0,
            "전세가율":69.19,
            "장기전세가율평균":71.02,
            "전세가율거품지수":1.83,
            "검색코드":122286,
            "세대수":401.0,
            "준공년월":"2006-11-07",
            "준공년차":17.0,
            "가까운역이름":"NA",
            "가까운역거리":"NA",
            "역세권여부":"NA",
            "30분이내주요거점역":"NA",
            "30분거점역이름":"NA",
            "1시간이내주요거점역":"NA",
            "1시간거점역이름":"NA",
            "3km이내백화점수":0,
            "5km이내아울렛몰수":0,
            "1km이내대형먀트수":0,
            "500m이내은행수":0,
            "500m이내병원수":0,
            "5km이내대형병원수":2,
            "500m이내공원수":3,
            "3km이내혐오시설수":0,
            "초등학교학업성취도":90.0,
            "중학교학업성취도":86.0,
            "용적률":222,
            "건폐율":20,
            "Y":37.168398,
            "X":128.195092,
            "rank":29.0,
            "area_info":"35평(117.86), 35평(117.86)",
            "last_sales":"2022-01-22,16500.0,35평(117.86)",
            "rank_history":[
                [
                    "202203",
                    29
                ],
                [
                    "202202",
                    25
                ],
                [
                    "202201",
                    26
                ]
            ],
            "rank_gap":-4
        },
        {
            "index":71,
            "아파트명":"선광로즈웰",
            "투자타입":"일반",
            "전용면적(m2)":"78.29",
            "전용면적(평)":"23평",
            "법정동주소":"충청북도 제천시 신백동 209-8",
            "도로명주소":"충청북도 제천시 신백로 30",
            "세대수":50,
            "입주년차":20,
            "용적률점수":"--",
            "건폐율점수":"--",
            "세대당주차수":0,
            "난방방식":30,
            "공급면적":"--",
            "전용률":"--",
            "욕실수":100,
            "현관타입":100,
            "주거총점":44.5,
            "지역구공급총점":100.0,
            "역세권":"NA",
            "30분내 이동가능 거점":"NA",
            "1시간내 이동가능 거점":"NA",
            "교통총점":"NA",
            "백화점":0,
            "아울렛몰":0,
            "대형마트":80,
            "은행":0,
            "병원":0,
            "종합병원":100,
            "공원":80,
            "혐오시설":0,
            "인프라총점":34.4,
            "초등학군":90.03,
            "중학군":42.0,
            "학군총점":51.606,
            "인구수":13.61,
            "인구증감":-2.41,
            "인구총점":8.804,
            "일자리":8.53,
            "소득수준":54.19,
            "일자리총점":22.228,
            "가치 총점":42.2365,
            "매매실거래년":20220211.0,
            "매매실거래가":12000.0,
            "전세실거래년":20170731.0,
            "전세실거래가":8000.0,
            "전세가율":66.67,
            "장기전세가율평균":71.02,
            "전세가율거품지수":4.35,
            "검색코드":6948,
            "세대수":698.0,
            "준공년월":"2000-06-20",
            "준공년차":23.0,
            "가까운역이름":"NA",
            "가까운역거리":"NA",
            "역세권여부":"NA",
            "30분이내주요거점역":"NA",
            "30분거점역이름":"NA",
            "1시간이내주요거점역":"NA",
            "1시간거점역이름":"NA",
            "3km이내백화점수":0,
            "5km이내아울렛몰수":0,
            "1km이내대형먀트수":1,
            "500m이내은행수":0,
            "500m이내병원수":0,
            "5km이내대형병원수":2,
            "500m이내공원수":1,
            "3km이내혐오시설수":0,
            "초등학교학업성취도":90.03,
            "중학교학업성취도":70.0,
            "용적률":217,
            "건폐율":24,
            "Y":37.127851,
            "X":128.224986,
            "rank":30.0,
            "area_info":"23평(78.29)",
            "last_sales":"2022-02-11,12000.0,23평(78.29)",
            "rank_history":[
                [
                    "202203",
                    30
                ],
                [
                    "202202",
                    26
                ],
                [
                    "202201",
                    30
                ]
            ],
            "rank_gap":-4
        },
        {
            "index":143,
            "아파트명":"비둘기",
            "투자타입":"재건축",
            "전용면적(m2)":"47.87",
            "전용면적(평)":"14평",
            "법정동주소":"충청북도 제천시 청전동 639",
            "도로명주소":"충청북도 제천시 청전대로 166",
            "세대수":80,
            "입주년차":"--",
            "용적률점수":0,
            "건폐율점수":80,
            "세대당주차수":"--",
            "난방방식":"--",
            "공급면적":50,
            "전용률":60,
            "욕실수":"--",
            "현관타입":"--",
            "주거총점":45.5,
            "지역구공급총점":100.0,
            "역세권":"NA",
            "30분내 이동가능 거점":"NA",
            "1시간내 이동가능 거점":"NA",
            "교통총점":"NA",
            "백화점":0,
            "아울렛몰":0,
            "대형마트":0,
            "은행":0,
            "병원":60,
            "종합병원":100,
            "공원":100,
            "혐오시설":0,
            "인프라총점":29.0,
            "초등학군":90.0,
            "중학군":48.96,
            "학군총점":57.168,
            "인구수":13.61,
            "인구증감":-2.41,
            "인구총점":8.804,
            "일자리":8.53,
            "소득수준":54.19,
            "일자리총점":22.228,
            "가치 총점":41.817,
            "매매실거래년":20220209.0,
            "매매실거래가":4000.0,
            "전세실거래년":20211029.0,
            "전세실거래가":3500.0,
            "전세가율":87.5,
            "장기전세가율평균":71.02,
            "전세가율거품지수":-16.48,
            "검색코드":6963,
            "세대수":768.0,
            "준공년월":"1991-06-13",
            "준공년차":32.0,
            "가까운역이름":"NA",
            "가까운역거리":"NA",
            "역세권여부":"NA",
            "30분이내주요거점역":"NA",
            "30분거점역이름":"NA",
            "1시간이내주요거점역":"NA",
            "1시간거점역이름":"NA",
            "3km이내백화점수":0,
            "5km이내아울렛몰수":0,
            "1km이내대형먀트수":0,
            "500m이내은행수":1,
            "500m이내병원수":11,
            "5km이내대형병원수":2,
            "500m이내공원수":4,
            "3km이내혐오시설수":0,
            "초등학교학업성취도":90.0,
            "중학교학업성취도":81.6,
            "용적률":237,
            "건폐율":22,
            "Y":37.151403,
            "X":128.216338,
            "rank":31.0,
            "area_info":"14평(47.87)",
            "last_sales":"2022-02-09,4000.0,14평(47.87)",
            "rank_history":[
                [
                    "202203",
                    31
                ],
                [
                    "202202",
                    27
                ],
                [
                    "202201",
                    33
                ]
            ],
            "rank_gap":-4
        },
        {
            "index":45,
            "아파트명":"홍인",
            "투자타입":"재건축",
            "전용면적(m2)":"71.53",
            "전용면적(평)":"21평",
            "법정동주소":"충청북도 제천시 고암동 1169-7",
            "도로명주소":"충청북도 제천시 용두천로 394",
            "세대수":0,
            "입주년차":"--",
            "용적률점수":80,
            "건폐율점수":60,
            "세대당주차수":"--",
            "난방방식":"--",
            "공급면적":50,
            "전용률":80,
            "욕실수":"--",
            "현관타입":"--",
            "주거총점":50.5,
            "지역구공급총점":100.0,
            "역세권":"NA",
            "30분내 이동가능 거점":"NA",
            "1시간내 이동가능 거점":"NA",
            "교통총점":"NA",
            "백화점":0,
            "아울렛몰":0,
            "대형마트":0,
            "은행":0,
            "병원":10,
            "종합병원":100,
            "공원":100,
            "혐오시설":0,
            "인프라총점":24.0,
            "초등학군":90.0,
            "중학군":48.96,
            "학군총점":57.168,
            "인구수":13.61,
            "인구증감":-2.41,
            "인구총점":8.804,
            "일자리":8.53,
            "소득수준":54.19,
            "일자리총점":22.228,
            "가치 총점":41.567,
            "매매실거래년":20210907.0,
            "매매실거래가":8400.0,
            "전세실거래년":20200215.0,
            "전세실거래가":5000.0,
            "전세가율":86.21,
            "장기전세가율평균":71.02,
            "전세가율거품지수":-15.19,
            "검색코드":15341,
            "세대수":115.0,
            "준공년월":"1992-04-01",
            "준공년차":31.0,
            "가까운역이름":"NA",
            "가까운역거리":"NA",
            "역세권여부":"NA",
            "30분이내주요거점역":"NA",
            "30분거점역이름":"NA",
            "1시간이내주요거점역":"NA",
            "1시간거점역이름":"NA",
            "3km이내백화점수":0,
            "5km이내아울렛몰수":0,
            "1km이내대형먀트수":0,
            "500m이내은행수":0,
            "500m이내병원수":2,
            "5km이내대형병원수":2,
            "500m이내공원수":5,
            "3km이내혐오시설수":0,
            "초등학교학업성취도":90.0,
            "중학교학업성취도":81.6,
            "용적률":163,
            "건폐율":32,
            "Y":37.160125,
            "X":128.216678,
            "rank":32.0,
            "area_info":"21평(71.53), 27평(90.83), 28평(94.25), 30평(100.67)",
            "last_sales":"2021-09-07,8400.0,28평(94.25)",
            "rank_history":[
                [
                    "202203",
                    32
                ],
                [
                    "202202",
                    29
                ],
                [
                    "202201",
                    31
                ]
            ],
            "rank_gap":-3
        },
        {
            "index":0,
            "아파트명":"센트럴코아루",
            "투자타입":"일반",
            "전용면적(m2)":"93.57",
            "전용면적(평)":"28평",
            "법정동주소":"충청북도 제천시 강제동 805",
            "도로명주소":"충청북도 제천시 강저로11나길 13",
            "세대수":50,
            "입주년차":80,
            "용적률점수":"--",
            "건폐율점수":"--",
            "세대당주차수":30,
            "난방방식":30,
            "공급면적":"--",
            "전용률":"--",
            "욕실수":100,
            "현관타입":100,
            "주거총점":61.0,
            "지역구공급총점":100.0,
            "역세권":"NA",
            "30분내 이동가능 거점":"NA",
            "1시간내 이동가능 거점":"NA",
            "교통총점":"NA",
            "백화점":0,
            "아울렛몰":0,
            "대형마트":0,
            "은행":0,
            "병원":0,
            "종합병원":80,
            "공원":100,
            "혐오시설":0,
            "인프라총점":19.0,
            "초등학군":90.0,
            "중학군":40.5,
            "학군총점":50.4,
            "인구수":13.61,
            "인구증감":-2.41,
            "인구총점":8.804,
            "일자리":8.53,
            "소득수준":54.19,
            "일자리총점":22.228,
            "가치 총점":41.55,
            "매매실거래년":20220213.0,
            "매매실거래가":30500.0,
            "전세실거래년":20210228.0,
            "전세실거래가":14000.0,
            "전세가율":54.26,
            "장기전세가율평균":71.02,
            "전세가율거품지수":16.76,
            "검색코드":108764,
            "세대수":493.0,
            "준공년월":"2016-06-29",
            "준공년차":7.0,
            "가까운역이름":"NA",
            "가까운역거리":"NA",
            "역세권여부":"NA",
            "30분이내주요거점역":"NA",
            "30분거점역이름":"NA",
            "1시간이내주요거점역":"NA",
            "1시간거점역이름":"NA",
            "3km이내백화점수":0,
            "5km이내아울렛몰수":0,
            "1km이내대형먀트수":0,
            "500m이내은행수":0,
            "500m이내병원수":1,
            "5km이내대형병원수":1,
            "500m이내공원수":4,
            "3km이내혐오시설수":0,
            "초등학교학업성취도":90.0,
            "중학교학업성취도":67.5,
            "용적률":163,
            "건폐율":15,
            "Y":37.120601,
            "X":128.2029,
            "rank":33.0,
            "area_info":"28평(93.57), 30평(100.35), 35평(116.48)",
            "last_sales":"2022-02-13,30500.0,30평(100.35)",
            "rank_history":[
                [
                    "202203",
                    33
                ],
                [
                    "202202",
                    28
                ],
                [
                    "202201",
                    27
                ]
            ],
            "rank_gap":-5
        },
        {
            "index":13,
            "아파트명":"제천강저코아루파크(강저지구 B-4BL)",
            "투자타입":"일반",
            "전용면적(m2)":"83.05",
            "전용면적(평)":"25평",
            "법정동주소":"충청북도 제천시 강제동 903",
            "도로명주소":"충청북도 제천시 청풍호로10길 31",
            "세대수":50,
            "입주년차":80,
            "용적률점수":"--",
            "건폐율점수":"--",
            "세대당주차수":30,
            "난방방식":30,
            "공급면적":"--",
            "전용률":"--",
            "욕실수":100,
            "현관타입":100,
            "주거총점":61.0,
            "지역구공급총점":100.0,
            "역세권":"NA",
            "30분내 이동가능 거점":"NA",
            "1시간내 이동가능 거점":"NA",
            "교통총점":"NA",
            "백화점":0,
            "아울렛몰":0,
            "대형마트":0,
            "은행":0,
            "병원":0,
            "종합병원":80,
            "공원":100,
            "혐오시설":0,
            "인프라총점":19.0,
            "초등학군":90.0,
            "중학군":40.5,
            "학군총점":50.4,
            "인구수":13.61,
            "인구증감":-2.41,
            "인구총점":8.804,
            "일자리":8.53,
            "소득수준":54.19,
            "일자리총점":22.228,
            "가치 총점":41.55,
            "매매실거래년":20220216.0,
            "매매실거래가":31000.0,
            "전세실거래년":20220108.0,
            "전세실거래가":13600.0,
            "전세가율":62.96,
            "장기전세가율평균":71.02,
            "전세가율거품지수":8.06,
            "검색코드":107118,
            "세대수":422.0,
            "준공년월":"2015-05-29",
            "준공년차":8.0,
            "가까운역이름":"NA",
            "가까운역거리":"NA",
            "역세권여부":"NA",
            "30분이내주요거점역":"NA",
            "30분거점역이름":"NA",
            "1시간이내주요거점역":"NA",
            "1시간거점역이름":"NA",
            "3km이내백화점수":0,
            "5km이내아울렛몰수":0,
            "1km이내대형먀트수":0,
            "500m이내은행수":0,
            "500m이내병원수":1,
            "5km이내대형병원수":1,
            "500m이내공원수":3,
            "3km이내혐오시설수":0,
            "초등학교학업성취도":90.0,
            "중학교학업성취도":67.5,
            "용적률":176,
            "건폐율":16,
            "Y":37.119922,
            "X":128.198401,
            "rank":33.0,
            "area_info":"25평(83.05), 28평(93.03), 33평(109.63)",
            "last_sales":"2022-02-16,31000.0,33평(109.63)",
            "rank_history":[
                [
                    "202203",
                    33
                ],
                [
                    "202202",
                    28
                ],
                [
                    "202201",
                    27
                ]
            ],
            "rank_gap":-5
        },
        {
            "index":34,
            "아파트명":"보미파란채",
            "투자타입":"일반",
            "전용면적(m2)":"113.92",
            "전용면적(평)":"34평",
            "법정동주소":"충청북도 제천시 고암동 1254",
            "도로명주소":"충청북도 제천시 용두천로46길 12",
            "세대수":30,
            "입주년차":60,
            "용적률점수":"--",
            "건폐율점수":"--",
            "세대당주차수":30,
            "난방방식":30,
            "공급면적":"--",
            "전용률":"--",
            "욕실수":100,
            "현관타입":100,
            "주거총점":50.0,
            "지역구공급총점":100.0,
            "역세권":"NA",
            "30분내 이동가능 거점":"NA",
            "1시간내 이동가능 거점":"NA",
            "교통총점":"NA",
            "백화점":0,
            "아울렛몰":0,
            "대형마트":0,
            "은행":0,
            "병원":10,
            "종합병원":100,
            "공원":100,
            "혐오시설":0,
            "인프라총점":24.0,
            "초등학군":89.99,
            "중학군":48.96,
            "학군총점":57.166,
            "인구수":13.61,
            "인구증감":-2.41,
            "인구총점":8.804,
            "일자리":8.53,
            "소득수준":54.19,
            "일자리총점":22.228,
            "가치 총점":41.3915,
            "매매실거래년":20211119.0,
            "매매실거래가":29900.0,
            "전세실거래년":20210112.0,
            "전세실거래가":19950.0,
            "전세가율":79.8,
            "장기전세가율평균":71.02,
            "전세가율거품지수":-8.78,
            "검색코드":103863,
            "세대수":378.0,
            "준공년월":"2009-10-08",
            "준공년차":14.0,
            "가까운역이름":"NA",
            "가까운역거리":"NA",
            "역세권여부":"NA",
            "30분이내주요거점역":"NA",
            "30분거점역이름":"NA",
            "1시간이내주요거점역":"NA",
            "1시간거점역이름":"NA",
            "3km이내백화점수":0,
            "5km이내아울렛몰수":0,
            "1km이내대형먀트수":0,
            "500m이내은행수":0,
            "500m이내병원수":2,
            "5km이내대형병원수":2,
            "500m이내공원수":7,
            "3km이내혐오시설수":0,
            "초등학교학업성취도":89.99,
            "중학교학업성취도":81.6,
            "용적률":228,
            "건폐율":21,
            "Y":37.157787,
            "X":128.21898,
            "rank":34.0,
            "area_info":"34평(113.92), 34평(114.56), 47평(155.77), 47평(156.76), 55평(182.54)",
            "last_sales":"2021-11-19,29900.0,47평(156.76)",
            "rank_history":[
                [
                    "202203",
                    34
                ],
                [
                    "202202",
                    30
                ],
                [
                    "202201",
                    29
                ]
            ],
            "rank_gap":-4
        },
        {
            "index":162,
            "아파트명":"청전덕일한마음",
            "투자타입":"일반",
            "전용면적(m2)":"74.69",
            "전용면적(평)":"22평",
            "법정동주소":"충청북도 제천시 청전동 987",
            "도로명주소":"충청북도 제천시 칠성로 5",
            "세대수":50,
            "입주년차":0,
            "용적률점수":"--",
            "건폐율점수":"--",
            "세대당주차수":0,
            "난방방식":30,
            "공급면적":"--",
            "전용률":"--",
            "욕실수":50,
            "현관타입":100,
            "주거총점":35.5,
            "지역구공급총점":100.0,
            "역세권":"NA",
            "30분내 이동가능 거점":"NA",
            "1시간내 이동가능 거점":"NA",
            "교통총점":"NA",
            "백화점":0,
            "아울렛몰":0,
            "대형마트":80,
            "은행":0,
            "병원":0,
            "종합병원":100,
            "공원":100,
            "혐오시설":0,
            "인프라총점":35.0,
            "초등학군":90.0,
            "중학군":52.28,
            "학군총점":59.824,
            "인구수":13.61,
            "인구증감":-2.41,
            "인구총점":8.804,
            "일자리":8.53,
            "소득수준":54.19,
            "일자리총점":22.228,
            "가치 총점":41.381,
            "매매실거래년":20211216.0,
            "매매실거래가":13000.0,
            "전세실거래년":20211216.0,
            "전세실거래가":12500.0,
            "전세가율":96.15,
            "장기전세가율평균":71.02,
            "전세가율거품지수":-25.13,
            "검색코드":15358,
            "세대수":420.0,
            "준공년월":"1995-06-13",
            "준공년차":28.0,
            "가까운역이름":"NA",
            "가까운역거리":"NA",
            "역세권여부":"NA",
            "30분이내주요거점역":"NA",
            "30분거점역이름":"NA",
            "1시간이내주요거점역":"NA",
            "1시간거점역이름":"NA",
            "3km이내백화점수":0,
            "5km이내아울렛몰수":0,
            "1km이내대형먀트수":1,
            "500m이내은행수":1,
            "500m이내병원수":1,
            "5km이내대형병원수":2,
            "500m이내공원수":4,
            "3km이내혐오시설수":0,
            "초등학교학업성취도":90.0,
            "중학교학업성취도":86.0,
            "용적률":230,
            "건폐율":24,
            "Y":37.14748,
            "X":128.207895,
            "rank":35.0,
            "area_info":"22평(74.69), 30평(101.7)",
            "last_sales":"2021-12-16,13000.0,22평(74.69)",
            "rank_history":[
                [
                    "202203",
                    35
                ],
                [
                    "202202",
                    31
                ],
                [
                    "202201",
                    25
                ]
            ],
            "rank_gap":-4
        },
        {
            "index":112,
            "아파트명":"장락롯데캐슬",
            "투자타입":"일반",
            "전용면적(m2)":"108.69",
            "전용면적(평)":"32평",
            "법정동주소":"충청북도 제천시 장락동 1046",
            "도로명주소":"충청북도 제천시 신죽하로 83-24",
            "세대수":30,
            "입주년차":40,
            "용적률점수":"--",
            "건폐율점수":"--",
            "세대당주차수":60,
            "난방방식":30,
            "공급면적":"--",
            "전용률":"--",
            "욕실수":100,
            "현관타입":100,
            "주거총점":50.5,
            "지역구공급총점":100.0,
            "역세권":"NA",
            "30분내 이동가능 거점":"NA",
            "1시간내 이동가능 거점":"NA",
            "교통총점":"NA",
            "백화점":0,
            "아울렛몰":0,
            "대형마트":0,
            "은행":0,
            "병원":0,
            "종합병원":100,
            "공원":100,
            "혐오시설":0,
            "인프라총점":23.0,
            "초등학군":89.99,
            "중학군":48.96,
            "학군총점":57.166,
            "인구수":13.61,
            "인구증감":-2.41,
            "인구총점":8.804,
            "일자리":8.53,
            "소득수준":54.19,
            "일자리총점":22.228,
            "가치 총점":41.1665,
            "매매실거래년":20211220.0,
            "매매실거래가":31500.0,
            "전세실거래년":20211110.0,
            "전세실거래가":20000.0,
            "전세가율":88.89,
            "장기전세가율평균":71.02,
            "전세가율거품지수":-17.87,
            "검색코드":27252,
            "세대수":342.0,
            "준공년월":"2008-11-20",
            "준공년차":15.0,
            "가까운역이름":"NA",
            "가까운역거리":"NA",
            "역세권여부":"NA",
            "30분이내주요거점역":"NA",
            "30분거점역이름":"NA",
            "1시간이내주요거점역":"NA",
            "1시간거점역이름":"NA",
            "3km이내백화점수":0,
            "5km이내아울렛몰수":0,
            "1km이내대형먀트수":0,
            "500m이내은행수":0,
            "500m이내병원수":1,
            "5km이내대형병원수":2,
            "500m이내공원수":6,
            "3km이내혐오시설수":0,
            "초등학교학업성취도":89.99,
            "중학교학업성취도":81.6,
            "용적률":208,
            "건폐율":17,
            "Y":37.158718,
            "X":128.222382,
            "rank":36.0,
            "area_info":"32평(108.69), 33평(109.52), 33평(111.88), 46평(152.7), 52평(175.19)",
            "last_sales":"2021-12-20,31500.0,52평(175.19)",
            "rank_history":[
                [
                    "202203",
                    36
                ],
                [
                    "202202",
                    32
                ],
                [
                    "202201",
                    28
                ]
            ],
            "rank_gap":-4
        },
        {
            "index":54,
            "아파트명":"세경",
            "투자타입":"재건축",
            "전용면적(m2)":"47.89",
            "전용면적(평)":"14평",
            "법정동주소":"충청북도 제천시 동현동 63-1",
            "도로명주소":"충청북도 제천시 의병대로30길 10",
            "세대수":30,
            "입주년차":"--",
            "용적률점수":60,
            "건폐율점수":60,
            "세대당주차수":"--",
            "난방방식":"--",
            "공급면적":50,
            "전용률":80,
            "욕실수":"--",
            "현관타입":"--",
            "주거총점":51.5,
            "지역구공급총점":100.0,
            "역세권":"NA",
            "30분내 이동가능 거점":"NA",
            "1시간내 이동가능 거점":"NA",
            "교통총점":"NA",
            "백화점":0,
            "아울렛몰":0,
            "대형마트":0,
            "은행":0,
            "병원":30,
            "종합병원":100,
            "공원":100,
            "혐오시설":0,
            "인프라총점":26.0,
            "초등학군":90.02,
            "중학군":40.5,
            "학군총점":50.404,
            "인구수":13.61,
            "인구증감":-2.41,
            "인구총점":8.804,
            "일자리":8.53,
            "소득수준":54.19,
            "일자리총점":22.228,
            "가치 총점":41.026,
            "매매실거래년":20220218.0,
            "매매실거래가":4500.0,
            "전세실거래년":null,
            "전세실거래가":null,
            "전세가율":null,
            "장기전세가율평균":71.02,
            "전세가율거품지수":null,
            "검색코드":17216,
            "세대수":390.0,
            "준공년월":"1989-12-09",
            "준공년차":34.0,
            "가까운역이름":"NA",
            "가까운역거리":"NA",
            "역세권여부":"NA",
            "30분이내주요거점역":"NA",
            "30분거점역이름":"NA",
            "1시간이내주요거점역":"NA",
            "1시간거점역이름":"NA",
            "3km이내백화점수":0,
            "5km이내아울렛몰수":0,
            "1km이내대형먀트수":0,
            "500m이내은행수":0,
            "500m이내병원수":5,
            "5km이내대형병원수":2,
            "500m이내공원수":3,
            "3km이내혐오시설수":0,
            "초등학교학업성취도":90.02,
            "중학교학업성취도":67.5,
            "용적률":184,
            "건폐율":34,
            "Y":37.133496,
            "X":128.2173,
            "rank":37.0,
            "area_info":"14평(47.89), 14평(48.7), 19평(65.59)",
            "last_sales":"2022-02-18,4500.0,19평(65.59)",
            "rank_history":[
                [
                    "202203",
                    37
                ],
                [
                    "202202",
                    33
                ],
                [
                    "202201",
                    32
                ]
            ],
            "rank_gap":-4
        },
        {
            "index":52,
            "아파트명":"동현현대",
            "투자타입":"재건축",
            "전용면적(m2)":"87.28",
            "전용면적(평)":"26평",
            "법정동주소":"충청북도 제천시 동현동 29-2",
            "도로명주소":"충청북도 제천시 독순로 140",
            "세대수":0,
            "입주년차":"--",
            "용적률점수":20,
            "건폐율점수":100,
            "세대당주차수":"--",
            "난방방식":"--",
            "공급면적":70,
            "전용률":80,
            "욕실수":"--",
            "현관타입":"--",
            "주거총점":35.5,
            "지역구공급총점":100.0,
            "역세권":"NA",
            "30분내 이동가능 거점":"NA",
            "1시간내 이동가능 거점":"NA",
            "교통총점":"NA",
            "백화점":0,
            "아울렛몰":0,
            "대형마트":80,
            "은행":0,
            "병원":60,
            "종합병원":100,
            "공원":100,
            "혐오시설":0,
            "인프라총점":41.0,
            "초등학군":90.02,
            "중학군":37.8,
            "학군총점":48.244,
            "인구수":13.61,
            "인구증감":-2.41,
            "인구총점":8.804,
            "일자리":8.53,
            "소득수준":54.19,
            "일자리총점":22.228,
            "가치 총점":40.886,
            "매매실거래년":20220112.0,
            "매매실거래가":9400.0,
            "전세실거래년":20210208.0,
            "전세실거래가":9000.0,
            "전세가율":95.74,
            "장기전세가율평균":71.02,
            "전세가율거품지수":-24.72,
            "검색코드":15343,
            "세대수":276.0,
            "준공년월":"1992-10-15",
            "준공년차":31.0,
            "가까운역이름":"NA",
            "가까운역거리":"NA",
            "역세권여부":"NA",
            "30분이내주요거점역":"NA",
            "30분거점역이름":"NA",
            "1시간이내주요거점역":"NA",
            "1시간거점역이름":"NA",
            "3km이내백화점수":0,
            "5km이내아울렛몰수":0,
            "1km이내대형먀트수":1,
            "500m이내은행수":0,
            "500m이내병원수":10,
            "5km이내대형병원수":2,
            "500m이내공원수":4,
            "3km이내혐오시설수":0,
            "초등학교학업성취도":90.02,
            "중학교학업성취도":63.0,
            "용적률":209,
            "건폐율":19,
            "Y":37.136702,
            "X":128.21848,
            "rank":38.0,
            "area_info":"26평(87.28), 31평(103.86)",
            "last_sales":"2022-01-12,9400.0,26평(87.28)",
            "rank_history":[
                [
                    "202203",
                    38
                ],
                [
                    "202202",
                    34
                ],
                [
                    "202201",
                    34
                ]
            ],
            "rank_gap":-4
        },
        {
            "index":117,
            "아파트명":"장락엘크루힐즈",
            "투자타입":"일반",
            "전용면적(m2)":"101.07",
            "전용면적(평)":"30평",
            "법정동주소":"충청북도 제천시 장락동 1058",
            "도로명주소":"충청북도 제천시 내제로 339",
            "세대수":30,
            "입주년차":80,
            "용적률점수":"--",
            "건폐율점수":"--",
            "세대당주차수":30,
            "난방방식":30,
            "공급면적":"--",
            "전용률":"--",
            "욕실수":100,
            "현관타입":100,
            "주거총점":54.0,
            "지역구공급총점":100.0,
            "역세권":"NA",
            "30분내 이동가능 거점":"NA",
            "1시간내 이동가능 거점":"NA",
            "교통총점":"NA",
            "백화점":0,
            "아울렛몰":0,
            "대형마트":0,
            "은행":0,
            "병원":0,
            "종합병원":100,
            "공원":80,
            "혐오시설":0,
            "인프라총점":22.4,
            "초등학군":89.99,
            "중학군":37.8,
            "학군총점":48.238,
            "인구수":13.61,
            "인구증감":-2.41,
            "인구총점":8.804,
            "일자리":8.53,
            "소득수준":54.19,
            "일자리총점":22.228,
            "가치 총점":39.9195,
            "매매실거래년":20220208.0,
            "매매실거래가":26500.0,
            "전세실거래년":20211023.0,
            "전세실거래가":2000.0,
            "전세가율":7.55,
            "장기전세가율평균":71.02,
            "전세가율거품지수":63.47,
            "검색코드":113091,
            "세대수":310.0,
            "준공년월":"2018-06-29",
            "준공년차":5.0,
            "가까운역이름":"NA",
            "가까운역거리":"NA",
            "역세권여부":"NA",
            "30분이내주요거점역":"NA",
            "30분거점역이름":"NA",
            "1시간이내주요거점역":"NA",
            "1시간거점역이름":"NA",
            "3km이내백화점수":0,
            "5km이내아울렛몰수":0,
            "1km이내대형먀트수":0,
            "500m이내은행수":0,
            "500m이내병원수":0,
            "5km이내대형병원수":2,
            "500m이내공원수":1,
            "3km이내혐오시설수":0,
            "초등학교학업성취도":89.99,
            "중학교학업성취도":63.0,
            "용적률":236,
            "건폐율":27,
            "Y":37.145903,
            "X":128.22311,
            "rank":39.0,
            "area_info":"30평(101.07), 30평(101.07), 34평(112.63), 34평(114.6)",
            "last_sales":"2022-02-08,26500.0,30평(101.07)",
            "rank_history":[
                [
                    "202203",
                    39
                ],
                [
                    "202202",
                    35
                ],
                [
                    "202201",
                    37
                ]
            ],
            "rank_gap":-4
        },
        {
            "index":67,
            "아파트명":"극동",
            "투자타입":"일반",
            "전용면적(m2)":"76.8",
            "전용면적(평)":"23평",
            "법정동주소":"충청북도 제천시 신백동 208-5",
            "도로명주소":"충청북도 제천시 관전로1길 35",
            "세대수":50,
            "입주년차":0,
            "용적률점수":"--",
            "건폐율점수":"--",
            "세대당주차수":0,
            "난방방식":30,
            "공급면적":"--",
            "전용률":"--",
            "욕실수":50,
            "현관타입":100,
            "주거총점":35.5,
            "지역구공급총점":100.0,
            "역세권":"NA",
            "30분내 이동가능 거점":"NA",
            "1시간내 이동가능 거점":"NA",
            "교통총점":"NA",
            "백화점":0,
            "아울렛몰":0,
            "대형마트":80,
            "은행":0,
            "병원":10,
            "종합병원":100,
            "공원":80,
            "혐오시설":0,
            "인프라총점":35.4,
            "초등학군":90.03,
            "중학군":42.0,
            "학군총점":51.606,
            "인구수":13.61,
            "인구증감":-2.41,
            "인구총점":8.804,
            "일자리":8.53,
            "소득수준":54.19,
            "일자리총점":22.228,
            "가치 총점":39.4865,
            "매매실거래년":20220222.0,
            "매매실거래가":14300.0,
            "전세실거래년":20210812.0,
            "전세실거래가":8500.0,
            "전세가율":92.9,
            "장기전세가율평균":71.02,
            "전세가율거품지수":-21.88,
            "검색코드":6943,
            "세대수":653.0,
            "준공년월":"1993-09-17",
            "준공년차":30.0,
            "가까운역이름":"NA",
            "가까운역거리":"NA",
            "역세권여부":"NA",
            "30분이내주요거점역":"NA",
            "30분거점역이름":"NA",
            "1시간이내주요거점역":"NA",
            "1시간거점역이름":"NA",
            "3km이내백화점수":0,
            "5km이내아울렛몰수":0,
            "1km이내대형먀트수":1,
            "500m이내은행수":0,
            "500m이내병원수":4,
            "5km이내대형병원수":2,
            "500m이내공원수":1,
            "3km이내혐오시설수":0,
            "초등학교학업성취도":90.03,
            "중학교학업성취도":70.0,
            "용적률":221,
            "건폐율":23,
            "Y":37.12922,
            "X":128.22536,
            "rank":40.0,
            "area_info":"23평(76.8), 28평(93.7), 31평(104.11), 31평(104.41)",
            "last_sales":"2022-02-22,14300.0,31평(104.11)",
            "rank_history":[
                [
                    "202203",
                    40
                ],
                [
                    "202202",
                    37
                ],
                [
                    "202201",
                    39
                ]
            ],
            "rank_gap":-3
        },
        {
            "index":137,
            "아파트명":"코아루",
            "투자타입":"일반",
            "전용면적(m2)":"115.36",
            "전용면적(평)":"34평",
            "법정동주소":"충청북도 제천시 천남동 9-10",
            "도로명주소":"충청북도 제천시 원뜰로 14",
            "세대수":30,
            "입주년차":40,
            "용적률점수":"--",
            "건폐율점수":"--",
            "세대당주차수":60,
            "난방방식":30,
            "공급면적":"--",
            "전용률":"--",
            "욕실수":100,
            "현관타입":100,
            "주거총점":50.5,
            "지역구공급총점":100.0,
            "역세권":"NA",
            "30분내 이동가능 거점":"NA",
            "1시간내 이동가능 거점":"NA",
            "교통총점":"NA",
            "백화점":0,
            "아울렛몰":0,
            "대형마트":0,
            "은행":0,
            "병원":0,
            "종합병원":100,
            "공원":100,
            "혐오시설":0,
            "인프라총점":23.0,
            "초등학군":89.99,
            "중학군":40.5,
            "학군총점":50.398,
            "인구수":13.61,
            "인구증감":-2.41,
            "인구총점":8.804,
            "일자리":8.53,
            "소득수준":54.19,
            "일자리총점":22.228,
            "가치 총점":39.4745,
            "매매실거래년":20211222.0,
            "매매실거래가":44000.0,
            "전세실거래년":20220118.0,
            "전세실거래가":20000.0,
            "전세가율":95.69,
            "장기전세가율평균":71.02,
            "전세가율거품지수":-24.67,
            "검색코드":19688,
            "세대수":318.0,
            "준공년월":"2005-12-30",
            "준공년차":18.0,
            "가까운역이름":"NA",
            "가까운역거리":"NA",
            "역세권여부":"NA",
            "30분이내주요거점역":"NA",
            "30분거점역이름":"NA",
            "1시간이내주요거점역":"NA",
            "1시간거점역이름":"NA",
            "3km이내백화점수":0,
            "5km이내아울렛몰수":0,
            "1km이내대형먀트수":0,
            "500m이내은행수":1,
            "500m이내병원수":0,
            "5km이내대형병원수":2,
            "500m이내공원수":5,
            "3km이내혐오시설수":0,
            "초등학교학업성취도":89.99,
            "중학교학업성취도":67.5,
            "용적률":206,
            "건폐율":18,
            "Y":37.13109,
            "X":128.1956,
            "rank":41.0,
            "area_info":"34평(115.36), 49평(163.03), 63평(209.65)",
            "last_sales":"2021-12-22,44000.0,63평(209.65)",
            "rank_history":[
                [
                    "202203",
                    41
                ],
                [
                    "202202",
                    36
                ],
                [
                    "202201",
                    35
                ]
            ],
            "rank_gap":-5
        },
        {
            "index":166,
            "아파트명":"청전두진백로2차",
            "투자타입":"일반",
            "전용면적(m2)":"105.84",
            "전용면적(평)":"32평",
            "법정동주소":"충청북도 제천시 청전동 986",
            "도로명주소":"충청북도 제천시 청전대로 100",
            "세대수":0,
            "입주년차":0,
            "용적률점수":"--",
            "건폐율점수":"--",
            "세대당주차수":0,
            "난방방식":30,
            "공급면적":"--",
            "전용률":"--",
            "욕실수":100,
            "현관타입":100,
            "주거총점":23.0,
            "지역구공급총점":100.0,
            "역세권":"NA",
            "30분내 이동가능 거점":"NA",
            "1시간내 이동가능 거점":"NA",
            "교통총점":"NA",
            "백화점":0,
            "아울렛몰":0,
            "대형마트":80,
            "은행":0,
            "병원":60,
            "종합병원":100,
            "공원":100,
            "혐오시설":0,
            "인프라총점":41.0,
            "초등학군":90.0,
            "중학군":52.28,
            "학군총점":59.824,
            "인구수":13.61,
            "인구증감":-2.41,
            "인구총점":8.804,
            "일자리":8.53,
            "소득수준":54.19,
            "일자리총점":22.228,
            "가치 총점":39.406,
            "매매실거래년":20211210.0,
            "매매실거래가":17800.0,
            "전세실거래년":20190815.0,
            "전세실거래가":10000.0,
            "전세가율":56.18,
            "장기전세가율평균":71.02,
            "전세가율거품지수":14.84,
            "검색코드":100417,
            "세대수":180.0,
            "준공년월":"1995-05-31",
            "준공년차":28.0,
            "가까운역이름":"NA",
            "가까운역거리":"NA",
            "역세권여부":"NA",
            "30분이내주요거점역":"NA",
            "30분거점역이름":"NA",
            "1시간이내주요거점역":"NA",
            "1시간거점역이름":"NA",
            "3km이내백화점수":0,
            "5km이내아울렛몰수":0,
            "1km이내대형먀트수":1,
            "500m이내은행수":0,
            "500m이내병원수":10,
            "5km이내대형병원수":2,
            "500m이내공원수":4,
            "3km이내혐오시설수":0,
            "초등학교학업성취도":90.0,
            "중학교학업성취도":86.0,
            "용적률":226,
            "건폐율":25,
            "Y":37.148163,
            "X":128.209338,
            "rank":42.0,
            "area_info":"32평(105.84), 38평(127.54)",
            "last_sales":"2021-12-10,17800.0,32평(105.84)",
            "rank_history":[
                [
                    "202203",
                    42
                ],
                [
                    "202202",
                    38
                ],
                [
                    "202201",
                    36
                ]
            ],
            "rank_gap":-4
        },
        {
            "index":104,
            "아파트명":"장락e-편한세상",
            "투자타입":"일반",
            "전용면적(m2)":"110.84",
            "전용면적(평)":"33평",
            "법정동주소":"충청북도 제천시 장락동 678",
            "도로명주소":"충청북도 제천시 장락로 62",
            "세대수":30,
            "입주년차":40,
            "용적률점수":"--",
            "건폐율점수":"--",
            "세대당주차수":60,
            "난방방식":30,
            "공급면적":"--",
            "전용률":"--",
            "욕실수":100,
            "현관타입":100,
            "주거총점":50.5,
            "지역구공급총점":100.0,
            "역세권":"NA",
            "30분내 이동가능 거점":"NA",
            "1시간내 이동가능 거점":"NA",
            "교통총점":"NA",
            "백화점":0,
            "아울렛몰":0,
            "대형마트":0,
            "은행":0,
            "병원":0,
            "종합병원":100,
            "공원":100,
            "혐오시설":0,
            "인프라총점":23.0,
            "초등학군":89.99,
            "중학군":37.8,
            "학군총점":48.238,
            "인구수":13.61,
            "인구증감":-2.41,
            "인구총점":8.804,
            "일자리":8.53,
            "소득수준":54.19,
            "일자리총점":22.228,
            "가치 총점":38.9345,
            "매매실거래년":20211228.0,
            "매매실거래가":31800.0,
            "전세실거래년":20210311.0,
            "전세실거래가":20000.0,
            "전세가율":74.63,
            "장기전세가율평균":71.02,
            "전세가율거품지수":-3.61,
            "검색코드":23598,
            "세대수":378.0,
            "준공년월":"2007-07-26",
            "준공년차":16.0,
            "가까운역이름":"NA",
            "가까운역거리":"NA",
            "역세권여부":"NA",
            "30분이내주요거점역":"NA",
            "30분거점역이름":"NA",
            "1시간이내주요거점역":"NA",
            "1시간거점역이름":"NA",
            "3km이내백화점수":0,
            "5km이내아울렛몰수":0,
            "1km이내대형먀트수":0,
            "500m이내은행수":0,
            "500m이내병원수":0,
            "5km이내대형병원수":2,
            "500m이내공원수":3,
            "3km이내혐오시설수":0,
            "초등학교학업성취도":89.99,
            "중학교학업성취도":63.0,
            "용적률":209,
            "건폐율":21,
            "Y":37.147218,
            "X":128.223418,
            "rank":43.0,
            "area_info":"33평(110.84), 33평(111.5), 45평(151.09), 54평(179.18)",
            "last_sales":"2021-12-28,31800.0,45평(151.09)",
            "rank_history":[
                [
                    "202203",
                    43
                ],
                [
                    "202202",
                    39
                ],
                [
                    "202201",
                    38
                ]
            ],
            "rank_gap":-4
        },
        {
            "index":121,
            "아파트명":"장락주공2단지",
            "투자타입":"일반",
            "전용면적(m2)":"54.51",
            "전용면적(평)":"16평",
            "법정동주소":"충청북도 제천시 장락동 1026",
            "도로명주소":"충청북도 제천시 죽하로 48",
            "세대수":80,
            "입주년차":20,
            "용적률점수":"--",
            "건폐율점수":"--",
            "세대당주차수":0,
            "난방방식":30,
            "공급면적":"--",
            "전용률":"--",
            "욕실수":50,
            "현관타입":10,
            "주거총점":41.0,
            "지역구공급총점":100.0,
            "역세권":"NA",
            "30분내 이동가능 거점":"NA",
            "1시간내 이동가능 거점":"NA",
            "교통총점":"NA",
            "백화점":0,
            "아울렛몰":0,
            "대형마트":0,
            "은행":0,
            "병원":10,
            "종합병원":100,
            "공원":100,
            "혐오시설":0,
            "인프라총점":24.0,
            "초등학군":89.99,
            "중학군":48.96,
            "학군총점":57.166,
            "인구수":13.61,
            "인구증감":-2.41,
            "인구총점":8.804,
            "일자리":8.53,
            "소득수준":54.19,
            "일자리총점":22.228,
            "가치 총점":38.2415,
            "매매실거래년":20220112.0,
            "매매실거래가":11000.0,
            "전세실거래년":20211014.0,
            "전세실거래가":7000.0,
            "전세가율":96.55,
            "장기전세가율평균":71.02,
            "전세가율거품지수":-25.53,
            "검색코드":15355,
            "세대수":714.0,
            "준공년월":"1999-05-31",
            "준공년차":24.0,
            "가까운역이름":"NA",
            "가까운역거리":"NA",
            "역세권여부":"NA",
            "30분이내주요거점역":"NA",
            "30분거점역이름":"NA",
            "1시간이내주요거점역":"NA",
            "1시간거점역이름":"NA",
            "3km이내백화점수":0,
            "5km이내아울렛몰수":0,
            "1km이내대형먀트수":0,
            "500m이내은행수":0,
            "500m이내병원수":3,
            "5km이내대형병원수":2,
            "500m이내공원수":6,
            "3km이내혐오시설수":0,
            "초등학교학업성취도":89.99,
            "중학교학업성취도":81.6,
            "용적률":181,
            "건폐율":15,
            "Y":37.156153,
            "X":128.225572,
            "rank":44.0,
            "area_info":"16평(54.51), 20평(67.48), 23평(77.77)",
            "last_sales":"2022-01-12,11000.0,23평(77.77)",
            "rank_history":[
                [
                    "202203",
                    44
                ],
                [
                    "202202",
                    40
                ],
                [
                    "202201",
                    40
                ]
            ],
            "rank_gap":-4
        },
        {
            "index":90,
            "아파트명":"현진에버빌1차",
            "투자타입":"일반",
            "전용면적(m2)":"88.71",
            "전용면적(평)":"26평",
            "법정동주소":"충청북도 제천시 왕암동 905",
            "도로명주소":"충청북도 제천시 바이오밸리로 202",
            "세대수":30,
            "입주년차":40,
            "용적률점수":"--",
            "건폐율점수":"--",
            "세대당주차수":30,
            "난방방식":30,
            "공급면적":"--",
            "전용률":"--",
            "욕실수":100,
            "현관타입":100,
            "주거총점":46.0,
            "지역구공급총점":100.0,
            "역세권":"NA",
            "30분내 이동가능 거점":"NA",
            "1시간내 이동가능 거점":"NA",
            "교통총점":"NA",
            "백화점":0,
            "아울렛몰":0,
            "대형마트":0,
            "은행":0,
            "병원":0,
            "종합병원":80,
            "공원":100,
            "혐오시설":0,
            "인프라총점":19.0,
            "초등학군":89.98,
            "중학군":49.54,
            "학군총점":57.628,
            "인구수":13.61,
            "인구증감":-2.41,
            "인구총점":8.804,
            "일자리":8.53,
            "소득수준":54.19,
            "일자리총점":22.228,
            "가치 총점":38.107,
            "매매실거래년":20220122.0,
            "매매실거래가":13150.0,
            "전세실거래년":20211218.0,
            "전세실거래가":10500.0,
            "전세가율":79.85,
            "장기전세가율평균":71.02,
            "전세가율거품지수":-8.83,
            "검색코드":23601,
            "세대수":377.0,
            "준공년월":"2007-07-27",
            "준공년차":16.0,
            "가까운역이름":"NA",
            "가까운역거리":"NA",
            "역세권여부":"NA",
            "30분이내주요거점역":"NA",
            "30분거점역이름":"NA",
            "1시간이내주요거점역":"NA",
            "1시간거점역이름":"NA",
            "3km이내백화점수":0,
            "5km이내아울렛몰수":0,
            "1km이내대형먀트수":0,
            "500m이내은행수":0,
            "500m이내병원수":0,
            "5km이내대형병원수":1,
            "500m이내공원수":2,
            "3km이내혐오시설수":0,
            "초등학교학업성취도":89.98,
            "중학교학업성취도":82.3,
            "용적률":198,
            "건폐율":18,
            "Y":37.15552,
            "X":128.17247,
            "rank":45.0,
            "area_info":"26평(88.71), 31평(105.6), 36평(120.61), 46평(154.51)",
            "last_sales":"2022-01-22,13150.0,26평(88.71)",
            "rank_history":[
                [
                    "202203",
                    45
                ],
                [
                    "202202",
                    41
                ],
                [
                    "202201",
                    41
                ]
            ],
            "rank_gap":-4
        },
        {
            "index":129,
            "아파트명":"제천미림청솔",
            "투자타입":"일반",
            "전용면적(m2)":"67.69",
            "전용면적(평)":"20평",
            "법정동주소":"충청북도 제천시 장락동 637-7",
            "도로명주소":"충청북도 제천시 청전대로 211",
            "세대수":50,
            "입주년차":0,
            "용적률점수":"--",
            "건폐율점수":"--",
            "세대당주차수":0,
            "난방방식":30,
            "공급면적":"--",
            "전용률":"--",
            "욕실수":50,
            "현관타입":100,
            "주거총점":35.5,
            "지역구공급총점":100.0,
            "역세권":"NA",
            "30분내 이동가능 거점":"NA",
            "1시간내 이동가능 거점":"NA",
            "교통총점":"NA",
            "백화점":0,
            "아울렛몰":0,
            "대형마트":0,
            "은행":0,
            "병원":30,
            "종합병원":100,
            "공원":100,
            "혐오시설":0,
            "인프라총점":26.0,
            "초등학군":89.99,
            "중학군":48.96,
            "학군총점":57.166,
            "인구수":13.61,
            "인구증감":-2.41,
            "인구총점":8.804,
            "일자리":8.53,
            "소득수준":54.19,
            "일자리총점":22.228,
            "가치 총점":37.1165,
            "매매실거래년":20220128.0,
            "매매실거래가":4800.0,
            "전세실거래년":20220108.0,
            "전세실거래가":7000.0,
            "전세가율":145.83,
            "장기전세가율평균":71.02,
            "전세가율거품지수":-74.81,
            "검색코드":15353,
            "세대수":449.0,
            "준공년월":"1995-11-28",
            "준공년차":28.0,
            "가까운역이름":"NA",
            "가까운역거리":"NA",
            "역세권여부":"NA",
            "30분이내주요거점역":"NA",
            "30분거점역이름":"NA",
            "1시간이내주요거점역":"NA",
            "1시간거점역이름":"NA",
            "3km이내백화점수":0,
            "5km이내아울렛몰수":0,
            "1km이내대형먀트수":0,
            "500m이내은행수":0,
            "500m이내병원수":7,
            "5km이내대형병원수":2,
            "500m이내공원수":7,
            "3km이내혐오시설수":0,
            "초등학교학업성취도":89.99,
            "중학교학업성취도":81.6,
            "용적률":238,
            "건폐율":23,
            "Y":37.153044,
            "X":128.220959,
            "rank":46.0,
            "area_info":"20평(67.69)",
            "last_sales":"2022-01-28,4800.0,20평(67.69)",
            "rank_history":[
                [
                    "202203",
                    46
                ],
                [
                    "202202",
                    42
                ],
                [
                    "202201",
                    42
                ]
            ],
            "rank_gap":-4
        },
        {
            "index":17,
            "아파트명":"고암두진백로",
            "투자타입":"일반",
            "전용면적(m2)":"63.92",
            "전용면적(평)":"19평",
            "법정동주소":"충청북도 제천시 고암동 1101",
            "도로명주소":"충청북도 제천시 용두천로 384",
            "세대수":80,
            "입주년차":0,
            "용적률점수":"--",
            "건폐율점수":"--",
            "세대당주차수":0,
            "난방방식":30,
            "공급면적":"--",
            "전용률":"--",
            "욕실수":50,
            "현관타입":10,
            "주거총점":37.0,
            "지역구공급총점":100.0,
            "역세권":"NA",
            "30분내 이동가능 거점":"NA",
            "1시간내 이동가능 거점":"NA",
            "교통총점":"NA",
            "백화점":0,
            "아울렛몰":0,
            "대형마트":0,
            "은행":0,
            "병원":10,
            "종합병원":100,
            "공원":100,
            "혐오시설":0,
            "인프라총점":24.0,
            "초등학군":90.0,
            "중학군":48.96,
            "학군총점":57.168,
            "인구수":13.61,
            "인구증감":-2.41,
            "인구총점":8.804,
            "일자리":8.53,
            "소득수준":54.19,
            "일자리총점":22.228,
            "가치 총점":36.842,
            "매매실거래년":20220221.0,
            "매매실거래가":6600.0,
            "전세실거래년":20211215.0,
            "전세실거래가":4500.0,
            "전세가율":68.18,
            "장기전세가율평균":71.02,
            "전세가율거품지수":2.84,
            "검색코드":15339,
            "세대수":866.0,
            "준공년월":"1997-10-24",
            "준공년차":26.0,
            "가까운역이름":"NA",
            "가까운역거리":"NA",
            "역세권여부":"NA",
            "30분이내주요거점역":"NA",
            "30분거점역이름":"NA",
            "1시간이내주요거점역":"NA",
            "1시간거점역이름":"NA",
            "3km이내백화점수":0,
            "5km이내아울렛몰수":0,
            "1km이내대형먀트수":0,
            "500m이내은행수":0,
            "500m이내병원수":2,
            "5km이내대형병원수":2,
            "500m이내공원수":6,
            "3km이내혐오시설수":0,
            "초등학교학업성취도":90.0,
            "중학교학업성취도":81.6,
            "용적률":205,
            "건폐율":22,
            "Y":37.159339,
            "X":128.217892,
            "rank":47.0,
            "area_info":"19평(63.92), 22평(75.22), 22평(75.24), 28평(94.21), 31평(102.96)",
            "last_sales":"2022-02-21,6600.0,19평(63.92)",
            "rank_history":[
                [
                    "202203",
                    47
                ],
                [
                    "202202",
                    43
                ],
                [
                    "202201",
                    43
                ]
            ],
            "rank_gap":-4
        },
        {
            "index":62,
            "아파트명":"미당한마음",
            "투자타입":"일반",
            "전용면적(m2)":"75.63",
            "전용면적(평)":"22평",
            "법정동주소":"충청북도 제천시 봉양읍 미당리 820",
            "도로명주소":"충청북도 제천시 용두대로36길 5-12",
            "세대수":50,
            "입주년차":40,
            "용적률점수":"--",
            "건폐율점수":"--",
            "세대당주차수":0,
            "난방방식":30,
            "공급면적":"--",
            "전용률":"--",
            "욕실수":50,
            "현관타입":100,
            "주거총점":43.5,
            "지역구공급총점":100.0,
            "역세권":"NA",
            "30분내 이동가능 거점":"NA",
            "1시간내 이동가능 거점":"NA",
            "교통총점":"NA",
            "백화점":0,
            "아울렛몰":0,
            "대형마트":0,
            "은행":0,
            "병원":0,
            "종합병원":80,
            "공원":0,
            "혐오시설":0,
            "인프라총점":16.0,
            "초등학군":89.98,
            "중학군":49.54,
            "학군총점":57.628,
            "인구수":13.61,
            "인구증감":-2.41,
            "인구총점":8.804,
            "일자리":8.53,
            "소득수준":54.19,
            "일자리총점":22.228,
            "가치 총점":36.032,
            "매매실거래년":20220124.0,
            "매매실거래가":7500.0,
            "전세실거래년":20220221.0,
            "전세실거래가":4000.0,
            "전세가율":53.33,
            "장기전세가율평균":71.02,
            "전세가율거품지수":17.69,
            "검색코드":102459,
            "세대수":495.0,
            "준공년월":"2004-12-31",
            "준공년차":19.0,
            "가까운역이름":"NA",
            "가까운역거리":"NA",
            "역세권여부":"NA",
            "30분이내주요거점역":"NA",
            "30분거점역이름":"NA",
            "1시간이내주요거점역":"NA",
            "1시간거점역이름":"NA",
            "3km이내백화점수":0,
            "5km이내아울렛몰수":0,
            "1km이내대형먀트수":0,
            "500m이내은행수":0,
            "500m이내병원수":0,
            "5km이내대형병원수":1,
            "500m이내공원수":0,
            "3km이내혐오시설수":0,
            "초등학교학업성취도":89.98,
            "중학교학업성취도":82.3,
            "용적률":136,
            "건폐율":15,
            "Y":37.157884,
            "X":128.158126,
            "rank":48.0,
            "area_info":"22평(75.63)",
            "last_sales":"2022-01-24,7500.0,22평(75.63)",
            "rank_history":[
                [
                    "202203",
                    48
                ],
                [
                    "202202",
                    44
                ],
                [
                    "202201",
                    44
                ]
            ],
            "rank_gap":-4
        },
        {
            "index":124,
            "아파트명":"장락파라디아",
            "투자타입":"일반",
            "전용면적(m2)":"113.32",
            "전용면적(평)":"34평",
            "법정동주소":"충청북도 제천시 장락동 325",
            "도로명주소":"충청북도 제천시 내토로57길 19",
            "세대수":0,
            "입주년차":40,
            "용적률점수":"--",
            "건폐율점수":"--",
            "세대당주차수":60,
            "난방방식":30,
            "공급면적":"--",
            "전용률":"--",
            "욕실수":100,
            "현관타입":100,
            "주거총점":40.0,
            "지역구공급총점":100.0,
            "역세권":"NA",
            "30분내 이동가능 거점":"NA",
            "1시간내 이동가능 거점":"NA",
            "교통총점":"NA",
            "백화점":0,
            "아울렛몰":0,
            "대형마트":0,
            "은행":0,
            "병원":10,
            "종합병원":100,
            "공원":100,
            "혐오시설":0,
            "인프라총점":24.0,
            "초등학군":89.99,
            "중학군":37.8,
            "학군총점":48.238,
            "인구수":13.61,
            "인구증감":-2.41,
            "인구총점":8.804,
            "일자리":8.53,
            "소득수준":54.19,
            "일자리총점":22.228,
            "가치 총점":35.6595,
            "매매실거래년":20211225.0,
            "매매실거래가":30700.0,
            "전세실거래년":20190611.0,
            "전세실거래가":16500.0,
            "전세가율":76.74,
            "장기전세가율평균":71.02,
            "전세가율거품지수":-5.72,
            "검색코드":101182,
            "세대수":213.0,
            "준공년월":"2008-06-11",
            "준공년차":15.0,
            "가까운역이름":"NA",
            "가까운역거리":"NA",
            "역세권여부":"NA",
            "30분이내주요거점역":"NA",
            "30분거점역이름":"NA",
            "1시간이내주요거점역":"NA",
            "1시간거점역이름":"NA",
            "3km이내백화점수":0,
            "5km이내아울렛몰수":0,
            "1km이내대형먀트수":0,
            "500m이내은행수":0,
            "500m이내병원수":3,
            "5km이내대형병원수":2,
            "500m이내공원수":5,
            "3km이내혐오시설수":0,
            "초등학교학업성취도":89.99,
            "중학교학업성취도":63.0,
            "용적률":230,
            "건폐율":19,
            "Y":37.149523,
            "X":128.224292,
            "rank":49.0,
            "area_info":"34평(113.32), 36평(120.32), 48평(159.95), 50평(166.24), 53평(177.24)",
            "last_sales":"2021-12-25,30700.0,53평(177.24)",
            "rank_history":[
                [
                    "202203",
                    49
                ],
                [
                    "202202",
                    45
                ],
                [
                    "202201",
                    45
                ]
            ],
            "rank_gap":-4
        },
        {
            "index":130,
            "아파트명":"천일베리굿",
            "투자타입":"일반",
            "전용면적(m2)":"74.99",
            "전용면적(평)":"22평",
            "법정동주소":"충청북도 제천시 장락동 460",
            "도로명주소":"충청북도 제천시 내토로65길 17",
            "세대수":0,
            "입주년차":20,
            "용적률점수":"--",
            "건폐율점수":"--",
            "세대당주차수":30,
            "난방방식":30,
            "공급면적":"--",
            "전용률":"--",
            "욕실수":100,
            "현관타입":100,
            "주거총점":31.5,
            "지역구공급총점":100.0,
            "역세권":"NA",
            "30분내 이동가능 거점":"NA",
            "1시간내 이동가능 거점":"NA",
            "교통총점":"NA",
            "백화점":0,
            "아울렛몰":0,
            "대형마트":0,
            "은행":0,
            "병원":10,
            "종합병원":100,
            "공원":100,
            "혐오시설":0,
            "인프라총점":24.0,
            "초등학군":89.99,
            "중학군":48.96,
            "학군총점":57.166,
            "인구수":13.61,
            "인구증감":-2.41,
            "인구총점":8.804,
            "일자리":8.53,
            "소득수준":54.19,
            "일자리총점":22.228,
            "가치 총점":34.9165,
            "매매실거래년":20220122.0,
            "매매실거래가":18000.0,
            "전세실거래년":20210403.0,
            "전세실거래가":10000.0,
            "전세가율":81.3,
            "장기전세가율평균":71.02,
            "전세가율거품지수":-10.28,
            "검색코드":100980,
            "세대수":266.0,
            "준공년월":"2003-07-31",
            "준공년차":20.0,
            "가까운역이름":"NA",
            "가까운역거리":"NA",
            "역세권여부":"NA",
            "30분이내주요거점역":"NA",
            "30분거점역이름":"NA",
            "1시간이내주요거점역":"NA",
            "1시간거점역이름":"NA",
            "3km이내백화점수":0,
            "5km이내아울렛몰수":0,
            "1km이내대형먀트수":0,
            "500m이내은행수":0,
            "500m이내병원수":3,
            "5km이내대형병원수":2,
            "500m이내공원수":4,
            "3km이내혐오시설수":0,
            "초등학교학업성취도":89.99,
            "중학교학업성취도":81.6,
            "용적률":200,
            "건폐율":17,
            "Y":37.155986,
            "X":128.227377,
            "rank":50.0,
            "area_info":"22평(74.99), 33평(111.36)",
            "last_sales":"2022-01-22,18000.0,33평(111.36)",
            "rank_history":[
                [
                    "202203",
                    50
                ],
                [
                    "202202",
                    46
                ],
                [
                    "202201",
                    46
                ]
            ],
            "rank_gap":-4
        },
        {
            "index":108,
            "아파트명":"장락로즈웰",
            "투자타입":"일반",
            "전용면적(m2)":"107.03",
            "전용면적(평)":"32평",
            "법정동주소":"충청북도 제천시 장락동 536-4",
            "도로명주소":"충청북도 제천시 장락로 169",
            "세대수":0,
            "입주년차":20,
            "용적률점수":"--",
            "건폐율점수":"--",
            "세대당주차수":30,
            "난방방식":30,
            "공급면적":"--",
            "전용률":"--",
            "욕실수":100,
            "현관타입":100,
            "주거총점":31.5,
            "지역구공급총점":100.0,
            "역세권":"NA",
            "30분내 이동가능 거점":"NA",
            "1시간내 이동가능 거점":"NA",
            "교통총점":"NA",
            "백화점":0,
            "아울렛몰":0,
            "대형마트":0,
            "은행":0,
            "병원":0,
            "종합병원":100,
            "공원":100,
            "혐오시설":0,
            "인프라총점":23.0,
            "초등학군":89.99,
            "중학군":48.96,
            "학군총점":57.166,
            "인구수":13.61,
            "인구증감":-2.41,
            "인구총점":8.804,
            "일자리":8.53,
            "소득수준":54.19,
            "일자리총점":22.228,
            "가치 총점":34.5165,
            "매매실거래년":20220215.0,
            "매매실거래가":25000.0,
            "전세실거래년":20191103.0,
            "전세실거래가":11000.0,
            "전세가율":71.43,
            "장기전세가율평균":71.02,
            "전세가율거품지수":-0.41,
            "검색코드":15352,
            "세대수":253.0,
            "준공년월":"2001-07-10",
            "준공년차":22.0,
            "가까운역이름":"NA",
            "가까운역거리":"NA",
            "역세권여부":"NA",
            "30분이내주요거점역":"NA",
            "30분거점역이름":"NA",
            "1시간이내주요거점역":"NA",
            "1시간거점역이름":"NA",
            "3km이내백화점수":0,
            "5km이내아울렛몰수":0,
            "1km이내대형먀트수":0,
            "500m이내은행수":0,
            "500m이내병원수":1,
            "5km이내대형병원수":2,
            "500m이내공원수":2,
            "3km이내혐오시설수":0,
            "초등학교학업성취도":89.99,
            "중학교학업성취도":81.6,
            "용적률":240,
            "건폐율":21,
            "Y":37.157467,
            "X":128.226635,
            "rank":51.0,
            "area_info":"32평(107.03), 34평(114.92), 43평(143.49), 52평(174.52)",
            "last_sales":"2022-02-15,25000.0,52평(174.52)",
            "rank_history":[
                [
                    "202203",
                    51
                ],
                [
                    "202202",
                    47
                ],
                [
                    "202201",
                    46
                ]
            ],
            "rank_gap":-4
        },
        {
            "index":72,
            "아파트명":"신백덕일한마음",
            "투자타입":"일반",
            "전용면적(m2)":"72.24",
            "전용면적(평)":"21평",
            "법정동주소":"충청북도 제천시 신백동 110",
            "도로명주소":"충청북도 제천시 탑안로4길 11",
            "세대수":80,
            "입주년차":0,
            "용적률점수":"--",
            "건폐율점수":"--",
            "세대당주차수":0,
            "난방방식":30,
            "공급면적":"--",
            "전용률":"--",
            "욕실수":50,
            "현관타입":10,
            "주거총점":37.0,
            "지역구공급총점":100.0,
            "역세권":"NA",
            "30분내 이동가능 거점":"NA",
            "1시간내 이동가능 거점":"NA",
            "교통총점":"NA",
            "백화점":0,
            "아울렛몰":0,
            "대형마트":0,
            "은행":0,
            "병원":10,
            "종합병원":100,
            "공원":0,
            "혐오시설":0,
            "인프라총점":21.0,
            "초등학군":90.0,
            "중학군":42.0,
            "학군총점":51.6,
            "인구수":13.61,
            "인구증감":-2.41,
            "인구총점":8.804,
            "일자리":8.53,
            "소득수준":54.19,
            "일자리총점":22.228,
            "가치 총점":34.25,
            "매매실거래년":20220217.0,
            "매매실거래가":9700.0,
            "전세실거래년":20220121.0,
            "전세실거래가":6500.0,
            "전세가율":110.17,
            "장기전세가율평균":71.02,
            "전세가율거품지수":-39.15,
            "검색코드":15345,
            "세대수":805.0,
            "준공년월":"1996-09-13",
            "준공년차":27.0,
            "가까운역이름":"NA",
            "가까운역거리":"NA",
            "역세권여부":"NA",
            "30분이내주요거점역":"NA",
            "30분거점역이름":"NA",
            "1시간이내주요거점역":"NA",
            "1시간거점역이름":"NA",
            "3km이내백화점수":0,
            "5km이내아울렛몰수":0,
            "1km이내대형먀트수":0,
            "500m이내은행수":0,
            "500m이내병원수":4,
            "5km이내대형병원수":2,
            "500m이내공원수":0,
            "3km이내혐오시설수":0,
            "초등학교학업성취도":90.0,
            "중학교학업성취도":70.0,
            "용적률":204,
            "건폐율":22,
            "Y":37.13537,
            "X":128.22825,
            "rank":52.0,
            "area_info":"21평(72.24), 22평(75.08), 22평(75.14)",
            "last_sales":"2022-02-17,9700.0,22평(75.08)",
            "rank_history":[
                [
                    "202203",
                    52
                ],
                [
                    "202202",
                    48
                ],
                [
                    "202201",
                    47
                ]
            ],
            "rank_gap":-4
        },
        {
            "index":77,
            "아파트명":"장미",
            "투자타입":"일반",
            "전용면적(m2)":"83.28",
            "전용면적(평)":"25평",
            "법정동주소":"충청북도 제천시 신백동 205-5",
            "도로명주소":"충청북도 제천시 의병대로36길 28",
            "세대수":30,
            "입주년차":0,
            "용적률점수":"--",
            "건폐율점수":"--",
            "세대당주차수":0,
            "난방방식":30,
            "공급면적":"--",
            "전용률":"--",
            "욕실수":50,
            "현관타입":10,
            "주거총점":19.5,
            "지역구공급총점":100.0,
            "역세권":"NA",
            "30분내 이동가능 거점":"NA",
            "1시간내 이동가능 거점":"NA",
            "교통총점":"NA",
            "백화점":0,
            "아울렛몰":0,
            "대형마트":80,
            "은행":0,
            "병원":10,
            "종합병원":100,
            "공원":80,
            "혐오시설":0,
            "인프라총점":35.4,
            "초등학군":90.03,
            "중학군":42.0,
            "학군총점":51.606,
            "인구수":13.61,
            "인구증감":-2.41,
            "인구총점":8.804,
            "일자리":8.53,
            "소득수준":54.19,
            "일자리총점":22.228,
            "가치 총점":33.8865,
            "매매실거래년":20220211.0,
            "매매실거래가":7000.0,
            "전세실거래년":20211031.0,
            "전세실거래가":6000.0,
            "전세가율":85.71,
            "장기전세가율평균":71.02,
            "전세가율거품지수":-14.69,
            "검색코드":15346,
            "세대수":330.0,
            "준공년월":"1994-08-09",
            "준공년차":29.0,
            "가까운역이름":"NA",
            "가까운역거리":"NA",
            "역세권여부":"NA",
            "30분이내주요거점역":"NA",
            "30분거점역이름":"NA",
            "1시간이내주요거점역":"NA",
            "1시간거점역이름":"NA",
            "3km이내백화점수":0,
            "5km이내아울렛몰수":0,
            "1km이내대형먀트수":1,
            "500m이내은행수":0,
            "500m이내병원수":4,
            "5km이내대형병원수":2,
            "500m이내공원수":1,
            "3km이내혐오시설수":0,
            "초등학교학업성취도":90.03,
            "중학교학업성취도":70.0,
            "용적률":303,
            "건폐율":29,
            "Y":37.12984,
            "X":128.22709,
            "rank":53.0,
            "area_info":"25평(83.28)",
            "last_sales":"2022-02-11,7000.0,25평(83.28)",
            "rank_history":[
                [
                    "202203",
                    53
                ],
                [
                    "202202",
                    49
                ],
                [
                    "202201",
                    49
                ]
            ],
            "rank_gap":-4
        },
        {
            "index":27,
            "아파트명":"금용",
            "투자타입":"일반",
            "전용면적(m2)":"74.86",
            "전용면적(평)":"22평",
            "법정동주소":"충청북도 제천시 고암동 1129-1",
            "도로명주소":"충청북도 제천시 용두천로44길 5",
            "세대수":30,
            "입주년차":0,
            "용적률점수":"--",
            "건폐율점수":"--",
            "세대당주차수":0,
            "난방방식":30,
            "공급면적":"--",
            "전용률":"--",
            "욕실수":50,
            "현관타입":100,
            "주거총점":28.5,
            "지역구공급총점":100.0,
            "역세권":"NA",
            "30분내 이동가능 거점":"NA",
            "1시간내 이동가능 거점":"NA",
            "교통총점":"NA",
            "백화점":0,
            "아울렛몰":0,
            "대형마트":0,
            "은행":0,
            "병원":10,
            "종합병원":100,
            "공원":100,
            "혐오시설":0,
            "인프라총점":24.0,
            "초등학군":90.0,
            "중학군":48.96,
            "학군총점":57.168,
            "인구수":13.61,
            "인구증감":-2.41,
            "인구총점":8.804,
            "일자리":8.53,
            "소득수준":54.19,
            "일자리총점":22.228,
            "가치 총점":33.867,
            "매매실거래년":20211018.0,
            "매매실거래가":21000.0,
            "전세실거래년":20210730.0,
            "전세실거래가":1800.0,
            "전세가율":19.57,
            "장기전세가율평균":71.02,
            "전세가율거품지수":51.45,
            "검색코드":15338,
            "세대수":370.0,
            "준공년월":"1993-07-05",
            "준공년차":30.0,
            "가까운역이름":"NA",
            "가까운역거리":"NA",
            "역세권여부":"NA",
            "30분이내주요거점역":"NA",
            "30분거점역이름":"NA",
            "1시간이내주요거점역":"NA",
            "1시간거점역이름":"NA",
            "3km이내백화점수":0,
            "5km이내아울렛몰수":0,
            "1km이내대형먀트수":0,
            "500m이내은행수":0,
            "500m이내병원수":2,
            "5km이내대형병원수":2,
            "500m이내공원수":8,
            "3km이내혐오시설수":0,
            "초등학교학업성취도":90.0,
            "중학교학업성취도":81.6,
            "용적률":276,
            "건폐율":22,
            "Y":37.157655,
            "X":128.217673,
            "rank":54.0,
            "area_info":"22평(74.86), 25평(83.76), 27평(89.96), 27평(89.96), 28평(94.42), 30평(101.95), 49평(163.61)",
            "last_sales":"2021-10-18,21000.0,49평(163.61)",
            "rank_history":[
                [
                    "202203",
                    54
                ],
                [
                    "202202",
                    50
                ],
                [
                    "202201",
                    48
                ]
            ],
            "rank_gap":-4
        },
        {
            "index":150,
            "아파트명":"이형",
            "투자타입":"일반",
            "전용면적(m2)":"55.3",
            "전용면적(평)":"16평",
            "법정동주소":"충청북도 제천시 청전동 113-5",
            "도로명주소":"충청북도 제천시 청전대로14길 30",
            "세대수":0,
            "입주년차":0,
            "용적률점수":"--",
            "건폐율점수":"--",
            "세대당주차수":0,
            "난방방식":30,
            "공급면적":"--",
            "전용률":"--",
            "욕실수":50,
            "현관타입":10,
            "주거총점":9.0,
            "지역구공급총점":100.0,
            "역세권":"NA",
            "30분내 이동가능 거점":"NA",
            "1시간내 이동가능 거점":"NA",
            "교통총점":"NA",
            "백화점":0,
            "아울렛몰":0,
            "대형마트":80,
            "은행":0,
            "병원":60,
            "종합병원":100,
            "공원":100,
            "혐오시설":0,
            "인프라총점":41.0,
            "초등학군":90.0,
            "중학군":48.96,
            "학군총점":57.168,
            "인구수":13.61,
            "인구증감":-2.41,
            "인구총점":8.804,
            "일자리":8.53,
            "소득수준":54.19,
            "일자리총점":22.228,
            "가치 총점":33.842,
            "매매실거래년":20220210.0,
            "매매실거래가":5000.0,
            "전세실거래년":20211223.0,
            "전세실거래가":3000.0,
            "전세가율":60.0,
            "장기전세가율평균":71.02,
            "전세가율거품지수":11.02,
            "검색코드":118806,
            "세대수":69.0,
            "준공년월":"1997-08-12",
            "준공년차":26.0,
            "가까운역이름":"NA",
            "가까운역거리":"NA",
            "역세권여부":"NA",
            "30분이내주요거점역":"NA",
            "30분거점역이름":"NA",
            "1시간이내주요거점역":"NA",
            "1시간거점역이름":"NA",
            "3km이내백화점수":0,
            "5km이내아울렛몰수":0,
            "1km이내대형먀트수":1,
            "500m이내은행수":1,
            "500m이내병원수":19,
            "5km이내대형병원수":2,
            "500m이내공원수":3,
            "3km이내혐오시설수":0,
            "초등학교학업성취도":90.0,
            "중학교학업성취도":81.6,
            "용적률":306,
            "건폐율":53,
            "Y":37.148471,
            "X":128.213653,
            "rank":55.0,
            "area_info":"16평(55.3), 19평(64.58), 19평(64.64), 23평(76.84), 24평(82.27), 26평(88.83), 28평(94.52), 29평(97.24), 35평(116.79)",
            "last_sales":"2022-02-10,5000.0,16평(55.3)",
            "rank_history":[
                [
                    "202203",
                    55
                ],
                [
                    "202202",
                    9999
                ]
            ],
            "rank_gap":9999
        },
        {
            "index":60,
            "아파트명":"로즈웰모산힐",
            "투자타입":"일반",
            "전용면적(m2)":"86.08",
            "전용면적(평)":"26평",
            "법정동주소":"충청북도 제천시 모산동 543-9",
            "도로명주소":"충청북도 제천시 신죽하로 165",
            "세대수":0,
            "입주년차":20,
            "용적률점수":"--",
            "건폐율점수":"--",
            "세대당주차수":0,
            "난방방식":30,
            "공급면적":"--",
            "전용률":"--",
            "욕실수":100,
            "현관타입":100,
            "주거총점":27.0,
            "지역구공급총점":100.0,
            "역세권":"NA",
            "30분내 이동가능 거점":"NA",
            "1시간내 이동가능 거점":"NA",
            "교통총점":"NA",
            "백화점":0,
            "아울렛몰":0,
            "대형마트":0,
            "은행":0,
            "병원":10,
            "종합병원":100,
            "공원":100,
            "혐오시설":0,
            "인프라총점":24.0,
            "초등학군":90.0,
            "중학군":48.96,
            "학군총점":57.168,
            "인구수":13.61,
            "인구증감":-2.41,
            "인구총점":8.804,
            "일자리":8.53,
            "소득수준":54.19,
            "일자리총점":22.228,
            "가치 총점":33.342,
            "매매실거래년":20210928.0,
            "매매실거래가":19900.0,
            "전세실거래년":20161004.0,
            "전세실거래가":16000.0,
            "전세가율":91.95,
            "장기전세가율평균":71.02,
            "전세가율거품지수":-20.93,
            "검색코드":101022,
            "세대수":180.0,
            "준공년월":"2003-05-23",
            "준공년차":20.0,
            "가까운역이름":"NA",
            "가까운역거리":"NA",
            "역세권여부":"NA",
            "30분이내주요거점역":"NA",
            "30분거점역이름":"NA",
            "1시간이내주요거점역":"NA",
            "1시간거점역이름":"NA",
            "3km이내백화점수":0,
            "5km이내아울렛몰수":0,
            "1km이내대형먀트수":0,
            "500m이내은행수":0,
            "500m이내병원수":2,
            "5km이내대형병원수":2,
            "500m이내공원수":2,
            "3km이내혐오시설수":0,
            "초등학교학업성취도":90.0,
            "중학교학업성취도":81.6,
            "용적률":209,
            "건폐율":19,
            "Y":37.159917,
            "X":128.212399,
            "rank":56.0,
            "area_info":"26평(86.08), 34평(112.53)",
            "last_sales":"2021-09-28,19900.0,34평(112.53)",
            "rank_history":[
                [
                    "202203",
                    56
                ],
                [
                    "202202",
                    51
                ],
                [
                    "202201",
                    50
                ]
            ],
            "rank_gap":-5
        },
        {
            "index":75,
            "아파트명":"신백덕일한마음2차",
            "투자타입":"일반",
            "전용면적(m2)":"74.84",
            "전용면적(평)":"22평",
            "법정동주소":"충청북도 제천시 신백동 134",
            "도로명주소":"충청북도 제천시 의병대로35길 28",
            "세대수":30,
            "입주년차":20,
            "용적률점수":"--",
            "건폐율점수":"--",
            "세대당주차수":0,
            "난방방식":30,
            "공급면적":"--",
            "전용률":"--",
            "욕실수":50,
            "현관타입":100,
            "주거총점":32.5,
            "지역구공급총점":100.0,
            "역세권":"NA",
            "30분내 이동가능 거점":"NA",
            "1시간내 이동가능 거점":"NA",
            "교통총점":"NA",
            "백화점":0,
            "아울렛몰":0,
            "대형마트":0,
            "은행":0,
            "병원":10,
            "종합병원":100,
            "공원":0,
            "혐오시설":0,
            "인프라총점":21.0,
            "초등학군":90.0,
            "중학군":42.0,
            "학군총점":51.6,
            "인구수":13.61,
            "인구증감":-2.41,
            "인구총점":8.804,
            "일자리":8.53,
            "소득수준":54.19,
            "일자리총점":22.228,
            "가치 총점":32.675,
            "매매실거래년":20220216.0,
            "매매실거래가":9700.0,
            "전세실거래년":null,
            "전세실거래가":null,
            "전세가율":null,
            "장기전세가율평균":71.02,
            "전세가율거품지수":null,
            "검색코드":17218,
            "세대수":308.0,
            "준공년월":"2000-07-24",
            "준공년차":23.0,
            "가까운역이름":"NA",
            "가까운역거리":"NA",
            "역세권여부":"NA",
            "30분이내주요거점역":"NA",
            "30분거점역이름":"NA",
            "1시간이내주요거점역":"NA",
            "1시간거점역이름":"NA",
            "3km이내백화점수":0,
            "5km이내아울렛몰수":0,
            "1km이내대형먀트수":0,
            "500m이내은행수":0,
            "500m이내병원수":4,
            "5km이내대형병원수":2,
            "500m이내공원수":0,
            "3km이내혐오시설수":0,
            "초등학교학업성취도":90.0,
            "중학교학업성취도":70.0,
            "용적률":190,
            "건폐율":21,
            "Y":37.13461,
            "X":128.2271,
            "rank":57.0,
            "area_info":"22평(74.84), 22평(75.38)",
            "last_sales":"2022-02-16,9700.0,22평(75.38)",
            "rank_history":[
                [
                    "202203",
                    57
                ],
                [
                    "202202",
                    52
                ],
                [
                    "202201",
                    51
                ]
            ],
            "rank_gap":-5
        },
        {
            "index":16,
            "아파트명":"고암두진4차",
            "투자타입":"일반",
            "전용면적(m2)":"50.92",
            "전용면적(평)":"15평",
            "법정동주소":"충청북도 제천시 고암동 1142",
            "도로명주소":"충청북도 제천시 용두천로 378",
            "세대수":0,
            "입주년차":20,
            "용적률점수":"--",
            "건폐율점수":"--",
            "세대당주차수":0,
            "난방방식":30,
            "공급면적":"--",
            "전용률":"--",
            "욕실수":50,
            "현관타입":100,
            "주거총점":22.0,
            "지역구공급총점":100.0,
            "역세권":"NA",
            "30분내 이동가능 거점":"NA",
            "1시간내 이동가능 거점":"NA",
            "교통총점":"NA",
            "백화점":0,
            "아울렛몰":0,
            "대형마트":0,
            "은행":0,
            "병원":10,
            "종합병원":100,
            "공원":100,
            "혐오시설":0,
            "인프라총점":24.0,
            "초등학군":90.0,
            "중학군":48.96,
            "학군총점":57.168,
            "인구수":13.61,
            "인구증감":-2.41,
            "인구총점":8.804,
            "일자리":8.53,
            "소득수준":54.19,
            "일자리총점":22.228,
            "가치 총점":31.592,
            "매매실거래년":20220221.0,
            "매매실거래가":4000.0,
            "전세실거래년":20220217.0,
            "전세실거래가":3500.0,
            "전세가율":87.5,
            "장기전세가율평균":71.02,
            "전세가율거품지수":-16.48,
            "검색코드":109066,
            "세대수":237.0,
            "준공년월":"2000-05-31",
            "준공년차":23.0,
            "가까운역이름":"NA",
            "가까운역거리":"NA",
            "역세권여부":"NA",
            "30분이내주요거점역":"NA",
            "30분거점역이름":"NA",
            "1시간이내주요거점역":"NA",
            "1시간거점역이름":"NA",
            "3km이내백화점수":0,
            "5km이내아울렛몰수":0,
            "1km이내대형먀트수":0,
            "500m이내은행수":0,
            "500m이내병원수":2,
            "5km이내대형병원수":2,
            "500m이내공원수":6,
            "3km이내혐오시설수":0,
            "초등학교학업성취도":90.0,
            "중학교학업성취도":81.6,
            "용적률":346,
            "건폐율":41,
            "Y":37.158421,
            "X":128.217158,
            "rank":58.0,
            "area_info":"15평(50.92)",
            "last_sales":"2022-02-21,4000.0,15평(50.92)",
            "rank_history":[
                [
                    "202203",
                    58
                ],
                [
                    "202202",
                    53
                ],
                [
                    "202201",
                    52
                ]
            ],
            "rank_gap":-5
        },
        {
            "index":49,
            "아파트명":"두진",
            "투자타입":"일반",
            "전용면적(m2)":"78.86",
            "전용면적(평)":"23평",
            "법정동주소":"충청북도 제천시 교동 1-1",
            "도로명주소":"충청북도 제천시 독순로23길 19",
            "세대수":30,
            "입주년차":0,
            "용적률점수":"--",
            "건폐율점수":"--",
            "세대당주차수":0,
            "난방방식":30,
            "공급면적":"--",
            "전용률":"--",
            "욕실수":50,
            "현관타입":100,
            "주거총점":28.5,
            "지역구공급총점":100.0,
            "역세권":"NA",
            "30분내 이동가능 거점":"NA",
            "1시간내 이동가능 거점":"NA",
            "교통총점":"NA",
            "백화점":0,
            "아울렛몰":0,
            "대형마트":0,
            "은행":0,
            "병원":0,
            "종합병원":100,
            "공원":100,
            "혐오시설":0,
            "인프라총점":23.0,
            "초등학군":90.02,
            "중학군":37.8,
            "학군총점":48.244,
            "인구수":13.61,
            "인구증감":-2.41,
            "인구총점":8.804,
            "일자리":8.53,
            "소득수준":54.19,
            "일자리총점":22.228,
            "가치 총점":31.236,
            "매매실거래년":20220113.0,
            "매매실거래가":11500.0,
            "전세실거래년":20210702.0,
            "전세실거래가":7000.0,
            "전세가율":98.59,
            "장기전세가율평균":71.02,
            "전세가율거품지수":-27.57,
            "검색코드":6938,
            "세대수":363.0,
            "준공년월":"1994-11-30",
            "준공년차":29.0,
            "가까운역이름":"NA",
            "가까운역거리":"NA",
            "역세권여부":"NA",
            "30분이내주요거점역":"NA",
            "30분거점역이름":"NA",
            "1시간이내주요거점역":"NA",
            "1시간거점역이름":"NA",
            "3km이내백화점수":0,
            "5km이내아울렛몰수":0,
            "1km이내대형먀트수":0,
            "500m이내은행수":0,
            "500m이내병원수":1,
            "5km이내대형병원수":2,
            "500m이내공원수":2,
            "3km이내혐오시설수":0,
            "초등학교학업성취도":90.02,
            "중학교학업성취도":63.0,
            "용적률":264,
            "건폐율":23,
            "Y":37.138276,
            "X":128.22015,
            "rank":59.0,
            "area_info":"23평(78.86), 31평(103.54)",
            "last_sales":"2022-01-13,11500.0,31평(103.54)",
            "rank_history":[
                [
                    "202203",
                    59
                ],
                [
                    "202202",
                    54
                ],
                [
                    "202201",
                    54
                ]
            ],
            "rank_gap":-5
        },
        {
            "index":144,
            "아파트명":"성우한솔",
            "투자타입":"일반",
            "전용면적(m2)":"78.36",
            "전용면적(평)":"23평",
            "법정동주소":"충청북도 제천시 청전동 1069",
            "도로명주소":"충청북도 제천시 용두천로 257",
            "세대수":0,
            "입주년차":0,
            "용적률점수":"--",
            "건폐율점수":"--",
            "세대당주차수":0,
            "난방방식":30,
            "공급면적":"--",
            "전용률":"--",
            "욕실수":50,
            "현관타입":100,
            "주거총점":18.0,
            "지역구공급총점":100.0,
            "역세권":"NA",
            "30분내 이동가능 거점":"NA",
            "1시간내 이동가능 거점":"NA",
            "교통총점":"NA",
            "백화점":0,
            "아울렛몰":0,
            "대형마트":0,
            "은행":0,
            "병원":30,
            "종합병원":100,
            "공원":100,
            "혐오시설":0,
            "인프라총점":26.0,
            "초등학군":90.0,
            "중학군":48.96,
            "학군총점":57.168,
            "인구수":13.61,
            "인구증감":-2.41,
            "인구총점":8.804,
            "일자리":8.53,
            "소득수준":54.19,
            "일자리총점":22.228,
            "가치 총점":30.992,
            "매매실거래년":20211110.0,
            "매매실거래가":11700.0,
            "전세실거래년":20191107.0,
            "전세실거래가":7000.0,
            "전세가율":59.83,
            "장기전세가율평균":71.02,
            "전세가율거품지수":11.19,
            "검색코드":6950,
            "세대수":148.0,
            "준공년월":"1995-05-30",
            "준공년차":28.0,
            "가까운역이름":"NA",
            "가까운역거리":"NA",
            "역세권여부":"NA",
            "30분이내주요거점역":"NA",
            "30분거점역이름":"NA",
            "1시간이내주요거점역":"NA",
            "1시간거점역이름":"NA",
            "3km이내백화점수":0,
            "5km이내아울렛몰수":0,
            "1km이내대형먀트수":0,
            "500m이내은행수":1,
            "500m이내병원수":9,
            "5km이내대형병원수":2,
            "500m이내공원수":4,
            "3km이내혐오시설수":0,
            "초등학교학업성취도":90.0,
            "중학교학업성취도":81.6,
            "용적률":254,
            "건폐율":22,
            "Y":37.149208,
            "X":128.219518,
            "rank":60.0,
            "area_info":"23평(78.36), 26평(87.4), 31평(104.01)",
            "last_sales":"2021-11-10,11700.0,23평(78.36)",
            "rank_history":[
                [
                    "202203",
                    60
                ],
                [
                    "202202",
                    55
                ],
                [
                    "202201",
                    53
                ]
            ],
            "rank_gap":-5
        },
        {
            "index":210,
            "아파트명":"무궁화",
            "투자타입":"일반",
            "전용면적(m2)":"84.21",
            "전용면적(평)":"25평",
            "법정동주소":"충청북도 제천시 화산동 906",
            "도로명주소":"충청북도 제천시 내토로40나길 23",
            "세대수":0,
            "입주년차":0,
            "용적률점수":"--",
            "건폐율점수":"--",
            "세대당주차수":0,
            "난방방식":30,
            "공급면적":"--",
            "전용률":"--",
            "욕실수":50,
            "현관타입":10,
            "주거총점":9.0,
            "지역구공급총점":100.0,
            "역세권":"NA",
            "30분내 이동가능 거점":"NA",
            "1시간내 이동가능 거점":"NA",
            "교통총점":"NA",
            "백화점":0,
            "아울렛몰":0,
            "대형마트":80,
            "은행":0,
            "병원":0,
            "종합병원":100,
            "공원":100,
            "혐오시설":0,
            "인프라총점":35.0,
            "초등학군":89.97,
            "중학군":40.5,
            "학군총점":50.394,
            "인구수":13.61,
            "인구증감":-2.41,
            "인구총점":8.804,
            "일자리":8.53,
            "소득수준":54.19,
            "일자리총점":22.228,
            "가치 총점":29.7485,
            "매매실거래년":20220209.0,
            "매매실거래가":6400.0,
            "전세실거래년":20171027.0,
            "전세실거래가":5000.0,
            "전세가율":78.12,
            "장기전세가율평균":71.02,
            "전세가율거품지수":-7.1,
            "검색코드":6983,
            "세대수":95.0,
            "준공년월":"1994-02-03",
            "준공년차":29.0,
            "가까운역이름":"NA",
            "가까운역거리":"NA",
            "역세권여부":"NA",
            "30분이내주요거점역":"NA",
            "30분거점역이름":"NA",
            "1시간이내주요거점역":"NA",
            "1시간거점역이름":"NA",
            "3km이내백화점수":0,
            "5km이내아울렛몰수":0,
            "1km이내대형먀트수":1,
            "500m이내은행수":0,
            "500m이내병원수":0,
            "5km이내대형병원수":2,
            "500m이내공원수":3,
            "3km이내혐오시설수":0,
            "초등학교학업성취도":89.97,
            "중학교학업성취도":67.5,
            "용적률":275,
            "건폐율":35,
            "Y":37.126409,
            "X":128.214264,
            "rank":61.0,
            "area_info":"25평(84.21), 31평(105.04)",
            "last_sales":"2022-02-09,6400.0,25평(84.21)",
            "rank_history":[
                [
                    "202203",
                    61
                ],
                [
                    "202202",
                    9999
                ]
            ],
            "rank_gap":9999
        },
        {
            "index":57,
            "아파트명":"일동",
            "투자타입":"일반",
            "전용면적(m2)":"80.93",
            "전용면적(평)":"24평",
            "법정동주소":"충청북도 제천시 동현동 109",
            "도로명주소":"충청북도 제천시 의병대로 182",
            "세대수":0,
            "입주년차":0,
            "용적률점수":"--",
            "건폐율점수":"--",
            "세대당주차수":0,
            "난방방식":30,
            "공급면적":"--",
            "전용률":"--",
            "욕실수":50,
            "현관타입":100,
            "주거총점":18.0,
            "지역구공급총점":100.0,
            "역세권":"NA",
            "30분내 이동가능 거점":"NA",
            "1시간내 이동가능 거점":"NA",
            "교통총점":"NA",
            "백화점":0,
            "아울렛몰":0,
            "대형마트":0,
            "은행":0,
            "병원":10,
            "종합병원":100,
            "공원":100,
            "혐오시설":0,
            "인프라총점":24.0,
            "초등학군":90.02,
            "중학군":42.0,
            "학군총점":51.604,
            "인구수":13.61,
            "인구증감":-2.41,
            "인구총점":8.804,
            "일자리":8.53,
            "소득수준":54.19,
            "일자리총점":22.228,
            "가치 총점":28.801,
            "매매실거래년":20211227.0,
            "매매실거래가":7850.0,
            "전세실거래년":20220126.0,
            "전세실거래가":5000.0,
            "전세가율":63.69,
            "장기전세가율평균":71.02,
            "전세가율거품지수":7.33,
            "검색코드":10076,
            "세대수":120.0,
            "준공년월":"1997-09-22",
            "준공년차":26.0,
            "가까운역이름":"NA",
            "가까운역거리":"NA",
            "역세권여부":"NA",
            "30분이내주요거점역":"NA",
            "30분거점역이름":"NA",
            "1시간이내주요거점역":"NA",
            "1시간거점역이름":"NA",
            "3km이내백화점수":0,
            "5km이내아울렛몰수":0,
            "1km이내대형먀트수":0,
            "500m이내은행수":0,
            "500m이내병원수":3,
            "5km이내대형병원수":2,
            "500m이내공원수":4,
            "3km이내혐오시설수":0,
            "초등학교학업성취도":90.02,
            "중학교학업성취도":70.0,
            "용적률":0,
            "건폐율":0,
            "Y":37.13308,
            "X":128.2206,
            "rank":62.0,
            "area_info":"24평(80.93)",
            "last_sales":"2021-12-27,7850.0,24평(80.93)",
            "rank_history":[
                [
                    "202203",
                    62
                ],
                [
                    "202202",
                    56
                ],
                [
                    "202201",
                    55
                ]
            ],
            "rank_gap":-6
        },
        {
            "index":140,
            "아파트명":"덕일",
            "투자타입":"재건축",
            "전용면적(m2)":"109.13",
            "전용면적(평)":"33평",
            "법정동주소":"충청북도 제천시 청전동 626",
            "도로명주소":"충청북도 제천시 용두천로 313",
            "세대수":0,
            "입주년차":"--",
            "용적률점수":0,
            "건폐율점수":0,
            "세대당주차수":"--",
            "난방방식":"--",
            "공급면적":90,
            "전용률":60,
            "욕실수":"--",
            "현관타입":"--",
            "주거총점":7.5,
            "지역구공급총점":100.0,
            "역세권":"NA",
            "30분내 이동가능 거점":"NA",
            "1시간내 이동가능 거점":"NA",
            "교통총점":"NA",
            "백화점":0,
            "아울렛몰":0,
            "대형마트":0,
            "은행":0,
            "병원":60,
            "종합병원":100,
            "공원":100,
            "혐오시설":0,
            "인프라총점":29.0,
            "초등학군":90.0,
            "중학군":48.96,
            "학군총점":57.168,
            "인구수":13.61,
            "인구증감":-2.41,
            "인구총점":8.804,
            "일자리":8.53,
            "소득수준":54.19,
            "일자리총점":22.228,
            "가치 총점":28.517,
            "매매실거래년":20220129.0,
            "매매실거래가":13800.0,
            "전세실거래년":20210930.0,
            "전세실거래가":12000.0,
            "전세가율":87.59,
            "장기전세가율평균":71.02,
            "전세가율거품지수":-16.57,
            "검색코드":6957,
            "세대수":275.0,
            "준공년월":"1991-01-15",
            "준공년차":32.0,
            "가까운역이름":"NA",
            "가까운역거리":"NA",
            "역세권여부":"NA",
            "30분이내주요거점역":"NA",
            "30분거점역이름":"NA",
            "1시간이내주요거점역":"NA",
            "1시간거점역이름":"NA",
            "3km이내백화점수":0,
            "5km이내아울렛몰수":0,
            "1km이내대형먀트수":0,
            "500m이내은행수":1,
            "500m이내병원수":10,
            "5km이내대형병원수":2,
            "500m이내공원수":6,
            "3km이내혐오시설수":0,
            "초등학교학업성취도":90.0,
            "중학교학업성취도":81.6,
            "용적률":0,
            "건폐율":0,
            "Y":37.153069,
            "X":128.21694,
            "rank":63.0,
            "area_info":"33평(109.13), 33평(109.9), 57평(191.26)",
            "last_sales":"2022-01-29,13800.0,33평(109.9)",
            "rank_history":[
                [
                    "202203",
                    63
                ],
                [
                    "202202",
                    57
                ],
                [
                    "202201",
                    56
                ]
            ],
            "rank_gap":-6
        },
        {
            "index":212,
            "아파트명":"삼익",
            "투자타입":"일반",
            "전용면적(m2)":"73.59",
            "전용면적(평)":"22평",
            "법정동주소":"충청북도 제천시 화산동 237-19",
            "도로명주소":"충청북도 제천시 의림대로2길 9",
            "세대수":0,
            "입주년차":0,
            "용적률점수":"--",
            "건폐율점수":"--",
            "세대당주차수":0,
            "난방방식":80,
            "공급면적":"--",
            "전용률":"--",
            "욕실수":50,
            "현관타입":10,
            "주거총점":14.0,
            "지역구공급총점":100.0,
            "역세권":"NA",
            "30분내 이동가능 거점":"NA",
            "1시간내 이동가능 거점":"NA",
            "교통총점":"NA",
            "백화점":0,
            "아울렛몰":0,
            "대형마트":0,
            "은행":0,
            "병원":10,
            "종합병원":100,
            "공원":100,
            "혐오시설":0,
            "인프라총점":24.0,
            "초등학군":89.99,
            "중학군":40.5,
            "학군총점":50.398,
            "인구수":13.61,
            "인구증감":-2.41,
            "인구총점":8.804,
            "일자리":8.53,
            "소득수준":54.19,
            "일자리총점":22.228,
            "가치 총점":27.0995,
            "매매실거래년":20211201.0,
            "매매실거래가":6700.0,
            "전세실거래년":20180427.0,
            "전세실거래가":5500.0,
            "전세가율":114.58,
            "장기전세가율평균":71.02,
            "전세가율거품지수":-43.56,
            "검색코드":6986,
            "세대수":110.0,
            "준공년월":"1994-01-03",
            "준공년차":29.0,
            "가까운역이름":"NA",
            "가까운역거리":"NA",
            "역세권여부":"NA",
            "30분이내주요거점역":"NA",
            "30분거점역이름":"NA",
            "1시간이내주요거점역":"NA",
            "1시간거점역이름":"NA",
            "3km이내백화점수":0,
            "5km이내아울렛몰수":0,
            "1km이내대형먀트수":0,
            "500m이내은행수":1,
            "500m이내병원수":2,
            "5km이내대형병원수":2,
            "500m이내공원수":2,
            "3km이내혐오시설수":0,
            "초등학교학업성취도":89.99,
            "중학교학업성취도":67.5,
            "용적률":374,
            "건폐율":70,
            "Y":37.128918,
            "X":128.207,
            "rank":64.0,
            "area_info":"22평(73.59), 23평(76.9)",
            "last_sales":"2021-12-01,6700.0,23평(76.9)",
            "rank_history":[
                [
                    "202203",
                    64
                ],
                [
                    "202202",
                    58
                ],
                [
                    "202201",
                    57
                ]
            ],
            "rank_gap":-6
        },
        {
            "index":159,
            "아파트명":"제천현대",
            "투자타입":"재건축",
            "전용면적(m2)":"89.13",
            "전용면적(평)":"26평",
            "법정동주소":"충청북도 제천시 청전동 326-5",
            "도로명주소":"충청북도 제천시 의림대로 348",
            "세대수":0,
            "입주년차":"--",
            "용적률점수":0,
            "건폐율점수":0,
            "세대당주차수":"--",
            "난방방식":"--",
            "공급면적":70,
            "전용률":80,
            "욕실수":"--",
            "현관타입":"--",
            "주거총점":7.5,
            "지역구공급총점":100.0,
            "역세권":"NA",
            "30분내 이동가능 거점":"NA",
            "1시간내 이동가능 거점":"NA",
            "교통총점":"NA",
            "백화점":0,
            "아울렛몰":0,
            "대형마트":0,
            "은행":0,
            "병원":10,
            "종합병원":100,
            "공원":100,
            "혐오시설":0,
            "인프라총점":24.0,
            "초등학군":90.0,
            "중학군":48.96,
            "학군총점":57.168,
            "인구수":13.61,
            "인구증감":-2.41,
            "인구총점":8.804,
            "일자리":8.53,
            "소득수준":54.19,
            "일자리총점":22.228,
            "가치 총점":26.517,
            "매매실거래년":20210721.0,
            "매매실거래가":12400.0,
            "전세실거래년":20191116.0,
            "전세실거래가":7000.0,
            "전세가율":77.78,
            "장기전세가율평균":71.02,
            "전세가율거품지수":-6.76,
            "검색코드":15362,
            "세대수":205.0,
            "준공년월":"1990-10-22",
            "준공년차":33.0,
            "가까운역이름":"NA",
            "가까운역거리":"NA",
            "역세권여부":"NA",
            "30분이내주요거점역":"NA",
            "30분거점역이름":"NA",
            "1시간이내주요거점역":"NA",
            "1시간거점역이름":"NA",
            "3km이내백화점수":0,
            "5km이내아울렛몰수":0,
            "1km이내대형먀트수":0,
            "500m이내은행수":0,
            "500m이내병원수":2,
            "5km이내대형병원수":2,
            "500m이내공원수":3,
            "3km이내혐오시설수":0,
            "초등학교학업성취도":90.0,
            "중학교학업성취도":81.6,
            "용적률":241,
            "건폐율":52,
            "Y":37.1581,
            "X":128.21216,
            "rank":65.0,
            "area_info":"26평(89.13), 31평(103.68), 31평(104.79)",
            "last_sales":"2021-07-21,12400.0,31평(104.79)",
            "rank_history":[
                [
                    "202203",
                    65
                ],
                [
                    "202202",
                    59
                ],
                [
                    "202201",
                    58
                ]
            ],
            "rank_gap":-6
        },
        {
            "index":63,
            "아파트명":"중앙",
            "투자타입":"일반",
            "전용면적(m2)":"66.54",
            "전용면적(평)":"20평",
            "법정동주소":"충청북도 제천시 봉양읍 주포리 235",
            "도로명주소":"충청북도 제천시 제원로2길 7",
            "세대수":50,
            "입주년차":0,
            "용적률점수":"--",
            "건폐율점수":"--",
            "세대당주차수":0,
            "난방방식":30,
            "공급면적":"--",
            "전용률":"--",
            "욕실수":50,
            "현관타입":10,
            "주거총점":26.5,
            "지역구공급총점":100.0,
            "역세권":"NA",
            "30분내 이동가능 거점":"NA",
            "1시간내 이동가능 거점":"NA",
            "교통총점":"NA",
            "백화점":0,
            "아울렛몰":0,
            "대형마트":80,
            "은행":0,
            "병원":0,
            "종합병원":0,
            "공원":80,
            "혐오시설":0,
            "인프라총점":14.4,
            "초등학군":89.94,
            "중학군":22.68,
            "학군총점":36.132,
            "인구수":13.61,
            "인구증감":-2.41,
            "인구총점":8.804,
            "일자리":8.53,
            "소득수준":54.19,
            "일자리총점":22.228,
            "가치 총점":24.068,
            "매매실거래년":20211218.0,
            "매매실거래가":6500.0,
            "전세실거래년":20210821.0,
            "전세실거래가":3000.0,
            "전세가율":66.67,
            "장기전세가율평균":71.02,
            "전세가율거품지수":4.35,
            "검색코드":12044,
            "세대수":447.0,
            "준공년월":"1994-02-07",
            "준공년차":29.0,
            "가까운역이름":"NA",
            "가까운역거리":"NA",
            "역세권여부":"NA",
            "30분이내주요거점역":"NA",
            "30분거점역이름":"NA",
            "1시간이내주요거점역":"NA",
            "1시간거점역이름":"NA",
            "3km이내백화점수":0,
            "5km이내아울렛몰수":0,
            "1km이내대형먀트수":1,
            "500m이내은행수":0,
            "500m이내병원수":1,
            "5km이내대형병원수":0,
            "500m이내공원수":1,
            "3km이내혐오시설수":0,
            "초등학교학업성취도":89.94,
            "중학교학업성취도":37.8,
            "용적률":226,
            "건폐율":18,
            "Y":37.133014,
            "X":128.126853,
            "rank":66.0,
            "area_info":"20평(66.54), 22평(73.97), 23평(76.27), 30평(102.41)",
            "last_sales":"2021-12-18,6500.0,30평(102.41)",
            "rank_history":[
                [
                    "202203",
                    66
                ],
                [
                    "202202",
                    60
                ],
                [
                    "202201",
                    59
                ]
            ],
            "rank_gap":-6
        }
    ]
}